3524 5460
8 491 10 536 l

508 305 659 384 svntto
675 309 731 380 tlt
781 308 988 384 CANUTUS
1007 307 1049 382 V.
1305 307 1377 386 701
1481 335 1484 343 ’

139 514 414 608 mutuamur
431 517 501 597 sibi
512 515 667 616 diffugio
684 515 979 610 consulentibus,
1001 539 1107 594 mane
1121 541 1275 596 vacnum
1288 543 1437 620 propu-

140 639 340 738 gnstnribus
356 641 423 714 iter
433 639 537 715 nullo
550 641 696 742 negotio
709 641 901 738 supererit.
954 638 1156 720 Werendcs
1172 639 1314 734 deinde,
1341 647 1437 719 resi-
1478 697 1480 703 ,

8 775 10 868 ξ
139 760 237 840 nundi
255 761 389 839 fidncia
413 761 591 855 defectos,
627 769 663 837 in
682 761 791 838 fidem
819 764 963 861 occepit
1022 766 1133 862 igitur
1155 789 1236 838 eum
1262 763 1437 864 pleraque

8 901 9 972 ἕ
138 883 195 961 sibi
211 907 255 958 ex
275 885 459 962 roluntnta
472 884 694 986 respondere
708 901 949 984 cognosceret,
973 883 1136 960 felicibus
1150 883 1305 964 fortune
1319 911 1436 986 expe-

8 1003 10 1072 }
137 1007 283 1082 timentis
306 1024 455 1088 erectus
488 1013 524 1080 in
558 1031 703 1085 ornnem
728 1031 767 1090 se
784 1007 944 1088 ,Suetium
967 1005 1151 1084 effundere
1175 1010 1306 1084 statuit.
1365 1007 1437 1085 Sed

8 1125 10 1206 ζ
137 1130 284 1206 nimietas
316 1130 459 1231 frigoris
489 1151 741 1231 equorumque
771 1153 814 1204 ex
843 1134 1032 1230 asperitate
1052 1131 1219 1206 itinerum
1241 1131 1437 1230 inopiaque

134 1251 253 1350 ptbnli
266 1269 389 1340 coorta
403 1251 567 1328 debilitas
578 1277 793 1352 processum
809 1253 1000 1352 negabant.
1051 1257 1166 1346 nune,
1183 1257 1244 1351 qni
1263 1275 1307 1329 ex
1328 1253 1437 1350 equi-

135 1374 222 1449 tibus
239 1373 287 1450 utl
310 1373 446 1473 pedites
461 1374 595 1454 redacti
610 1376 764 1466 suerent,
788 1374 1068 1452 commilitonum
1079 1401 1200 1474 equos
1221 1379 1296 1450 nnis
1311 1376 1437 1451 oneri-

134 1495 200 1574 ltns
216 1501 418 1587 lustravere,
434 1521 571 1596 cosque
584 1523 660 1598 penu
683 1524 722 1576 se
747 1515 896 1574 onustos
916 1515 1071 1598 agentes,
1094 1501 1218 1600 ignaro
1241 1522 1340 1598 rege,
1363 1496 1438 1572 do-

133 1643 227 1695 mum
239 1617 498 1698 dilabebantur.
523 1624 592 1715 Qui
604 1619 751 1695 tandem
758 1619 929 1697 furtivum
943 1619 1074 1696 militie
1089 1619 1285 1698 discessum
1302 1645 1437 1720 exper-

133 1758 203 1834 tus,
225 1741 478 1820 clandestinam
493 1745 572 1843 ejus
598 1741 819 1842 elapsionem
844 1741 927 1819 data
946 1742 1144 1819 revertendi
1171 1743 1311 1822 licentia
1334 1769 1439 1846 prae-
1574 1783 1577 1790 ,

132 1867 256 1958 currit,
290 1869 481 1965 stati-que
499 1863 764 1963 compendiaria
790 1863 837 1940 ad
863 1869 1025 1940 scaniam
1045 1869 1104 1942 via
1125 1891 1272 1942 cursum
1293 1867 1437 1942 reflexit.

130 1991 237 2089 lgittrr
256 1986 407 2064 Carolus
431 2013 515 2062 cum
538 1991 698 2062 Canuto¹
724 1988 832 2063 tratre
857 2003 1084 2085 receptorum
1114 1987 1281 2068 obsidum
1306 1987 1438 2068 fiducia

129 2135 229 2210 spem
244 2109 367 2187 tibere
385 2125 544 2209 ortoque
557 2113 768 2191 reversionis
782 2135 1016 2211 praesumens,
1033 2135 1118 2186 cum
1134 2109 1331 2190 Hallandim
1344 2137 1438 2212 pro-

129 2231 324 2332 pemodum
340 2231 504 2309 confiniis
522 2243 745 2324 accessisset,
759 2259 781 2308 n
797 2233 1070 2325 Finnensibus²,
1084 2234 1228 2310 insidias
1244 2233 1437 2335 hospitali-

129 2372 199 2432 tute
219 2353 433 2456 tegentibus,
449 2358 615 2430 convivio
632 2373 816 2456 exceptus,
842 2357 1016 2454 majorem
1036 2359 1149 2432 noctis
1174 2374 1315 2456 purtem
1332 2383 1438 2434 oum·

127 2476 402 2556 incusationibus
427 2483 579 2555 exnerit
655 2479 878 2554 Temuleutin
900 2479 1018 2577 pavis
1045 2483 1080 2552 in
1103 2479 1275 2556 horreum
1296 2505 1439 2562 eunoun

126 2624 284 2719 vacnum
315 2605 447 2698 pariter
468 2623 509 2674 se
530 2615 565 2673 et
579 2603 727 2678 comites
748 2599 941 2677 sobrietate
965 2617 1090 2676 exutos
1111 2603 1275 2678 cubitum
1292 2610 1438 2704 recepit.

105 2691 269 2821 ‘Quibus
284 2723 409 2798 altiore
432 2747 560 2798 somno
579 2724 815 2822 spirantibus,
839 2726 1043 2816 Finnenses‚
1065 2723 1153 2800 foris
1170 2725 1294 2801 valnas
1316 2725 1438 2802 obici

124 2849 199 2924 bns
216 2848 483 2937 obserantes,
471 2849 543 2946 rgui
559 2861 725 2946 sparsere·
740 2865 880 2923 tectum.
937 2851 1090 2946 Jamque
1104 2849 1218 2946 major
1246 2851 1336 2950 ejus
1342 2875 1437 2924 con·-

122 2971 340 3072 flngrnnerat
355 2993 440 3068 pars
462 2973 637 3070 priusque
652 2970 748 3046 aedes
764 2975 799 3043 iu
819 2973 974 3044 cinerem
996 2994 1114 3068 prope
1138 2969 1296 3071 collapsa
1314 2971 1438 3066 iuerat,

124 3121 240 3194 quum
261 3115 405 3192 pressos
428 3116 528 3168 mern
551 3117 677 3169 sensus
698 3095 751 3169 vis
775 3091 912 3168 ardens
939 3095 1193 3194 expungeret³.
1252 3098 1437 3170 Postremo

122 3218 297 3318 propiore
309 3215 536 3290 flammarum
553 3217 695 3292 terrore
711 3221 885 3314 correpti,
914 3213 1002 3290 dum
1020 3215 1106 3290 nudi
1127 3215 1237 3291 valvis
1251 3241 1440 3316 erumpere

123 3341 293 3439 gestiunt,
319 3337 516 3414 lorinsecus
535 3363 597 3412 eas
614 3337 778 3416 occlusas
793 3354 1022 3438 cognoscunt
1074 3339 1234 3440 Urgebat
1255 3341 1349 3415 intus
1375 3343 1438 3414 iu-

122 3459 306 3552 cendinm,
331 3459 418 3536 ioris
430 3461 546 3538 ,hostis
567 3460 708 3536 vetabat
724 3485 922 3560 egressum.
982 3459 1053 3536 Sed
1072 3487 1232 3560 praescus
1246 3487 1356 3562 poena
1371 3488 1437 3538 se·-

121 3587 271 3684 quentis
287 3600 425 3660 metum
444 3582 597 3670 levabat,
620 3583 848 3681 instantisque
864 3583 948 3656 muli
963 3585 1165 3700 perieulum
1188 3586 1311 3662 futuro
1326 3587 1437 3662 tristi-

121 3731 168 3782 us
180 3707 392 3784 ducebamur.
444 3709 526 3800 Quo
545 3707 672 3795 evenit,
695 3721 734 3778 ut
754 3708 859 3796 Dani,
878 3706 973 3779 serro
990 3731 1099 3805 quam
1114 3707 1266 3782 [lammis
1283 3710 1437 3805 opprimi
1455 3775 1458 3782 .

120 3847 378 3931 praeoptantes,
403 3827 554 3904 validius
573 3827 704 3901 connisi
723 3829 892 3926 pr'aejeoto
912 3827 1051 3904 foribus
1075 3829 1231 3906 claustra
1251 3829 1437 3904 rouvelle-

119 3970 215 4046 rent,
228 3970 344 4053 utque
360 3979 473 4028 unum
491 3949 733 4050 periculorum
756 3949 959 4050 effugerent,
984 3953 1020 4023 in
1038 3947 1136 4024 aliud
1154 3977 1258 4025 ruere
1274 3977 1346 4026 nou
1362 3951 1437 4026 du-

114 4073 287 4152 bitarent
338 4077 501 4174 Egregiae
518 4072 647 4148 indolis
667 4075 790 4173 pueri,
814 4099 907 4172 quos
923 4073 991 4148 sibi
1011 4077 1048 4147 iu
1064 4073 1263 4148 clientelam
1287 4075 1437 4158 Carolus

114 4215 290 4298 respectu
305 4199 579 4298 propinquitatis
593 4195 802 4288 adsciverat,
826 4197 966 4298 absque
989 4191 1098 4272 utatis
1121 4199 1343 4274 miseratione
1364 4197 1436 4274 sub

173 4479 411 4542 'Caminacum
439 4475 570 4560 Cornuto]
597 4483 644 4542 De
666 4479 752 4542 clude
813 4475 927 4557 redeo,
961 4479 1078 4564 dequo
1097 4480 1202 4564 paullo
1229 4477 1436 4543 antedictum

114 4582 238 4647 horum
278 4583 409 4650 fratrum
450 4587 602 4649 consentit
644 4583 750 4648 histor.
812 4595 867 4645 est.

112 4687 230 4769 ttnyn.
249 4691 267 4752 l,
287 4711 312 4752 c.
856 4689 1087 4776 ³Erpnrgeret]
1123 4689 1309 4776 stephanius
1335 4693 1438 4780 posuit

174 4793 401 4878 ’hommum
423 4796 533 4862 incolis
550 4810 662 4862 tructus
680 4799 750 4862 Fir·
810 4815 1000 4882 expugnaret.
