3508 5460
385 321 458 393 aaa
684 289 890 390 ‘luston
914 319 1018 390 oxa.
1037 319 1173 388 arnan
1195 319 1285 390 xxx.

337 553 486 630 quama
509 553 548 604 se
571 553 782 604 concessum
819 527 1024 601 solutumve
1048 529 1279 600 meminerint.
1348 529 1451 600 Tunc
1478 529 1634 602 Dombo·

336 680 410 744 rus,
436 655 468 725 Si
486 653 668 754 sapientia,
694 633 827 750 inquit,
855 675 927 748 qua
947 667 981 723 te
1000 649 1191 749 praeditum
1207 649 1400 740 existimas,
1426 651 1543 749 viges,
1567 677 1638 750 quae

336 801 430 852 ame
445 771 681 874 proponenda
699 789 792 864 sunt,
807 772 914 846 docili
932 777 1050 845 animo
1070 776 1235 870 excipies,
1260 776 1375 848 tenaci
1391 771 1637 872 memoria'ap-

334 896 547 999 prehendes.
614 899 786 994 Quisquis
808 897 872 969 rite
899 919 938 968 se
963 899 1073 994 gerit,
1107 899 1200 969 circa
1224 897 1287 970 tria
1313 915 1476 996 tempora
1502 899 1640 970 marine

335 1025 586 1121 cogitationem
614 1017 798 1120 expendit,
823 1043 865 1089 ex
890 1019 1015 1091 iisdem
1038 1017 1113 1091 dno
1141 1018 1263 1093 leviori
1291 1045 1378 1095 cura
1403 1017 1640 1117 complectens,

335 1146 426 1217 tertii
451 1167 526 1240 prae
544 1148 676 1216 caeteris
702 1140 865 1213 habitum
889 1147 1051 1212 intuetur.
1122 1139 1303 1240 Siquidem
1325 1147 1500 1241 praeterita
1519 1149 1640 1216 memi-

336 1272 395 1360 nit,
420 1267 540 1342 futura
556 1270 740 1363 prospicit,
765 1265 949 1362 praesentia
966 1261 1106 1362 colligit.
1164 1264 1319 1338 Stolidus
1339 1291 1422 1337 vero
1447 1272 1534 1338 inter
1549 1289 1641 1364 spem

337 1393 447 1467 futuri
484 1389 768 1486 memoriamque
796 1387 961 1484 praeteriti
997 1389 1224 1482 praesentium
1258 1389 1461 1460 facultatem
1492 1389 1641 1460 omittere
1721 1389 1727 1394 '

337 1531 381 1608 et,
399 1510 498 1612 quod
523 1512 558 1582 in
584 1508 748 1582 manibus
766 1510 909 1596 retinet,
941 1524 1102 1580 excutere
1125 1515 1319 1582 consuevit.
1379 1514 1460 1603 Quo
1483 1525 1590 1607 pacto
1610 1523 1644 1580 tu

338 1660 496 1736 quoque,
512 1635 710 1708 vanissimis
726 1629 970 1704 sollicitudinis
980 1631 1194 1728 ambagibus
1211 1631 1422 1728 implicatus,
1436 1630 1528 1706 adeo
1544 1657 1644 1706 scru-

337 1756 467 1858 pulosa
486 1780 571 1829 cura
588 1760 850 1854 praeteritorum
874 1759 1044 1852 imagines
1069 1754 1197 1828 recolis
1233 1755 1447 1854 futurosque
1472 1756 1646 1830 meditaris

337 1873 496 1971 eventus,
523 1892 560 1949 ut
576 1876 622 1949 ad
639 1901 693 1970 ea,
710 1901 792 1973 quae
809 1901 885 1973 prae
902 1877 1068 1951 manibus
1085 1883 1149 1951 sita
1165 1892 1246 1951 sunt
1265 1896 1300 1952 et
1314 1879 1428 1951 oculas
1444 1880 1645 1953 obversan-

337 2020 406 2096 tur,
431 1995 591 2101 aspicere
607 2022 775 2096 nequeas.
801 2001 955 2097 Quippe,
976 1998 1062 2072 dum
1078 2003 1208 2098 prioris
1229 2007 1295 2075 aevi
1314 2000 1550 2076 recordationi
1566 2006 1646 2075 ani-

249 2197 251 2202 ,
335 2151 436 2200 mum
459 2127 602 2215 inseris,
638 2119 808 2194 felicitatis
823 2123 900 2219 ejus
916 2121 1080 2221 exemplo
1095 2122 1213 2196 futura
1234 2131 1386 2217 metiris,
1410 2140 1528 2223 teque,
1550 2149 1648 2225 spem

336 2247 568 2323 ex'rnemoria
584 2243 764 2342 adeptum,
789 2241 879 2341 quid
895 2245 1027 2319 instans
1044 2263 1128 2320 aetas
1145 2246 1278 2341 afferat,
1294 2255 1459 2344 praeterit.
1511 2253 1649 2332 Fateor,

336 2369 420 2444 olim
436 2372 559 2442 Danas
577 2383 679 2467 gente
694 2381 813 2438 nostra
830 2369 981 2464 potitos3
1008 2367 1072 2442 sed
1098 2395 1254 2467 praesens
1278 2370 1431 2446 fortunae
1452 2371 1648 2470 benignitas

335 2493 462 2568 iisdem
478 2515 575 2563 nunc
593 2487 722 2562 favoris
739 2487 986 2562 blandimentis
1001 2508 1119 2586 panes
1138 2509 1277 2566 nostras
1292 2501 1533 2592 prosequitur,
1564 2496 1649 2593 qui-

335 2613 604 2715 busquondam
631 2629 763 2685 vestras
788 2610 949 2684 excolere
975 2630 1226 2704 consueverat,
1262 2633 1468 2714 sortemque
1492 2633 1649 2690 nostram

336 2737 383 2812 ad
395 2737 490 2812 hanc
507 2734 678 2810 felicitatis
693 2759 868 2808 summam
882 2733 1059 2832 perduxit,
1079 2761 1189 2833 quam
1205 2756 1333 2812 vestrae
1357 2737 1584 2837 quandoque
1600 2741 1649 2811 rei

334 2878 444 2936 status
459 2863 629 2959 attigerat.
682 2858 836 2956 Quippe,
854 2871 987 2955 quanto
1005 2855 1107 2931 vobis
1123 2858 1303 2935 inferiores
1321 2865 1518 2950 extitimus,
1551 2877 1650 2934 tanto

334 2998 431 3058 nunc
447 2982 583 3056 viribus
601 3003 845 3077 successuque
860 2989 1082 3076 praestamus,
1099 3007 1155 3073 eo,
1172 3009 1290 3055 rerum
1307 2983 1451 3058 fortuna
1470 2981 1649 3070 ductante,

334 3109 529 3206 progressi,
543 3127 618 3201 quo
633 3103 776 3174 Danicae
791 3099 975 3200 quondam
986 3105 1228 3200 prosperitatis
1246 3107 1506 3180 incrementum
1522 3133 1652 3180 exces-

334 3244 439 3302 serat.
491 3233 535 3300 At
549 3226 635 3299 dum
653 3243 786 3300 temere
807 3229 898 3298 votis
915 3223 1133 3318 extenderis,
1168 3207 1261 3301 nora
1278 3255 1320 3301 ac
1343 3231 1493 3302 recentia
1521 3228 1651 3302 stolida

334 3353 515 3426 vetustatis
542 3347 764 3423 simulatione
791 3347 1101 3446 praetergrederis,
1142 3351 1265 3447 cisque
1295 3359 1365 3425 mex
1383 3351 1651 3426 conditionibus

335 3471 478 3574 adigere
503 3474 663 3582 conaris,
698 3495 790 3568 quas
815 3495 883 3569 pro
914 3473 1142 3568 praesentium
1175 3470 1302 3547 habitu
1331 3492 1503 3572 praestare
1528 3477 1651 3574 potius

334 3622 444 3698 quam
465 3595 646 3694 postulare
661 3594 847 3682 debueras.
904 3597 1008 3664 Fines
1029 3601 1146 3685 vestri,
1168 3603 1276 3670 armis
1292 3611 1325 3670 et
1343 3599 1557 3674 exercitibus
1571 3625 1652 3674 no-

333 3719 436 3792 stris¹
467 3717 713 3791 miserabiliter
744 3717 881 3809 obtriti,
915 3722 983 3789 situ
1014 3717 1160 3790 marcidi
1187 3719 1410 3820 culturaeque
1439 3724 1563 3821 inopes
1583 3724 1654 3821 ja·-

333 3857 429 3933 cent3
454 3857 653 3914 nostrarum
672 3841 811 3914 diffusio
830 3842 985 3938 partium
1008 3845 1065 3912 vix
1081 3839 1228 3934 alendae,
1254 3847 1518 3945 quemgenuit,
1542 3845 1651 3918 mul·

332 3963 471 4039 titudini
497 3963 646 4058 suflicit3
667 3981 700 4036 et
721 3981 850 4055 tamen,
876 3987 968 4062 quos
992 3963 1214 4037 omnifariam
1240 3970 1456 4064 potentiores
1481 3968 1653 4055 advertis,

332 4114 404 4162 non
419 4089 619 4186 superiores
635 4084 757 4174 modo,
783 4083 847 4158 sed
864 4089 969 4158 etiam
981 4111 1086 4184 pares
1103 4087 1240 4161 habere
1255 4089 1402 4164 fastidis.
1453 4096 1553 4165 'func
1570 4090 1653 4163 de-

333 4236 432 4284 mum
447 4211 571 4284 tributi
591 4234 656 4283 nos
685 4211 866 4281 exactione
888 4207 1044 4301 sollicita,
1070 4236 1153 4284 cum
1169 4229 1204 4285 ct
1225 4231 1358 4287 sortem
1375 4231 1533 4290 nostram
1555 4237 1652 4286 suc-

333 4333 492 4408 cessibus
516 4335 714 4434 aequaveris
756 4348 891 4405 etcum
922 4331 1042 4426 malis,
1079 4335 1215 4434 quibus
1239 4353 1299 4410 tua
1332 4363 1428 4412 nunc
1459 4339 1655 4436 premitur,

333 4453 495 4528 adactam
517 4457 752 4556 conspexeris.
805 4459 892 4530 Haec
906 4459 1152 4533 Domborus².
1187 4458 1257 4532 Sed
1279 4459 1451 4553 Absalou,
1470 4459 1652 4535 dissimu-

378 4763 573 4826 'Exercitibus
588 4761 709 4844 nostrt's]
725 4763 780 4826 Ed.
796 4787 842 4849 pr.
867 4763 958 4829 habet
1065 4769 1161 4829 ²Hoec
1178 4766 1354 4847 Donaborus]
1374 4770 1528 4833 Summam
1543 4765 1658 4830 collo·

331 4873 449 4940 aestris,
466 4868 548 4951 quod
568 4889 687 4931 sensum
701 4869 825 4932 omnino
846 4870 956 4934 turbat.
1020 4872 1083 4954 quii
1108 4872 1257 4937 Dombori
1281 4891 1350 4936 cnm
1380 4874 1530 4939 absalone
1558 4869 1656 4934 llist.
