3508 5460
350 297 424 371 744
672 301 848 372 HlSTOli.
863 301 969 372 DAN.
985 297 1125 371 Ltaltn
1145 301 1237 374 xlv.

297 530 373 586 tum
392 519 507 586 acrius
523 533 621 582 maue
638 535 682 582 eo
702 515 919 608 tempestatis
934 511 1093 599 excessit,
1120 525 1158 582 ut
1181 513 1279 608 regia
1294 509 1418 584 classis
1433 535 1504 582 non
1522 530 1621 606 por-

297 652 347 726 tn,
372 662 447 708 non
464 631 642 724 anchoris,
669 659 745 731 quo
763 637 881 707 minus
898 657 1022 732 sparsa
1040 631 1170 732 pelago
1198 631 1429 732 disjiceretnr,
1455 635 1622 705 retemati

295 758 463 856 potuerit.
516 753 620 827 Nulla
647 781 690 830 ex
708 773 812 856 parte
832 761 1017 830 remissior
1041 753 1171 828 eodem
1198 757 1289 828 netis
1324 753 1449 830 habitu
1474 758 1623 854 quatri·-

296 880 371 951 duo
386 881 634 978 perseveravit.
689 883 779 972 Quae
796 905 852 954 res
869 883 959 953 iram
988 863 1080 978 degis
1104 876 1297 952 adversum
1314 876 1530 964 absalonem
1549 903 1622 951 ao-

293 1027 439 1075 ecnsam
456 1027 676 1102 magnopere
693 1004 861 1076 delinivit.
921 1003 991 1076 Sed
1017 999 1119 1101 quod
1142 1005 1215 1101 jam
1243 999 1354 1073 corde
1378 999 1525 1074 salubre
1547 999 1625 1073 de—

296 1123 554 1223 prehenderat,
581 1151 669 1198 voce
694 1125 796 1198 lateri
818 1124 1070 1216 erubescebat,
1105 1124 1247 1222 pudore
1270 1147 1388 1196 semm
1414 1126 1521 1195 animi
1536 1126 1624 1222 ejus

296 1245 510 1320 intellectum
537 1247 680 1321 celante.
740 1251 827 1319 Nam
851 1249 989 1320 interim
1014 1245 1112 1321 nulla
1133 1244 1179 1318 ad
1209 1247 1342 1317 amicos
1365 1243 1624 1320 communione

293 1371 428 1459 habita,
462 1369 636 1468 postridie
661 1371 853 1470 praedictos
874 1373 968 1446 viros
991 1371 1083 1444 sorte
1106 1368 1213 1442 littori
1237 1371 1436 1444 insistentes
1459 1374 1624 1461 accessit,

298 1492 564 1590 comitibusque
581 1497 731 1593 propius
754 1493 924 1568 accedere
946 1495 1079 1586 vetitis,
1113 1494 1385 1566 concitationem
1413 1495 1523 1566 animi
1543 1497 1624 1583 ersi,

294 1617 421 1714 inquit,
447 1623 581 1690 tametsi
600 1617 881 1692 dissimulatione
899 1623 946 1690 uti
967 1613 1083 1706 vellet,
1116 1613 1298 1688 iracundis
1315 1617 1387 1689 oris
1414 1617 1624 1714 notispre-

298 1739 409 1810 ditam
442 1743 558 1830 esse¹,
589 1765 716 1839 parom
750 1739 900 1840 quidem
932 1738 1166 1811 admiratione
1196 1737 1363 1838 dignum,
1403 1761 1491 1811 enm
1518 1758 1623 1812 con·—

299 1861 463 1935 sultantis
488 1887 611 1934 vocem
632 1864 774 1936 monitis
799 1865 921 1962 potius
944 1885 1053 1960 quarn
1089 1859 1311 1935 contumeliis
1343 1863 1458 1960 excipi
1483 1859 1625 1940 deceat.

298 1981 475 2076 Quaedmn
489 2001 608 2058 tamen
625 1985 672 2058 ab
694 1992 745 2060 eis
768 1985 962 2084 sapientius
989 2008 1099 2084 quarn
1125 1985 1365 2081 tempestivius
1391 1981 1507 2072 dicta,
1533 2009 1624 2084 qnae

299 2109 329 2180 si
350 2125 431 2180 ante
447 2107 601 2181 triduum
618 2106 757 2207 prolata
781 2108 948 2200 fuissent,
972 2107 1122 2207 ingentis
1146 2107 1230 2178 mali
1247 2109 1430 2180 materiam
1447 2131 1624 2221 macur—

297 2253 376 2301 rere
394 2246 564 2327 poteraut.
599 2231 701 2304 Seras
717 2233 864 2332 quidem
882 2232 1066 2304 monitoris
1082 2246 1203 2328 partes
1218 2253 1305 2322 esse,
1329 2253 1412 2328 quae
1426 2253 1512 2320 rem,
1526 2231 1624 2306 dnm

296 2353 334 2422 in
351 2329 498 2426 arbitrio
521 2369 584 2446 est,
609 2352 842 2453 negligentius
865 2351 1020 2444 obeunt,
1052 2370 1210 2427 exactam
1233 2351 1470 2427 sollicitudine
1484 2379 1627 2454 prose-

298 2492 470 2573 quuntur.
521 2475 799 2549 inemendabilia
816 2493 935 2548 autem
954 2479 1131 2577 corrigere
1157 2474 1250 2549 velle
1266 2475 1468 2574 proximum
1486 2503 1624 2552 amen-

298 2600 356 2670 tiae
382 2623 539 2672 errorem
565 2624 652 2672 esse.
712 2603 859 2673 Frustra
875 2604 981 2698 igitur
1007 2623 1046 2674 se
1068 2601 1237 2674 conviciis
1264 2615 1472 2674 attentatum
1496 2601 1622 2696 luisse,

298 2745 381 2793 cum
398 2735 431 2792 et
444 2721 697 2796 irrevocabiles
713 2724 974 2822 praetedtoium
991 2737 1139 2796 eventus
1155 2705 1313 2813 existant,
1334 2741 1372 2796 et
1394 2723 1623 2822 pleramque

298 2845 403 2913 animi
435 2846 625 2919 commotio
652 2870 783 2943 parurn
814 2869 897 2919 cum
925 2850 1063 2919 ratione
1084 2850 1289 2918 consentiat
1360 2849 1509 2934 Orturte
1527 2868 1623 2920 vero

298 2973 514 3063 tempestatis
538 2969 709 3042 saevitiam
737 2969 877 3068 absque
903 2969 1101 3044 coelestium
1118 2971 1261 3042 monitis'
1295 2967 1453 3044 hnmano
1473 2991 1625 3068 presa-

297 3091 358 3183 gio
376 3088 679 3186 comprehendere
695 3093 918 3190 nequivisse,
942 3117 1073 3192 neque,
1098 3096 1186 3196 quin
1205 3117 1247 3165 ea
1263 3089 1472 3168 delictorum
1486 3115 1625 3193 poenas

296 3207 429 3300 lueret,
455 3209 629 3286 dubitare.
690 3214 938 3305 Quamobrem
960 3233 1020 3288 ant
1041 3231 1176 3288 naturae
1205 3217 1439 3314 ignorantiam
1462 3233 1526 3290 aut
1541 3223 1625 3290 im-

297 3334 449 3428 provisae
463 3337 675 3409 necessitatis
692 3336 894 3409 violeotiam
904 3339 988 3410 vitio
1004 3340 1074 3412 sibi
1089 3341 1178 3412 verti
1191 3365 1266 3412 non
1277 3355 1458 3438 oportere.
1493 3343 1624 3413 Omis—

298 3455 345 3528 sis
362 3456 468 3552 igitnr
484 3463 747 3554 praeteritorum
766 3459 934 3557 querelis,
954 3461 1000 3536 ad
1012 3465 1223 3562 tempestiva
1241 3459 1515 3537 rebus'eonsilia
1530 3457 1622 3534 a'ni-

297 3603 397 3649 mum
421 3605 643 3680 operamque
667 3582 846 3656 devocare
872 3609 940 3681 par
960 3609 1050 3658 esse.
1126 3583 1235 3657 Malle
1265 3587 1360 3657 enim
1383 3609 1423 3659 se
1448 3591 1623 3684 spiritum

296 3703 464 3797 specioso
489 3705 581 3776 exitu
609 3731 719 3804 qnam
747 3706 1007 3805 expeditionem
1030 3706 1183 3780 deformi
1205 3706 1322 3781 reditu
1336 3707 1453 3780 linire.
1507 3711 1625 3783 'inne

292 3825 432 3915 Petrus,
454 3826 643 3900 Absatonts
665 3831 871 3902 sententiam
895 3827 1079 3926 aliquanto
1096 3827 1223 3902 leniori
1249 3831 1463 3904 monitorum
1481 3855 1625 3930 genere

291 3959 518 4042 prosecutus,
546 3949 661 4041 docet,
675 3956 854 4025 neminem
877 3977 1005 4051 regum
1021 3951 1114 4026 fidas
1128 3955 1325 4025 amicorum
1346 3977 1452 4028 noces
1471 3955 1624 4033 infensis

295 4070 445 4144 auribus
463 4077 628 4170 excipere
644 4077 844 4166 convenire
865 4099 949 4146 euin
966 4098 1063 4172 saepe
1079 4073 1164 4146 clari
1174 4074 1407 4174 illustresque
1422 4078 1489 4151 viri
1501 4084 1623 4177 spreti

295 4191 459 4266 salutaris
479 4195 615 4269 consilii
629 4223 762 4296 poenas
780 4198 978 4296 perniciosa
991 4211 1108 4269 morte
1126 4197 1372 4295 pependerint.
1430 4205 1622 4276 Ceae-nm

295 4337 399 4407 aura,
433 4315 521 4390 dnm
548 4320 686 4415 saecat,
714 4320 892 4395 utendum
912 4343 1006 4410 esse,
1027 4318 1134 4418 quod
1154 4321 1234 4417 ejus
1260 4341 1392 4418 anoeps
1408 4327 1623 4422 incertaque

293 4437 444 4512 varietas
462 4445 615 4516 existere
638 4443 761 4518 soleat.
817 4443 1071 4518 ‘sustinendum
1089 4447 1224 4541 itaque,
1257 4441 1374 4516 donee
1391 4454 1621 4546 tempestatis

293 4559 510 4636 immensitas
541 4543 591 4637 ad
612 4565 839 4639 tolerabilem
870 4570 1021 4668 remigiis
1052 4567 1214 4640 habitum
1234 4567 1414 4642 oonoidat
1484 4567 1623 4643 Aditus

339 4859 516 4920 'Prodicum
529 4857 603 4938 csse]
619 4859 677 4923 Ed.
696 4883 743 4945 pr.
762 4833 845 4924 addit
863 4863 989 4936 dt'cebat,
1010 4861 1212 4948 ttStellllanlo
1223 4863 1375 4930 omissum
