3508 5460
343 269 417 345 746
459 286 475 306 ⁶
654 273 831 344 fflsTott.
848 273 953 344 DAN.
969 274 1107 346 LIBER
1125 272 1218 346 XIV.

296 482 404 585 gibus
419 479 570 584 disiungi
580 489 704 582 coegit
740 487 822 577 Quo
839 489 927 578 viso,
943 509 1016 578 rex,
1033 500 1109 560 tum
1123 483 1423 583 vitandipericuli,
1442 499 1519 560 tum
1534 488 1614 560 eu-

297 633 356 680 am
379 603 604 705 complendae
631 608 861 704 navigationis
886 609 995 706 pana
1021 607 1148 680 tutiore
1178 607 1289 704 excipi
1318 609 1616 707 cupiens„lngi-

298 733 389 804 utari
405 728 600 802 scaniensis
615 744 725 800 ratem
740 731 892 826 propius
916 727 1043 802 adesse
1063 731 1213 827 jussam,
1239 753 1361 804 ensem
1378 729 1501 804 dextra
1529 733 1615 828 sig-

297 877 459 952 numque
470 848 562 938 laeva
580 852 786 946 corripiens,
811 867 850 923 ut
863 855 1063 942 temerario,
1089 854 1137 924 ita
1154 875 1331 950 prospero
1352 851 1619 943 saltu-involat,

298 1001 453 1074 eamque
476 974 583 1046 remis
608 973 724 1046 acrius
750 972 845 1045 citari
869 974 981 1072 jubet
1053 974 1243 1064 Eskillum,
1269 976 1404 1048 virtutis
1422 977 1618 1073 pertinacia

186 1161 189 1164 .
300 1096 521 1197 aliquamdiu
534 1094 710 1194 subsequi
726 1112 903 1188 conatum,
928 1093 1167 1195 affectumque
1186 1100 1281 1197 regis
1306 1121 1415 1195 quarn
1440 1097 1617 1173 debilita-

299 1237 370 1294 tem
389 1221 519 1319 navigii
535 1225 589 1294 sui
606 1221 821 1320 propensius
837 1221 1050 1311 intuentem,
1077 1221 1205 1318 partim
1229 1221 1337 1320 regiae
1359 1225 1456 1294 vocis
1481 1219 1622 1319 probi-

300 1343 401 1433 bitio,
427 1343 554 1440 partim
569 1343 699 1416 referta
715 1341 878 1441 periculo
897 1345 1090 1446 necessitas
1103 1343 1232 1416 reverti
1248 1341 1432 1440 compulit.
1483 1345 1538 1417 Eo
1554 1345 1623 1418 vi-

302 1488 355 1558 so,
382 1463 585 1563 complures
600 1467 813 1538 reversionis
829 1470 1053 1538 occasionem
1067 1463 1114 1538 ab
1126 1469 1264 1538 erroris
1281 1462 1504 1540 simulatione
1526 1493 1622 1540 rnu-

302 1588 549 1686 tuariignavia
569 1585 699 1662 docuit
723 1675 727 1692 .
751 1587 893 1683 Quibus
916 1605 1034 1664 tamen
1059 1593 1190 1662 erroris
1215 1603 1458 1660 commentum
1484 1605 1621 1686 patro-

303 1711 393 1784 cinio
418 1709 496 1782 fore
517 1733 589 1780 non
612 1707 755 1798 debuit,
788 1735 872 1784 cum
887 1737 1008 1810 rege-m
1025 1713 1225 1812 navigium,
1258 1711 1438 1800 nouiter,
1461 1726 1625 1788 mutasse

304 1830 460 1908 translati
475 1834 564 1930 signi
579 1831 710 1905 indicio
725 1830 862 1930 liquere
875 1839 1041 1931 potuerit.
1079 1831 1248 1906 Nonnulli
1265 1855 1415 1930 quoque
1430 1857 1625 1932 conquas-

303 1955 492 2030 satioribus
515 1957 662 2054 navigiis
686 1957 783 2028 inviti
796 1953 1071 2048 relabebantur,
1104 1954 1224 2056 quod,
1246 1953 1375 2028 iisdem
1399 1979 1626 2056 compagum

304 2077 467 2150 firmitate
495 2074 657 2170 desectis,
691 2079 854 2152 concitati
872 2077 980 2152 maris
1003 2081 1186 2154 incursum
1208 2082 1379 2152 sustinere
1409 2077 1626 2176 nequibant.

305 2203 376 2292 Qui
398 2225 482 2273 vero
514 2200 710 2299 procedere
730 2200 1025 2300 perseverabant,
1057 2216 1098 2272 ut
1133 2199 1270 2274 viribus
1300 2200 1462 2298 corporis
1482 2198 1629 2276 laboris

258 2421 261 2426 Ι
306 2325 521 2400 continuitati
546 2321 708 2396 sufficere
728 2340 894 2422 possent,
921 2321 1050 2396 edendi
1070 2321 1333 2423 navigandique
1349 2323 1478 2422 pariter
1500 2321 1626 2398 officio

307 2444 557 2547 fungebantur.
616 2451 667 2522 Ne
689 2451 784 2520 eninr
809 2448 1043 2546 navigationis
1068 2471 1215 2521 cursum
1238 2443 1297 2520 vel
1315 2444 1467 2543 parvula
1482 2448 1628 2545 remigii

305 2570 513 2642 intermissio
534 2587 742 2659 moraretur,
769 2567 891 2676 dextra
907 2594 1038 2660 remos,
1063 2568 1153 2644 laeva
1171 2567 1269 2644 cibos
1285 2566 1491 2642 tractabunt.
1528 2571 1629 2642 Eri-

196 2731 198 2738 ·
306 2717 379 2792 gua
407 2689 527 2766 classis
549 2716 643 2789 pars,
668 2691 850 2765 Absalone
876 2691 985 2784 duce,
1019 2694 1156 2766 virtutis
1178 2709 1213 2766 et
1237 2691 1361 2794 gloriae
1388 2690 1631 2784 temulentior,
1690 2741 1694 2758 .

306 2813 476 2886 inusitatae
501 2817 717 2912 tempestatis
743 2816 909 2888 saevitiam
927 2812 1122 2888 incredibili
1146 2839 1330 2890 remorum
1349 2816 1538 2888 certamine
1551 2795 1652 2890 sn-l

307 2939 463 3034 peravit,
501 2933 798 3036 obluctatumque
830 2937 979 3038 pelagus
1008 2935 1218 3036 infatigabili
1249 2961 1439 3037 permensa
1468 2939 1629 3037 navigio,

306 3057 397 3131 hora
424 3056 632 3132 antelucana
661 3059 709 3132 ad
740 3060 893 3137 insulam
916 3057 1099 3158 Hythtm1,
1132 3061 1212 3158 ipsa
1244 3084 1394 3160 quoque
1415 3067 1631 3136 necessitate

306 3182 482 3278 superior,
507 3181 654 3280 appulit.
716 3183 1063 3279 TuncAbsaloqne
1084 3181 1174 3280 quid
1192 3186 1418 3258 inexcussum
1437 3186 1632 3278 omitteret,

308 3326 374 3400 per
390 3301 703 3398 Wethernaunum,
716 3309 870 3405 piraticae
887 3305 1059 3405 operibus
1074 3305 1223 3397 clarum,
1241 3303 1357 3382 officio
1372 3306 1631 3406 speculationis

309 3422 508 3523 addictum,
543 3445 578 3500 et
594 3446 721 3526 portus
744 3427 935 3504 hostilibus
962 3429 1112 3528 navigiis
1130 3451 1264 3502 vacuos
1299 3423 1511 3528 et'Rugiam
1532 3430 1629 3508 nibil

308 3547 436 3622 hostile
461 3567 676 3624 metuentem
699 3554 888 3652 cognoscit
955 3554 1045 3622 Nam
1069 3566 1228 3625 armenta
1249 3553 1384 3626 securis
1410 3550 1629 3628 custodibus

307 3689 453 3771 propter
466 3671 559 3749 littus
575 3682 736 3768 errantia,
744 3681 946 3775 inopinatos
962 3671 1097 3746 incolas
1113 3697 1203 3766 esse,
1221 3671 1332 3749 fidem
1350 3673 1479 3750 fecere.
1531 3677 1628 3768 tter,

306 3795 481 3896 languido
506 3801 653 3898 remigio
680 3825 797 3874 seram
821 3796 1080 3898 navigationem
1102 3819 1285 3886 emensus,
1326 3795 1473 3873 obtento
1503 3813 1632 3896 portu,

308 3922 472 4018 protinus
496 3924 532 3993 in
548 3919 737 4000 Absalonis
760 3945 891 3994 navem
913 3943 952 3994 se
973 3918 1136 4010 contulit,
1162 3919 1422 4018 fatigatumque
1438 3919 1546 3996 taedio
1583 3945 1632 3996 ac

309 4046 428 4144 vigilia
442 4071 576 4146 corpus
591 4069 719 4120 somno
737 4043 882 4141 excepit
936 4039 1120 4138 Reliquiae,
1147 4068 1228 4140 quae
1247 4068 1330 4116 cum
1346 4068 1389 4116 eo
1406 4042 1537 4116 fretum
1552 4067 1628 4120 su-

308 4188 530 4266 peraverant,
563 4181 801 4242 annumeratae
831 4169 1012 4264 sexaginta
1040 4162 1209 4238 duntaxat
1224 4168 1450 4265 navigiorum
1471 4165 1630 4240 classem

308 4292 509 4390 explebant.
554 4295 639 4368 Duo
657 4307 742 4364 tunc
760 4288 1028 4376 Hallandenses,
1045 4304 1128 4362 natu
1150 4313 1260 4386 quam
1277 4291 1402 4362 animis
1415 4287 1630 4378 nobiliores,

357 4607 509 4670 'Insulam
524 4603 663 4689 Hyriea]
674 4607 760 4668 Nunc
770 4601 937 4685 niddense,
993 4603 1097 4668 Rnuds
1119 4623 1217 4688 gagen
1230 4603 1340 4688 Ruigen
1361 4603 1425 4668 und
1445 4605 1630 4684 Pommcrn,

307 4709 437 4774 insulam
457 4712 553 4774 littori
577 4712 685 4796 Rugiae
716 4712 834 4777 boreali
855 4713 937 4796 adja-
993 4709 1630 4793 renuntiationisquenatmchestu-

284 4873 288 4880 .
308 4829 426 4883 centem
441 4811 514 4901 (Dic
531 4817 642 4902 iiricgo
662 4818 857 4886 Waldemars
873 4817 936 4886 bad
991 4815 1061 4882 dien
1079 4815 1096 4881 1
1113 4821 1154 4882 fl.
1170 4821 1200 4884 S.
1212 4812 1277 4899 42).
