3508 5460
318 305 396 384 838
642 299 943 374 morositati.
963 299 1211 378 LIBERXIV.

267 521 332 622 pit.
391 520 567 592 Praeterea
590 509 763 611 frequens
787 507 904 586 sedern
919 535 1088 614 purpura
1110 509 1447 612 circumpendebat,
1471 515 1588 590 nitore

195 705 197 714 ,
266 639 412 743 quidem
427 635 588 739 praedita,
612 631 678 712 sed
695 641 767 711 situ
789 651 862 709 tam
884 637 1012 735 putris,
1036 647 1076 708 ut
1096 649 1231 710 tactum
1247 633 1342 712 ferre
1362 661 1438 710 non
1454 655 1588 737 posset.

265 770 341 842 Nec
371 761 585 838 silvestrium
609 756 806 834 bestiarum
832 759 995 850 inusitata
1020 779 1157 832 comua
1183 756 1345 852 defuere,
1370 785 1446 834 nou
1469 763 1589 834 minus

265 904 396 990 suapte
417 898 544 958 natura
570 904 682 979 quam
704 879 806 954 cultu
826 877 997 953 miranda
1063 883 1219 955 Daemon
1241 883 1280 956 in
1303 883 1397 958 lutri
1424 882 1589 958 animalis

265 1011 383 1114 figura
402 1001 647 1109 penetralibus
663 999 836 1076 excedere
853 1004 986 1094 visus¹,
1009 1003 1131 1077 subito
1145 1028 1184 1079 se
1201 1007 1502 1080 circumstantium
1523 1004 1590 1080 lu-

265 1131 423 1208 minibus
440 1124 595 1203 abstulit
647 1126 760 1225 Igitur
775 1121 949 1223 oppidani
966 1123 1160 1200 simulacro
1178 1127 1272 1202 urbe
1286 1127 1468 1227 egerendo
1484 1125 1588 1201 lones

265 1257 410 1355 injicere
425 1251 525 1350 jussi,
550 1272 633 1322 cum
648 1248 686 1321 id
700 1248 857 1346 pristinae
871 1246 1052 1346 religionis
1072 1265 1171 1324 metu
1188 1275 1258 1350 per
1280 1274 1319 1324 se
1335 1253 1435 1350 ipsos
1459 1251 1590 1350 exequi

266 1401 341 1452 nou
357 1371 539 1464 auderent,
564 1371 716 1470 captivis
732 1371 934 1468 exterisque
949 1385 1128 1467 questum
1144 1374 1180 1444 in
1195 1371 1291 1446 urbe
1306 1373 1523 1471 petentibus,
1548 1389 1589 1446 ut

267 1497 360 1576 illud
384 1499 571 1597 ejicerent,
603 1491 848 1594 imperabant,
871 1490 1086 1593 ignobilium
1107 1491 1296 1569 hominum
1318 1501 1438 1596 capita
1458 1493 1589 1592 divinae

170 1695 172 1705 ,
268 1629 331 1698 irae
352 1619 576 1722 potissimum
597 1613 814 1717 objectanda
830 1613 1011 1690 ducentes.
1065 1616 1210 1716 Quippe
1225 1617 1410 1692 domestici
1430 1618 1589 1692 numinis

266 1747 507 1846 majestatem,
540 1763 652 1840 quarn
668 1755 768 1812 tanto
785 1736 885 1812 cultu
908 1741 1081 1839 prosequi
1103 1757 1378 1833 consvererant,
1413 1763 1543 1840 graves
1567 1763 1590 1810 e

268 1866 418 1966 vestigio
443 1889 572 1964 poepas
598 1863 717 1937 asnis
744 1861 982 1938 violatoribus
1015 1879 1221 1938 exacturam
1245 1863 1434 1964 putabant
1491 1865 1588 1934 Tum

269 2016 356 2068 vero
379 1989 487 2064 variae
504 1984 706 2060 incolarum
729 2008 837 2059 voces
855 1983 1147 2079 exaudiebantur,
1173 1985 1251 2061 aliis
1271 1983 1329 2059 dei
1354 1987 1411 2060 sui
1438 1987 1589 2084 injurias

267 2113 442 2204 lamento,
476 2108 554 2184 aliis
575 2110 651 2184 risu
675 2107 987 2207 prosequentibus.
1045 2113 1119 2182 Nec
1141 2108 1316 2205 dubium,
1350 2115 1440 2208 quin
1461 2100 1617 2210 ingens¹

268 2233 494 2337 prudentiori
521 2229 788 2331 oppidanorum
817 2234 908 2330 parti
943 2229 1060 2305 rubor
1089 2237 1286 2326 incesserit,
1320 2231 1588 2334 simplicitatem

268 2383 372 2435 suam
386 2371 436 2432 tot
451 2358 551 2432 annis
567 2369 641 2428 tam
656 2353 786 2431 stolido
801 2351 899 2428 cultu
916 2350 1081 2428 delusam
1095 2361 1261 2430 cernenti.
1296 2360 1535 2432 'Pertraotnm
1551 2355 1591 2428 in

269 2501 383 2584 castra
406 2478 640 2556 simulacrum
664 2474 871 2551 admirantis
894 2482 1069 2552 exercitus
1091 2501 1290 2554 concursus
1316 2482 1463 2577 excepit.
1513 2482 1592 2552 Nec

267 2611 371 2708 prius
382 2602 452 2678 sibi
465 2601 645 2704 pripcipes
661 2598 845 2700 spectandi
861 2599 1035 2674 licentiam
1051 2600 1285 2694 indulserunt,
1311 2624 1424 2699 quam
1439 2599 1592 2701 plebem

271 2726 405 2806 visendi
420 2733 560 2801 satietas
574 2728 799 2800 amovisset&
850 2724 1044 2824 Reliquum
1060 2724 1128 2800 diei
1146 2731 1181 2798 in
1196 2723 1399 2818 obsidibus,
1424 2727 1490 2823 qui
1505 2729 1592 2825 pri-
1697 2809 1701 2814 ,

268 2851 327 2926 die
343 2862 595 2938 remanserant,
616 2845 832 2946 accipiendis
846 2844 1042 2922 deductum
1060 2864 1123 2923 est.
1158 2844 1279 2920 Sedet
1294 2847 1424 2921 scribae
1445 2852 1592 2947 princi-

268 2976 378 3074 pum³
400 2976 437 3046 in
450 2970 579 3045 urbem
595 2971 789 3062 mittuntur,
799 2975 860 3069 qui
877 2969 1089 3044 sacerdotali
1099 2964 1294 3072 ministerio
1311 2966 1439 3044 rudem
1456 2969 1593 3071 religi—

270 3101 350 3172 onis
365 3092 546 3195 populum
563 3090 771 3167 Christianis
794 3097 903 3167 sacris
930 3092 1202 3186 assuefacerent,
1227 3093 1381 3193 ejusque
1403 3091 1595 3194 merilcgis

267 3219 434 3296 sensibus
450 3217 642 3291 sanctitatis·
655 3211 880 3313 disciplinam
897 3215 1177 3316 ingenerarent⁴.
1215 3217 1377 3316 Vespera
1394 3231 1596 3316 appetente

268 3366 406 3436 ornnes,
438 3339 501 3440 qui
520 3333 648 3412 culinis
669 3355 865 3437 praeerant,
902 3337 1134 3414 simulacrum
1157 3353 1371 3414 attentatum
1395 3337 1597 3416 securibus

315 3585 463 3644 ¹Doemon
485 3582 516 3640 ia
526 3579 620 3661 furni
639 3581 776 3643 anamnlis
788 3582 899 3664 figura
998 3579 1203 3669 ²Ammisser]
1231 3582 1282 3646 sic
1307 3579 1430 3666 Stnpb3
1465 3575 1514 3644 cd.
1535 3599 1595 3662 pr.

266 3687 463 3780 penetralibus
475 3685 612 3751 excedere
626 3681 720 3762 vurta]
742 3689 900 3752 UtSwan·
953 3689 1149 3752 admonuisset
1156 3712 1169 3762 ,·
1190 3707 1262 3752 mox
1284 3687 1392 3774 stapla
1416 3685 1596 3750 eraderem

268 3793 371 3860 territi
399 3789 524 3878 spiritus
550 3789 696 3874 templum
725 3793 898 3878 relinquere
952 3813 1012 3878 pro
1029 3795 1194 3858 deductum.

224 3956 226 3962 .
268 3911 389 3964 coactus
405 3895 487 3959 furvi
507 3895 642 3959 animalis
661 3899 793 3981 speciem
810 3897 898 3962 indu·

266 4009 324 4070 isse
334 4003 524 4082 credebatur,
537 4001 696 4066 itaincolae
705 4001 790 4064 urbis
798 4001 897 4066 Choz-

268 4131 358 4195 egow
380 4108 484 4192 (hodie
499 4106 665 4191 Giitzltow)
680 4118 786 4187 antea,
807 4107 897 4192 spiri·

268 4230 333 4280 tum
347 4216 396 4280 dei
412 4216 468 4296 sui,
484 4235 501 4280 e
515 4216 632 4300 templo
646 4235 663 4276 a
681 4225 788 4277 sancto
805 4215 897 4280 Otto-

267 4342 306 4384 ne
322 4321 462 4404 ejectum,
480 4323 635 4406 ingentem
657 4340 826 4384 muscarum
849 4343 897 4390 ca.-

266 4438 384 4489 terrsm
399 4417 471 4514 ipsis
495 4426 739 4492 molestissimam
764 4447 820 4492 nec
838 4428 897 4492 nisi
998 4433 1199 4493 *Sanctitatt's
1221 4431 1407 4518 disciplinam
1430 4433 1604 4510 ingenera-

266 4530 408 4614 precibus
426 4531 607 4597 elericorum
625 4545 657 4597 et
670 4547 784 4598 sancte
798 4533 896 4598 mucis
951 4533 1029 4613 reat]
1058 4535 1177 4598 Auctor
1197 4533 1314 4598 Hister.
1333 4533 1434 4618 linytl.
1453 4544 1606 4598 testatur

266 4653 327 4719 ope
352 4634 545 4720 profligatam
568 4658 730 4726 occupasse
760 4639 896 4705 credide·
949 4641 972 4703 1.
993 4657 1038 4719 ο.,
1063 4639 1148 4704 mille
1176 4653 1331 4706 trecentos
1357 4639 1496 4706 homiues
1520 4638 1605 4704 hoe

267 4739 559 4820 rant3rid.dudrete
571 4745 689 4809 abbatis
701 4745 895 4812 virasotto·
950 4765 1013 4808 uno
1032 4743 1080 4808 dis
1095 4743 1278 4834 baptismate
1300 4749 1393 4816 uuir
1410 4743 1607 4812 christianis

268 4848 315 4912 nit
327 4847 377 4928 111,
391 4843 421 4908 9.
442 4845 590 4934 Ludertig
603 4851 624 4914 1.
639 4871 665 4914 c.
676 4847 739 4914 503
750 4869 797 4938 sq.
948 4851 1085 4922 initiatos
1101 4874 1176 4922 etse.

998 3943 1130 4004 ³Sert'boe
1147 3939 1330 4033 principum]
1357 3941 1418 4038 Qui
1438 3940 1493 4004 iiio
1515 3960 1597 4005 aevo

952 4047 1055 4113 clerici
1071 4061 1176 4128 eraut,
1197 4045 1289 4113 iidem
1303 4049 1500 4134 plerumque,
1520 4047 1601 4130 qui,

953 4168 987 4219 nt
1009 4151 1090 4218 infra
1112 4153 1239 4232 dicitur,
1266 4153 1388 4238 privata
1409 4139 1599 4240 principuus

953 4279 1038 4324 sacra
1053 4259 1232 4325 tractabant.
