<?xml version="1.0" encoding="UTF-8"?>
<!DOCTYPE html PUBLIC "-//W3C//DTD XHTML 1.0 Transitional//EN"
    "http://www.w3.org/TR/xhtml1/DTD/xhtml1-transitional.dtd">
<html xmlns="http://www.w3.org/1999/xhtml" xml:lang="en" lang="en">
 <head>
  <title>
</title>
<meta http-equiv="Content-Type" content="text/html;charset=utf-8" />
  <meta name='ocr-system' content='tesseract 3.04.00' />
  <meta name='ocr-capabilities' content='ocr_page ocr_carea ocr_par ocr_line ocrx_word'/>
</head>
<body>
  <div class='ocr_page' id='page_1' title='image "./historiadanica01velsgoog_0408.png"; bbox 0 0 3538 5460; ppageno 0'>
   <div class='ocr_carea' id='block_1_1' title="bbox 593 335 1385 414">
    <p class='ocr_par' dir='ltr' id='par_1_1' title="bbox 593 335 1385 414">
     <span class='ocr_line' id='line_1_1' title="bbox 593 335 1385 414; baseline 0.008 -6"><span class='ocrx_word' id='word_1_1' title='bbox 593 335 964 412; x_wconf 76' lang='lat' dir='ltr'><strong>ttthEttatttJSt</strong></span> <span class='ocrx_word' id='word_1_2' title='bbox 1311 337 1385 414; x_wconf 80' lang='grc'><strong>945</strong></span> 
     </span>
    </p>
   </div>
   <div class='ocr_carea' id='block_1_2' title="bbox 122 535 1450 3224">
    <p class='ocr_par' dir='ltr' id='par_1_2' title="bbox 122 535 1450 3224">
     <span class='ocr_line' id='line_1_2' title="bbox 124 535 1439 648; baseline 0.002 -29"><span class='ocrx_word' id='word_1_3' title='bbox 124 546 502 642; x_wconf 66' lang='lat' dir='ltr'><strong>amnis-miticextititr</strong></span> <span class='ocrx_word' id='word_1_4' title='bbox 530 545 666 622; x_wconf 88' lang='lat' dir='ltr'><strong>ierrnm</strong></span> <span class='ocrx_word' id='word_1_5' title='bbox 693 553 844 622; x_wconf 80' lang='lat' dir='ltr'><strong>vitantes</strong></span> <span class='ocrx_word' id='word_1_6' title='bbox 871 571 966 646; x_wconf 87' lang='lat' dir='ltr'><strong>aqna</strong></span> <span class='ocrx_word' id='word_1_7' title='bbox 989 546 1171 648; x_wconf 86' lang='lat' dir='ltr'><strong>periclitati</strong></span> <span class='ocrx_word' id='word_1_8' title='bbox 1191 535 1284 625; x_wconf 80' lang='lat' dir='ltr'><strong>sunt.</strong></span> <span class='ocrx_word' id='word_1_9' title='bbox 1335 547 1439 626; x_wconf 83' lang='lat' dir='ltr'><strong>ileli-</strong></span> 
     </span>
     <span class='ocr_line' id='line_1_3' title="bbox 123 663 1439 772; baseline 0 -28"><span class='ocrx_word' id='word_1_10' title='bbox 123 671 220 770; x_wconf 79' lang='lat' dir='ltr'><strong>qniae</strong></span> <span class='ocrx_word' id='word_1_11' title='bbox 236 668 322 770; x_wconf 86' lang='lat' dir='ltr'><strong>luga</strong></span> <span class='ocrx_word' id='word_1_12' title='bbox 337 685 499 744; x_wconf 76' lang='lat' dir='ltr'><strong>serrata.</strong></span> <span class='ocrx_word' id='word_1_13' title='bbox 551 672 603 742; x_wconf 88' lang='lat' dir='ltr'><strong>lta</strong></span> <span class='ocrx_word' id='word_1_14' title='bbox 623 669 781 742; x_wconf 82' lang='lat' dir='ltr'><strong>nefarius</strong></span> <span class='ocrx_word' id='word_1_15' title='bbox 796 669 861 744; x_wconf 88' lang='lat' dir='ltr'><strong>ille</strong></span> <span class='ocrx_word' id='word_1_16' title='bbox 877 687 994 747; x_wconf 85' lang='lat' dir='ltr'><strong>eoetus</strong></span> <span class='ocrx_word' id='word_1_17' title='bbox 1015 669 1139 749; x_wconf 87' lang='lat' dir='ltr'><strong>divino</strong></span> <span class='ocrx_word' id='word_1_18' title='bbox 1151 663 1288 772; x_wconf 87' lang='lat' dir='ltr'><strong>judicio</strong></span> <span class='ocrx_word' id='word_1_19' title='bbox 1307 669 1439 772; x_wconf 87' lang='lat' dir='ltr'><strong>proili-</strong></span> 
     </span>
     <span class='ocr_line' id='line_1_4' title="bbox 123 789 1440 895; baseline 0.005 -30"><span class='ocrx_word' id='word_1_20' title='bbox 123 809 247 892; x_wconf 83' lang='lat' dir='ltr'><strong>gatus,</strong></span> <span class='ocrx_word' id='word_1_21' title='bbox 277 790 440 890; x_wconf 75' lang='lat' dir='ltr'><strong>sacrilegi</strong></span> <span class='ocrx_word' id='word_1_22' title='bbox 459 791 591 866; x_wconf 86' lang='lat' dir='ltr'><strong>furoris</strong></span> <span class='ocrx_word' id='word_1_23' title='bbox 610 817 741 891; x_wconf 89' lang='lat' dir='ltr'><strong>poenas</strong></span> <span class='ocrx_word' id='word_1_24' title='bbox 755 789 912 866; x_wconf 85' lang='lat' dir='ltr'><strong>exsolvit.</strong></span> <span class='ocrx_word' id='word_1_25' title='bbox 957 795 1032 868; x_wconf 84' lang='lat' dir='ltr'><strong>Rex</strong></span> <span class='ocrx_word' id='word_1_26' title='bbox 1049 794 1228 868; x_wconf 88' lang='lat' dir='ltr'><strong>Lundiam</strong></span> <span class='ocrx_word' id='word_1_27' title='bbox 1242 819 1440 895; x_wconf 84' lang='lat' dir='ltr'><strong>regressus,</strong></span> 
     </span>
     <span class='ocr_line' id='line_1_5' title="bbox 126 913 1442 1018; baseline 0.002 -28"><span class='ocrx_word' id='word_1_28' title='bbox 126 913 351 990; x_wconf 81' lang='lat' dir='ltr'><strong>orientalium</strong></span> <span class='ocrx_word' id='word_1_29' title='bbox 370 920 525 1014; x_wconf 89' lang='lat' dir='ltr'><strong>partium</strong></span> <span class='ocrx_word' id='word_1_30' title='bbox 543 929 715 988; x_wconf 74' lang='lat' dir='ltr'><strong>mmumm</strong></span> <span class='ocrx_word' id='word_1_31' title='bbox 728 913 876 1014; x_wconf 85' lang='lat' dir='ltr'><strong>plebem</strong></span> <span class='ocrx_word' id='word_1_32' title='bbox 901 913 1095 992; x_wconf 77' lang='lat' dir='ltr'><strong>adventat-e</strong></span> <span class='ocrx_word' id='word_1_33' title='bbox 1109 924 1310 1018; x_wconf 83' lang='lat' dir='ltr'><strong>cognoscit,</strong></span> <span class='ocrx_word' id='word_1_34' title='bbox 1332 923 1442 992; x_wconf 84' lang='lat' dir='ltr'><strong>unius</strong></span> 
     </span>
     <span class='ocr_line' id='line_1_6' title="bbox 122 1037 1441 1141; baseline 0.001 -29"><span class='ocrx_word' id='word_1_35' title='bbox 122 1039 197 1138; x_wconf 86' lang='lat' dir='ltr'><strong>jam</strong></span> <span class='ocrx_word' id='word_1_36' title='bbox 213 1039 385 1113; x_wconf 84' lang='lat' dir='ltr'><strong>exercitus</strong></span> <span class='ocrx_word' id='word_1_37' title='bbox 399 1039 534 1128; x_wconf 85' lang='lat' dir='ltr'><strong>victor,</strong></span> <span class='ocrx_word' id='word_1_38' title='bbox 557 1037 707 1112; x_wconf 85' lang='lat' dir='ltr'><strong>alterum</strong></span> <span class='ocrx_word' id='word_1_39' title='bbox 724 1052 947 1135; x_wconf 79' lang='lat' dir='ltr'><strong>excepturus.</strong></span> <span class='ocrx_word' id='word_1_40' title='bbox 989 1041 1102 1140; x_wconf 79' lang='lat' dir='ltr'><strong>Cujus</strong></span> <span class='ocrx_word' id='word_1_41' title='bbox 1119 1039 1324 1141; x_wconf 80' lang='lat' dir='ltr'><strong>generalem</strong></span> <span class='ocrx_word' id='word_1_42' title='bbox 1344 1065 1441 1116; x_wconf 89' lang='lat' dir='ltr'><strong>con-</strong></span> 
     </span>
     <span class='ocr_line' id='line_1_7' title="bbox 124 1159 1442 1262; baseline 0.004 -29"><span class='ocrx_word' id='word_1_43' title='bbox 124 1178 270 1234; x_wconf 76' lang='lat' dir='ltr'><strong>rentiam</strong></span> <span class='ocrx_word' id='word_1_44' title='bbox 294 1187 430 1262; x_wconf 83' lang='lat' dir='ltr'><strong>pugnae</strong></span> <span class='ocrx_word' id='word_1_45' title='bbox 458 1159 635 1235; x_wconf 87' lang='lat' dir='ltr'><strong>celeritate</strong></span> <span class='ocrx_word' id='word_1_46' title='bbox 662 1183 888 1259; x_wconf 88' lang='lat' dir='ltr'><strong>praecurrere</strong></span> <span class='ocrx_word' id='word_1_47' title='bbox 914 1163 1090 1254; x_wconf 88' lang='lat' dir='ltr'><strong>monitus,</strong></span> <span class='ocrx_word' id='word_1_48' title='bbox 1125 1162 1442 1254; x_wconf 82' lang='lat' dir='ltr'><strong>aLundensibns,</strong></span> 
     </span>
     <span class='ocr_line' id='line_1_8' title="bbox 122 1281 1441 1386; baseline 0.002 -29"><span class='ocrx_word' id='word_1_49' title='bbox 122 1284 381 1384; x_wconf 72' lang='lat' dir='ltr'><strong>stipendiorum</strong></span> <span class='ocrx_word' id='word_1_50' title='bbox 396 1285 479 1359; x_wconf 88' lang='lat' dir='ltr'><strong>loco</strong></span> <span class='ocrx_word' id='word_1_51' title='bbox 497 1281 721 1383; x_wconf 76' lang='lat' dir='ltr'><strong>vectigalium</strong></span> <span class='ocrx_word' id='word_1_52' title='bbox 735 1281 949 1358; x_wconf 84' lang='lat' dir='ltr'><strong>laxationem</strong></span> <span class='ocrx_word' id='word_1_53' title='bbox 961 1284 1204 1384; x_wconf 87' lang='lat' dir='ltr'><strong>poscentibus,</strong></span> <span class='ocrx_word' id='word_1_54' title='bbox 1219 1285 1441 1386; x_wconf 80' lang='lat' dir='ltr'><strong>aliquamdiu</strong></span> 
     </span>
     <span class='ocr_line' id='line_1_9' title="bbox 124 1403 1443 1508; baseline 0.002 -27"><span class='ocrx_word' id='word_1_55' title='bbox 124 1423 329 1482; x_wconf 84' lang='lat' dir='ltr'><strong>retentatur.</strong></span> <span class='ocrx_word' id='word_1_56' title='bbox 370 1407 525 1502; x_wconf 66' lang='lat' dir='ltr'><strong>Quibus</strong></span> <span class='ocrx_word' id='word_1_57' title='bbox 548 1403 722 1496; x_wconf 86' lang='lat' dir='ltr'><strong>obtentis,</strong></span> <span class='ocrx_word' id='word_1_58' title='bbox 756 1407 795 1477; x_wconf 94' lang='lat' dir='ltr'><strong>in</strong></span> <span class='ocrx_word' id='word_1_59' title='bbox 824 1407 1028 1504; x_wconf 79' lang='lat' dir='ltr'><strong>proximum</strong></span> <span class='ocrx_word' id='word_1_60' title='bbox 1054 1433 1227 1508; x_wconf 91' lang='lat' dir='ltr'><strong>campum</strong></span> <span class='ocrx_word' id='word_1_61' title='bbox 1250 1410 1443 1483; x_wconf 81' lang='lat' dir='ltr'><strong>excessisse</strong></span> 
     </span>
     <span class='ocr_line' id='line_1_10' title="bbox 124 1526 1440 1631; baseline -0.002 -27"><span class='ocrx_word' id='word_1_62' title='bbox 124 1532 295 1623; x_wconf 90' lang='lat' dir='ltr'><strong>contenti,</strong></span> <span class='ocrx_word' id='word_1_63' title='bbox 321 1527 464 1630; x_wconf 89' lang='lat' dir='ltr'><strong>longius</strong></span> <span class='ocrx_word' id='word_1_64' title='bbox 487 1553 582 1621; x_wconf 88' lang='lat' dir='ltr'><strong>eum,</strong></span> <span class='ocrx_word' id='word_1_65' title='bbox 608 1526 680 1602; x_wconf 90' lang='lat' dir='ltr'><strong>sub</strong></span> <span class='ocrx_word' id='word_1_66' title='bbox 704 1528 932 1602; x_wconf 79' lang='lat' dir='ltr'><strong>excusatione</strong></span> <span class='ocrx_word' id='word_1_67' title='bbox 955 1530 1103 1604; x_wconf 87' lang='lat' dir='ltr'><strong>tuendae</strong></span> <span class='ocrx_word' id='word_1_68' title='bbox 1124 1531 1245 1621; x_wconf 90' lang='lat' dir='ltr'><strong>urbis,</strong></span> <span class='ocrx_word' id='word_1_69' title='bbox 1266 1534 1440 1631; x_wconf 81' lang='lat' dir='ltr'><strong>prosequi</strong></span> 
     </span>
     <span class='ocr_line' id='line_1_11' title="bbox 123 1649 1442 1753; baseline 0 -27"><span class='ocrx_word' id='word_1_70' title='bbox 123 1650 413 1750; x_wconf 83' lang='lat' dir='ltr'><strong>supersederunt.</strong></span> <span class='ocrx_word' id='word_1_71' title='bbox 450 1651 492 1724; x_wconf 92' lang='lat' dir='ltr'><strong>ld</strong></span> <span class='ocrx_word' id='word_1_72' title='bbox 514 1653 592 1753; x_wconf 90' lang='lat' dir='ltr'><strong>regi</strong></span> <span class='ocrx_word' id='word_1_73' title='bbox 609 1649 744 1724; x_wconf 89' lang='lat' dir='ltr'><strong>tardius</strong></span> <span class='ocrx_word' id='word_1_74' title='bbox 756 1649 880 1724; x_wconf 87' lang='lat' dir='ltr'><strong>hostes</strong></span> <span class='ocrx_word' id='word_1_75' title='bbox 891 1653 1095 1752; x_wconf 62' lang='lat' dir='ltr'><strong>&#39;excipiendi</strong></span> <span class='ocrx_word' id='word_1_76' title='bbox 1110 1677 1255 1728; x_wconf 85' lang='lat' dir='ltr'><strong>causam</strong></span> <span class='ocrx_word' id='word_1_77' title='bbox 1272 1652 1442 1752; x_wconf 86' lang='lat' dir='ltr'><strong>praebuit.</strong></span> 
     </span>
     <span class='ocr_line' id='line_1_12' title="bbox 124 1772 1444 1876; baseline 0.002 -30"><span class='ocrx_word' id='word_1_78' title='bbox 124 1777 330 1875; x_wconf 87' lang='lat' dir='ltr'><strong>Getungum</strong></span> <span class='ocrx_word' id='word_1_79' title='bbox 356 1773 539 1874; x_wconf 84' lang='lat' dir='ltr'><strong>appellant</strong></span> <span class='ocrx_word' id='word_1_80' title='bbox 562 1775 756 1872; x_wconf 89' lang='lat' dir='ltr'><strong>pontem¹,</strong></span> <span class='ocrx_word' id='word_1_81' title='bbox 787 1772 888 1872; x_wconf 89' lang='lat' dir='ltr'><strong>apud</strong></span> <span class='ocrx_word' id='word_1_82' title='bbox 915 1801 1025 1875; x_wconf 87' lang='lat' dir='ltr'><strong>quem</strong></span> <span class='ocrx_word' id='word_1_83' title='bbox 1051 1793 1188 1850; x_wconf 86' lang='lat' dir='ltr'><strong>armata</strong></span> <span class='ocrx_word' id='word_1_84' title='bbox 1210 1776 1444 1876; x_wconf 88' lang='lat' dir='ltr'><strong>popularium</strong></span> 
     </span>
     <span class='ocr_line' id='line_1_13' title="bbox 126 1893 1445 2000; baseline 0.002 -30"><span class='ocrx_word' id='word_1_85' title='bbox 126 1923 262 1970; x_wconf 89' lang='lat' dir='ltr'><strong>corona</strong></span> <span class='ocrx_word' id='word_1_86' title='bbox 287 1898 458 1973; x_wconf 78' lang='lat' dir='ltr'><strong>consedit</strong></span> <span class='ocrx_word' id='word_1_87' title='bbox 514 1893 679 1970; x_wconf 80' lang='lat' dir='ltr'><strong>Grandes</strong></span> <span class='ocrx_word' id='word_1_88' title='bbox 710 1893 798 1968; x_wconf 92' lang='lat' dir='ltr'><strong>illuc</strong></span> <span class='ocrx_word' id='word_1_89' title='bbox 832 1894 998 1996; x_wconf 90' lang='lat' dir='ltr'><strong>lapidum</strong></span> <span class='ocrx_word' id='word_1_90' title='bbox 1039 1923 1188 1974; x_wconf 86' lang='lat' dir='ltr'><strong>acervos</strong></span> <span class='ocrx_word' id='word_1_91' title='bbox 1207 1896 1445 2000; x_wconf 85' lang='lat' dir='ltr'><strong>prohibendi</strong></span> 
     </span>
     <span class='ocr_line' id='line_1_14' title="bbox 126 2015 1446 2121; baseline 0.001 -28"><span class='ocrx_word' id='word_1_92' title='bbox 126 2021 246 2119; x_wconf 88' lang='lat' dir='ltr'><strong>pontis</strong></span> <span class='ocrx_word' id='word_1_93' title='bbox 269 2026 384 2121; x_wconf 86' lang='lat' dir='ltr'><strong>gratia</strong></span> <span class='ocrx_word' id='word_1_94' title='bbox 409 2042 538 2096; x_wconf 79' lang='lat' dir='ltr'><strong>vecors</strong></span> <span class='ocrx_word' id='word_1_95' title='bbox 562 2016 670 2090; x_wconf 90' lang='lat' dir='ltr'><strong>turha</strong></span> <span class='ocrx_word' id='word_1_96' title='bbox 693 2035 929 2116; x_wconf 81' lang='lat' dir='ltr'><strong>congesserat</strong></span> <span class='ocrx_word' id='word_1_97' title='bbox 984 2025 1059 2094; x_wconf 85' lang='lat' dir='ltr'><strong>Rex</strong></span> <span class='ocrx_word' id='word_1_98' title='bbox 1087 2021 1158 2096; x_wconf 90' lang='lat' dir='ltr'><strong>alio</strong></span> <span class='ocrx_word' id='word_1_99' title='bbox 1175 2015 1326 2096; x_wconf 68' lang='lat' dir='ltr'><strong>&#39;&#39;amuem</strong></span> <span class='ocrx_word' id='word_1_100' title='bbox 1347 2019 1446 2096; x_wconf 84' lang='lat' dir='ltr'><strong>vado</strong></span> 
     </span>
     <span class='ocr_line' id='line_1_15' title="bbox 126 2137 1444 2244; baseline 0.002 -28"><span class='ocrx_word' id='word_1_101' title='bbox 126 2160 387 2242; x_wconf 87' lang='lat' dir='ltr'><strong>transgressus,</strong></span> <span class='ocrx_word' id='word_1_102' title='bbox 413 2143 509 2216; x_wconf 84' lang='lat' dir='ltr'><strong>ierro</strong></span> <span class='ocrx_word' id='word_1_103' title='bbox 526 2137 720 2212; x_wconf 89' lang='lat' dir='ltr'><strong>decernere</strong></span> <span class='ocrx_word' id='word_1_104' title='bbox 735 2143 861 2214; x_wconf 81' lang='lat' dir='ltr'><strong>statuit.</strong></span> <span class='ocrx_word' id='word_1_105' title='bbox 907 2142 978 2216; x_wconf 86' lang='lat' dir='ltr'><strong>Sed</strong></span> <span class='ocrx_word' id='word_1_106' title='bbox 997 2143 1144 2242; x_wconf 90' lang='lat' dir='ltr'><strong>plebem</strong></span> <span class='ocrx_word' id='word_1_107' title='bbox 1161 2169 1234 2217; x_wconf 93' lang='lat' dir='ltr'><strong>non</strong></span> <span class='ocrx_word' id='word_1_108' title='bbox 1250 2162 1324 2219; x_wconf 86' lang='lat' dir='ltr'><strong>tam</strong></span> <span class='ocrx_word' id='word_1_109' title='bbox 1338 2167 1444 2244; x_wconf 83' lang='lat' dir='ltr'><strong>prte-</strong></span> 
     </span>
     <span class='ocr_line' id='line_1_16' title="bbox 126 2259 1446 2366; baseline 0.002 -28"><span class='ocrx_word' id='word_1_110' title='bbox 126 2267 238 2338; x_wconf 87' lang='lat' dir='ltr'><strong>sentia</strong></span> <span class='ocrx_word' id='word_1_111' title='bbox 260 2273 357 2366; x_wconf 81' lang='lat' dir='ltr'><strong>regis</strong></span> <span class='ocrx_word' id='word_1_112' title='bbox 383 2290 484 2340; x_wconf 88' lang='lat' dir='ltr'><strong>arma</strong></span> <span class='ocrx_word' id='word_1_113' title='bbox 516 2285 627 2362; x_wconf 89' lang='lat' dir='ltr'><strong>quam</strong></span> <span class='ocrx_word' id='word_1_114' title='bbox 655 2259 732 2335; x_wconf 90' lang='lat' dir='ltr'><strong>dira</strong></span> <span class='ocrx_word' id='word_1_115' title='bbox 760 2271 909 2340; x_wconf 87' lang='lat' dir='ltr'><strong>recentis</strong></span> <span class='ocrx_word' id='word_1_116' title='bbox 937 2267 1119 2340; x_wconf 86' lang='lat' dir='ltr'><strong>sociorum</strong></span> <span class='ocrx_word' id='word_1_117' title='bbox 1142 2264 1254 2342; x_wconf 88' lang='lat' dir='ltr'><strong>cladis</strong></span> <span class='ocrx_word' id='word_1_118' title='bbox 1279 2266 1446 2366; x_wconf 83' lang='lat' dir='ltr'><strong>exempla</strong></span> 
     </span>
     <span class='ocr_line' id='line_1_17' title="bbox 126 2388 1445 2490; baseline 0.001 -29"><span class='ocrx_word' id='word_1_119' title='bbox 126 2388 319 2464; x_wconf 87' lang='lat' dir='ltr'><strong>terrebant.</strong></span> <span class='ocrx_word' id='word_1_120' title='bbox 370 2389 486 2463; x_wconf 85' lang='lat' dir='ltr'><strong>Missis</strong></span> <span class='ocrx_word' id='word_1_121' title='bbox 505 2391 627 2487; x_wconf 89' lang='lat' dir='ltr'><strong>igitur,</strong></span> <span class='ocrx_word' id='word_1_122' title='bbox 653 2389 716 2484; x_wconf 90' lang='lat' dir='ltr'><strong>qui</strong></span> <span class='ocrx_word' id='word_1_123' title='bbox 734 2402 920 2483; x_wconf 89' lang='lat' dir='ltr'><strong>pontema</strong></span> <span class='ocrx_word' id='word_1_124' title='bbox 943 2412 1028 2488; x_wconf 89' lang='lat' dir='ltr'><strong>rege</strong></span> <span class='ocrx_word' id='word_1_125' title='bbox 1053 2390 1167 2487; x_wconf 89' lang='lat' dir='ltr'><strong>repeti</strong></span> <span class='ocrx_word' id='word_1_126' title='bbox 1193 2405 1445 2490; x_wconf 80' lang='lat' dir='ltr'><strong>precarentur,</strong></span> 
     </span>
     <span class='ocr_line' id='line_1_18' title="bbox 127 2508 1446 2610; baseline 0 -26"><span class='ocrx_word' id='word_1_127' title='bbox 127 2511 177 2584; x_wconf 90' lang='lat' dir='ltr'><strong>ab</strong></span> <span class='ocrx_word' id='word_1_128' title='bbox 201 2511 308 2584; x_wconf 84' lang='lat' dir='ltr'><strong>armis</strong></span> <span class='ocrx_word' id='word_1_129' title='bbox 331 2535 370 2585; x_wconf 90' lang='lat' dir='ltr'><strong>se</strong></span> <span class='ocrx_word' id='word_1_130' title='bbox 394 2510 629 2584; x_wconf 86' lang='lat' dir='ltr'><strong>discessuram</strong></span> <span class='ocrx_word' id='word_1_131' title='bbox 657 2509 839 2607; x_wconf 88' lang='lat' dir='ltr'><strong>promittit.</strong></span> <span class='ocrx_word' id='word_1_132' title='bbox 892 2513 1076 2610; x_wconf 72' lang='lat' dir='ltr'><strong>Praecipue</strong></span> <span class='ocrx_word' id='word_1_133' title='bbox 1098 2534 1222 2610; x_wconf 87' lang='lat' dir='ltr'><strong>regem</strong></span> <span class='ocrx_word' id='word_1_134' title='bbox 1242 2508 1446 2603; x_wconf 82' lang='lat' dir='ltr'><strong>Absalcnie,</strong></span> 
     </span>
     <span class='ocr_line' id='line_1_19' title="bbox 129 2629 1444 2734; baseline 0 -28"><span class='ocrx_word' id='word_1_135' title='bbox 129 2637 501 2733; x_wconf 84' lang='lat' dir='ltr'><strong>nimiam²agrestium</strong></span> <span class='ocrx_word' id='word_1_136' title='bbox 518 2647 672 2732; x_wconf 87' lang='lat' dir='ltr'><strong>stragem</strong></span> <span class='ocrx_word' id='word_1_137' title='bbox 683 2629 864 2706; x_wconf 85' lang='lat' dir='ltr'><strong>vitandam</strong></span> <span class='ocrx_word' id='word_1_138' title='bbox 882 2632 1041 2728; x_wconf 85' lang='lat' dir='ltr'><strong>dicentis,</strong></span> <span class='ocrx_word' id='word_1_139' title='bbox 1063 2650 1344 2734; x_wconf 88' lang='lat' dir='ltr'><strong>temperamenta</strong></span> <span class='ocrx_word' id='word_1_140' title='bbox 1369 2633 1444 2706; x_wconf 82' lang='lat' dir='ltr'><strong>lle-</strong></span> 
     </span>
     <span class='ocr_line' id='line_1_20' title="bbox 128 2753 1445 2856; baseline 0 -26"><span class='ocrx_word' id='word_1_141' title='bbox 128 2757 280 2831; x_wconf 88' lang='lat' dir='ltr'><strong>ctebant.</strong></span> <span class='ocrx_word' id='word_1_142' title='bbox 312 2756 476 2854; x_wconf 86' lang='lat' dir='ltr'><strong>Repetite</strong></span> <span class='ocrx_word' id='word_1_143' title='bbox 495 2771 615 2853; x_wconf 89' lang='lat' dir='ltr'><strong>ponte,</strong></span> <span class='ocrx_word' id='word_1_144' title='bbox 630 2753 815 2854; x_wconf 81' lang='lat' dir='ltr'><strong>supplices</strong></span> <span class='ocrx_word' id='word_1_145' title='bbox 831 2779 853 2826; x_wconf 91' lang='lat' dir='ltr'><strong>a</strong></span> <span class='ocrx_word' id='word_1_146' title='bbox 869 2755 1051 2830; x_wconf 85' lang='lat' dir='ltr'><strong>seditionis</strong></span> <span class='ocrx_word' id='word_1_147' title='bbox 1067 2756 1274 2832; x_wconf 81' lang='lat' dir='ltr'><strong>auctoribus</strong></span> <span class='ocrx_word' id='word_1_148' title='bbox 1288 2754 1336 2831; x_wconf 93' lang='lat' dir='ltr'><strong>ad</strong></span> <span class='ocrx_word' id='word_1_149' title='bbox 1351 2763 1445 2856; x_wconf 86' lang='lat' dir='ltr'><strong>regis</strong></span> 
     </span>
     <span class='ocr_line' id='line_1_21' title="bbox 127 2877 1447 2982; baseline 0.002 -29"><span class='ocrx_word' id='word_1_150' title='bbox 127 2905 246 2982; x_wconf 84' lang='lat' dir='ltr'><strong>genua</strong></span> <span class='ocrx_word' id='word_1_151' title='bbox 276 2901 403 2954; x_wconf 87' lang='lat' dir='ltr'><strong>manus</strong></span> <span class='ocrx_word' id='word_1_152' title='bbox 434 2877 646 2971; x_wconf 90' lang='lat' dir='ltr'><strong>tenduntur,</strong></span> <span class='ocrx_word' id='word_1_153' title='bbox 681 2895 887 2978; x_wconf 71' lang='lat' dir='ltr'><strong>‚cunctaque</strong></span> <span class='ocrx_word' id='word_1_154' title='bbox 922 2877 1120 2953; x_wconf 88' lang='lat' dir='ltr'><strong>famulandi</strong></span> <span class='ocrx_word' id='word_1_155' title='bbox 1155 2878 1276 2954; x_wconf 86' lang='lat' dir='ltr'><strong>officia</strong></span> <span class='ocrx_word' id='word_1_156' title='bbox 1305 2878 1447 2955; x_wconf 86' lang='lat' dir='ltr'><strong>avidius</strong></span> 
     </span>
     <span class='ocr_line' id='line_1_22' title="bbox 130 2999 1448 3104; baseline 0.002 -28"><span class='ocrx_word' id='word_1_157' title='bbox 130 3005 394 3104; x_wconf 85' lang='lat' dir='ltr'><strong>promittuntur.</strong></span> <span class='ocrx_word' id='word_1_158' title='bbox 448 3004 539 3074; x_wconf 91' lang='lat' dir='ltr'><strong>Cum</strong></span> <span class='ocrx_word' id='word_1_159' title='bbox 554 3000 601 3074; x_wconf 92' lang='lat' dir='ltr'><strong>de</strong></span> <span class='ocrx_word' id='word_1_160' title='bbox 622 2999 696 3074; x_wconf 88' lang='lat' dir='ltr'><strong>fide</strong></span> <span class='ocrx_word' id='word_1_161' title='bbox 713 3000 971 3100; x_wconf 81' lang='lat' dir='ltr'><strong>ambigeretur,</strong></span> <span class='ocrx_word' id='word_1_162' title='bbox 1007 3003 1263 3103; x_wconf 89' lang='lat' dir='ltr'><strong>jusjurandum</strong></span> <span class='ocrx_word' id='word_1_163' title='bbox 1285 3005 1448 3104; x_wconf 86' lang='lat' dir='ltr'><strong>promis-</strong></span> 
     </span>
     <span class='ocr_line' id='line_1_23' title="bbox 129 3121 1450 3224; baseline -0.003 -18"><span class='ocrx_word' id='word_1_164' title='bbox 129 3127 292 3206; x_wconf 82' lang='lat' dir='ltr'><strong>sionibus</strong></span> <span class='ocrx_word' id='word_1_165' title='bbox 313 3123 468 3200; x_wconf 82' lang='lat' dir='ltr'><strong>additur.</strong></span> <span class='ocrx_word' id='word_1_166' title='bbox 521 3127 576 3200; x_wconf 83' lang='lat' dir='ltr'><strong>ste</strong></span> <span class='ocrx_word' id='word_1_167' title='bbox 598 3122 697 3224; x_wconf 82' lang='lat' dir='ltr'><strong>vulgi</strong></span> <span class='ocrx_word' id='word_1_168' title='bbox 714 3121 870 3224; x_wconf 86' lang='lat' dir='ltr'><strong>collegio</strong></span> <span class='ocrx_word' id='word_1_169' title='bbox 897 3122 1065 3217; x_wconf 82' lang='lat' dir='ltr'><strong>dimisso,</strong></span> <span class='ocrx_word' id='word_1_170' title='bbox 1096 3126 1275 3202; x_wconf 88' lang='lat' dir='ltr'><strong>Lundiam</strong></span> <span class='ocrx_word' id='word_1_171' title='bbox 1301 3126 1450 3204; x_wconf 89' lang='lat' dir='ltr'><strong>reditur.</strong></span> 
     </span>
    </p>
   </div>
   <div class='ocr_carea' id='block_1_3' title="bbox 129 3491 1455 4220">
    <p class='ocr_par' dir='ltr' id='par_1_3' title="bbox 131 3491 1378 3569">
     <span class='ocr_line' id='line_1_24' title="bbox 131 3491 1378 3569; baseline 0.002 -11"><span class='ocrx_word' id='word_1_172' title='bbox 131 3503 215 3569; x_wconf 73' lang='lat' dir='ltr'><strong>isset,</strong></span> <span class='ocrx_word' id='word_1_173' title='bbox 237 3497 389 3558; x_wconf 78' lang='lat' dir='ltr'><strong>mattdcnit</strong></span> <span class='ocrx_word' id='word_1_174' title='bbox 408 3499 490 3568; x_wconf 62' lang='lat' dir='ltr'><strong>euti,</strong></span> <span class='ocrx_word' id='word_1_175' title='bbox 511 3511 544 3557; x_wconf 85' lang='lat' dir='ltr'><strong>ct</strong></span> <span class='ocrx_word' id='word_1_176' title='bbox 565 3499 709 3559; x_wconf 84' lang='lat' dir='ltr'><strong>irruerent</strong></span> <span class='ocrx_word' id='word_1_177' title='bbox 729 3499 760 3558; x_wconf 82' lang='lat' dir='ltr'><strong>tit</strong></span> <span class='ocrx_word' id='word_1_178' title='bbox 824 3491 1013 3558; x_wconf 75' lang='lat' dir='ltr'><strong>Anundaelel</strong></span> <span class='ocrx_word' id='word_1_179' title='bbox 1025 3491 1204 3560; x_wconf 81' lang='lat' dir='ltr'><strong>’&#39;rictcriam</strong></span> <span class='ocrx_word' id='word_1_180' title='bbox 1226 3493 1378 3561; x_wconf 83' lang='lat' dir='ltr'><strong>edidere.&#39;&#39;</strong></span> 
     </span>
    </p>

    <p class='ocr_par' dir='ltr' id='par_1_4' title="bbox 129 3601 1455 4220">
     <span class='ocr_line' id='line_1_25' title="bbox 129 3601 1450 3694; baseline 0.002 -28"><span class='ocrx_word' id='word_1_181' title='bbox 129 3629 189 3668; x_wconf 82' lang='lat' dir='ltr'><strong>eos.</strong></span> <span class='ocrx_word' id='word_1_182' title='bbox 239 3605 303 3687; x_wconf 79' lang='lat' dir='ltr'><strong>Qut</strong></span> <span class='ocrx_word' id='word_1_183' title='bbox 315 3625 404 3684; x_wconf 80' lang='lat' dir='ltr'><strong>jussa</strong></span> <span class='ocrx_word' id='word_1_184' title='bbox 424 3603 597 3688; x_wconf 79' lang='lat' dir='ltr'><strong>complentes</strong></span> <span class='ocrx_word' id='word_1_185' title='bbox 616 3605 764 3689; x_wconf 83' lang='lat' dir='ltr'><strong>plurimos</strong></span> <span class='ocrx_word' id='word_1_186' title='bbox 872 3604 1066 3684; x_wconf 79' lang='lat' dir='ltr'><strong>¹Getungam</strong></span> <span class='ocrx_word' id='word_1_187' title='bbox 1083 3606 1237 3690; x_wconf 76' lang='lat' dir='ltr'><strong>appellunt</strong></span> <span class='ocrx_word' id='word_1_188' title='bbox 1256 3601 1391 3694; x_wconf 81' lang='lat' dir='ltr'><strong>pontem]</strong></span> <span class='ocrx_word' id='word_1_189' title='bbox 1416 3605 1450 3668; x_wconf 84' lang='lat' dir='ltr'><strong>ln</strong></span> 
     </span>
     <span class='ocr_line' id='line_1_26' title="bbox 131 3704 1452 3794; baseline -0.002 -22"><span class='ocrx_word' id='word_1_190' title='bbox 131 3710 295 3788; x_wconf 83' lang='lat' dir='ltr'><strong>trucidant,</strong></span> <span class='ocrx_word' id='word_1_191' title='bbox 313 3710 420 3770; x_wconf 83' lang='lat' dir='ltr'><strong>multos</strong></span> <span class='ocrx_word' id='word_1_192' title='bbox 438 3713 528 3770; x_wconf 85' lang='lat' dir='ltr'><strong>etium</strong></span> <span class='ocrx_word' id='word_1_193' title='bbox 546 3732 578 3770; x_wconf 86' lang='lat' dir='ltr'><strong>se</strong></span> <span class='ocrx_word' id='word_1_194' title='bbox 598 3711 628 3770; x_wconf 83' lang='lat' dir='ltr'><strong>in</strong></span> <span class='ocrx_word' id='word_1_195' title='bbox 650 3731 761 3770; x_wconf 73' lang='lat' dir='ltr'><strong>ammm</strong></span> <span class='ocrx_word' id='word_1_196' title='bbox 824 3704 961 3789; x_wconf 85' lang='lat' dir='ltr'><strong>margine</strong></span> <span class='ocrx_word' id='word_1_197' title='bbox 986 3704 1127 3772; x_wconf 79' lang='lat' dir='ltr'><strong>editionis</strong></span> <span class='ocrx_word' id='word_1_198' title='bbox 1145 3711 1244 3794; x_wconf 87' lang='lat' dir='ltr'><strong>princ.</strong></span> <span class='ocrx_word' id='word_1_199' title='bbox 1265 3709 1452 3794; x_wconf 71' lang='lat' dir='ltr'><strong>adscriptum</strong></span> 
     </span>
     <span class='ocr_line' id='line_1_27' title="bbox 129 3813 1451 3900; baseline 0.002 -24"><span class='ocrx_word' id='word_1_200' title='bbox 129 3839 259 3898; x_wconf 82' lang='lat' dir='ltr'><strong>mergere</strong></span> <span class='ocrx_word' id='word_1_201' title='bbox 282 3816 488 3900; x_wconf 81' lang='lat' dir='ltr'><strong>compulerunt.</strong></span> <span class='ocrx_word' id='word_1_202' title='bbox 538 3816 679 3878; x_wconf 69' lang='lat' dir='ltr'><strong>Violenter</strong></span> <span class='ocrx_word' id='word_1_203' title='bbox 703 3817 760 3897; x_wconf 82' lang='lat' dir='ltr'><strong>igt&#39;-</strong></span> <span class='ocrx_word' id='word_1_204' title='bbox 825 3822 886 3874; x_wconf 81' lang='lat' dir='ltr'><strong>est-t</strong></span> <span class='ocrx_word' id='word_1_205' title='bbox 907 3813 1115 3896; x_wconf 78' lang='lat' dir='ltr'><strong>Gyldt&#39;ngebro.</strong></span> <span class='ocrx_word' id='word_1_206' title='bbox 1157 3817 1282 3894; x_wconf 65' lang='lat' dir='ltr'><strong>Rectius</strong></span> <span class='ocrx_word' id='word_1_207' title='bbox 1296 3827 1398 3878; x_wconf 83' lang='lat' dir='ltr'><strong>lemen</strong></span> <span class='ocrx_word' id='word_1_208' title='bbox 1419 3815 1451 3876; x_wconf 86' lang='lat' dir='ltr'><strong>lu</strong></span> 
     </span>
     <span class='ocr_line' id='line_1_28' title="bbox 130 3917 1453 4006; baseline 0.001 -24"><span class='ocrx_word' id='word_1_209' title='bbox 130 3924 255 4004; x_wconf 68' lang='grc' dir='ltr'><em>ταν,ᾳυὶ</em></span> <span class='ocrx_word' id='word_1_210' title='bbox 263 3943 299 3982; x_wconf 81' lang='lat' dir='ltr'><strong>ee</strong></span> <span class='ocrx_word' id='word_1_211' title='bbox 311 3939 399 4006; x_wconf 83' lang='lat' dir='ltr'><strong>parte</strong></span> <span class='ocrx_word' id='word_1_212' title='bbox 417 3924 513 3983; x_wconf 85' lang='lat' dir='ltr'><strong>altera</strong></span> <span class='ocrx_word' id='word_1_213' title='bbox 524 3921 760 3992; x_wconf 77' lang='lat' dir='ltr'><strong>amntsstatam,</strong></span> <span class='ocrx_word' id='word_1_214' title='bbox 827 3929 913 3980; x_wconf 83' lang='lat' dir='ltr'><strong>textu</strong></span> <span class='ocrx_word' id='word_1_215' title='bbox 926 3938 1037 3981; x_wconf 87' lang='lat' dir='ltr'><strong>nomen</strong></span> <span class='ocrx_word' id='word_1_216' title='bbox 1051 3917 1194 3984; x_wconf 85' lang='lat' dir='ltr'><strong>scribitur</strong></span> <span class='ocrx_word' id='word_1_217' title='bbox 1200 3944 1210 4001; x_wconf 92' lang='lat'>;</span> <span class='ocrx_word' id='word_1_218' title='bbox 1226 3944 1295 3984; x_wconf 88' lang='lat' dir='ltr'><strong>nam</strong></span> <span class='ocrx_word' id='word_1_219' title='bbox 1311 3921 1348 3984; x_wconf 88' lang='lat' dir='ltr'><strong>de</strong></span> <span class='ocrx_word' id='word_1_220' title='bbox 1357 3932 1453 4006; x_wconf 82' lang='lat' dir='ltr'><strong>ponte</strong></span> 
     </span>
     <span class='ocr_line' id='line_1_29' title="bbox 131 4027 1454 4114; baseline 0.003 -28"><span class='ocrx_word' id='word_1_221' title='bbox 131 4027 205 4108; x_wconf 81' lang='lat' dir='ltr'><strong>quid</strong></span> <span class='ocrx_word' id='word_1_222' title='bbox 222 4029 310 4087; x_wconf 80' lang='lat' dir='ltr'><strong>sociis</strong></span> <span class='ocrx_word' id='word_1_223' title='bbox 330 4029 403 4089; x_wconf 85' lang='lat' dir='ltr'><strong>mclt&#39;</strong></span> <span class='ocrx_word' id='word_1_224' title='bbox 418 4032 590 4099; x_wconf 83' lang='lat' dir='ltr'><strong>t&#39;rnmt&#39;ueret,</strong></span> <span class='ocrx_word' id='word_1_225' title='bbox 612 4049 664 4089; x_wconf 82' lang='lat' dir='ltr'><strong>nec</strong></span> <span class='ocrx_word' id='word_1_226' title='bbox 682 4029 759 4088; x_wconf 83' lang='lat' dir='ltr'><strong>viam</strong></span> <span class='ocrx_word' id='word_1_227' title='bbox 824 4043 926 4088; x_wconf 80' lang='lat' dir='ltr'><strong>termo</strong></span> <span class='ocrx_word' id='word_1_228' title='bbox 946 4037 1010 4110; x_wconf 70' lang='lat' dir='ltr'><strong>est,</strong></span> <span class='ocrx_word' id='word_1_229' title='bbox 1031 4028 1112 4090; x_wconf 84' lang='lat' dir='ltr'><strong>amni</strong></span> <span class='ocrx_word' id='word_1_230' title='bbox 1135 4027 1454 4114; x_wconf 70' lang='lat' dir='ltr'><strong>Laddecae(lt.1ia”fi</strong></span> 
     </span>
     <span class='ocr_line' id='line_1_30' title="bbox 131 4115 1455 4220; baseline -0.001 -24"><span class='ocrx_word' id='word_1_231' title='bbox 131 4131 265 4196; x_wconf 78' lang='lat' dir='ltr'><strong>adeundi</strong></span> <span class='ocrx_word' id='word_1_232' title='bbox 275 4149 304 4194; x_wconf 85' lang='lat' dir='ltr'><strong>et</strong></span> <span class='ocrx_word' id='word_1_233' title='bbox 315 4115 446 4214; x_wconf 79' lang='lat' dir='ltr'><strong>juvandi</strong></span> <span class='ocrx_word' id='word_1_234' title='bbox 459 4159 509 4196; x_wconf 82' lang='lat' dir='ltr'><strong>eos</strong></span> <span class='ocrx_word' id='word_1_235' title='bbox 518 4150 634 4220; x_wconf 86' lang='lat' dir='ltr'><strong>patere,</strong></span> <span class='ocrx_word' id='word_1_236' title='bbox 645 4132 760 4217; x_wconf 82' lang='lat' dir='ltr'><strong>sugam</strong></span> <span class='ocrx_word' id='word_1_237' title='bbox 826 4133 960 4217; x_wconf 72' lang='lat' dir='ltr'><strong>leuge-cin</strong></span> <span class='ocrx_word' id='word_1_238' title='bbox 983 4155 1013 4196; x_wconf 76' lang='lat' dir='ltr'><strong>v.</strong></span> <span class='ocrx_word' id='word_1_239' title='bbox 1040 4137 1214 4220; x_wconf 75' lang='lat' dir='ltr'><strong>Lycide-dn)</strong></span> <span class='ocrx_word' id='word_1_240' title='bbox 1240 4134 1373 4220; x_wconf 84' lang='lat' dir='ltr'><strong>injecto,</strong></span> <span class='ocrx_word' id='word_1_241' title='bbox 1401 4133 1455 4218; x_wconf 85' lang='lat' dir='ltr'><strong>qui</strong></span> 
     </span>
    </p>
   </div>
   <div class='ocr_carea' id='block_1_4' title="bbox 130 4237 1585 4327">
    <p class='ocr_par' dir='ltr' id='par_1_5' title="bbox 130 4237 1585 4327">
     <span class='ocr_line' id='line_1_31' title="bbox 130 4237 1585 4327; baseline 0.001 -27"><span class='ocrx_word' id='word_1_242' title='bbox 130 4241 260 4301; x_wconf 80' lang='lat' dir='ltr'><strong>t&#39;nierunt</strong></span> <span class='ocrx_word' id='word_1_243' title='bbox 281 4241 416 4300; x_wconf 69' lang='lat' dir='ltr'><strong>uniuersi.</strong></span> <span class='ocrx_word' id='word_1_244' title='bbox 459 4241 511 4316; x_wconf 81' lang='lat' dir='ltr'><strong>At,</strong></span> <span class='ocrx_word' id='word_1_245' title='bbox 533 4237 559 4301; x_wconf 82' lang='lat' dir='ltr'><strong>si</strong></span> <span class='ocrx_word' id='word_1_246' title='bbox 581 4238 624 4300; x_wconf 87' lang='lat' dir='ltr'><strong>ita</strong></span> <span class='ocrx_word' id='word_1_247' title='bbox 641 4255 690 4300; x_wconf 83' lang='lat' dir='ltr'><strong>rea</strong></span> <span class='ocrx_word' id='word_1_248' title='bbox 709 4257 761 4326; x_wconf 67' lang='lat' dir='ltr'><strong>ge7</strong></span> <span class='ocrx_word' id='word_1_249' title='bbox 827 4255 951 4322; x_wconf 85' lang='lat' dir='ltr'><strong>campos</strong></span> <span class='ocrx_word' id='word_1_250' title='bbox 969 4239 1107 4303; x_wconf 79' lang='lat' dir='ltr'><strong>vicorum</strong></span> <span class='ocrx_word' id='word_1_251' title='bbox 1127 4245 1253 4327; x_wconf 82' lang='lat' dir='ltr'><strong>Getiuge</strong></span> <span class='ocrx_word' id='word_1_252' title='bbox 1272 4241 1304 4304; x_wconf 91' lang='lat' dir='ltr'><strong>in</strong></span> <span class='ocrx_word' id='word_1_253' title='bbox 1320 4243 1455 4303; x_wconf 74' lang='lat' dir='ltr'><strong>ttornae-</strong></span> <span class='ocrx_word' id='word_1_254' title='bbox 1580 4303 1585 4312; x_wconf 69' lang='grc'><strong>,</strong></span> 
     </span>
    </p>
   </div>
   <div class='ocr_carea' id='block_1_5' title="bbox 129 4339 1457 4965">
    <p class='ocr_par' dir='ltr' id='par_1_6' title="bbox 129 4339 1457 4965">
     <span class='ocr_line' id='line_1_32' title="bbox 130 4339 1454 4432; baseline 0.003 -26"><span class='ocrx_word' id='word_1_255' title='bbox 130 4355 178 4406; x_wconf 85' lang='lat' dir='ltr'><strong>sta</strong></span> <span class='ocrx_word' id='word_1_256' title='bbox 203 4351 267 4422; x_wconf 79' lang='lat' dir='ltr'><strong>esi,</strong></span> <span class='ocrx_word' id='word_1_257' title='bbox 296 4362 368 4422; x_wconf 82' lang='lat' dir='ltr'><strong>rex,</strong></span> <span class='ocrx_word' id='word_1_258' title='bbox 394 4339 435 4407; x_wconf 77' lang='lat' dir='ltr'><strong>”e</strong></span> <span class='ocrx_word' id='word_1_259' title='bbox 455 4343 544 4428; x_wconf 84' lang='lat' dir='ltr'><strong>plaga</strong></span> <span class='ocrx_word' id='word_1_260' title='bbox 567 4343 691 4406; x_wconf 84' lang='lat' dir='ltr'><strong>australi</strong></span> <span class='ocrx_word' id='word_1_261' title='bbox 713 4363 761 4406; x_wconf 87' lang='lat' dir='ltr'><strong>re·</strong></span> <span class='ocrx_word' id='word_1_262' title='bbox 827 4345 916 4407; x_wconf 78' lang='lat' dir='ltr'><strong>haret</strong></span> <span class='ocrx_word' id='word_1_263' title='bbox 943 4343 974 4409; x_wconf 79' lang='lat' dir='ltr'><strong>et</strong></span> <span class='ocrx_word' id='word_1_264' title='bbox 1005 4349 1178 4432; x_wconf 81' lang='lat' dir='ltr'><strong>Garstangll</strong></span> <span class='ocrx_word' id='word_1_265' title='bbox 1198 4347 1244 4426; x_wconf 81' lang='lat' dir='ltr'><strong>(h.</strong></span> <span class='ocrx_word' id='word_1_266' title='bbox 1261 4343 1454 4431; x_wconf 81' lang='lat' dir='ltr'><strong>Gdrstciuga)</strong></span> 
     </span>
     <span class='ocr_line' id='line_1_33' title="bbox 131 4443 1456 4538; baseline 0.004 -28"><span class='ocrx_word' id='word_1_267' title='bbox 131 4443 283 4535; x_wconf 82' lang='lat' dir='ltr'><strong>gressm,’&#39;</strong></span> <span class='ocrx_word' id='word_1_268' title='bbox 301 4448 446 4528; x_wconf 84' lang='lat' dir='ltr'><strong>minime,</strong></span> <span class='ocrx_word' id='word_1_269' title='bbox 474 4461 508 4514; x_wconf 91' lang='lat' dir='ltr'><strong>nt</strong></span> <span class='ocrx_word' id='word_1_270' title='bbox 524 4450 593 4514; x_wconf 85' lang='lat' dir='ltr'><strong>rnlt</strong></span> <span class='ocrx_word' id='word_1_271' title='bbox 606 4448 689 4513; x_wconf 89' lang='lat' dir='ltr'><strong>idem</strong></span> <span class='ocrx_word' id='word_1_272' title='bbox 709 4469 763 4511; x_wconf 83' lang='lat' dir='ltr'><strong>au·</strong></span> <span class='ocrx_word' id='word_1_273' title='bbox 826 4448 859 4512; x_wconf 93' lang='lat' dir='ltr'><strong>in</strong></span> <span class='ocrx_word' id='word_1_274' title='bbox 877 4453 1074 4516; x_wconf 72' lang='lat' dir='ltr'><strong>Frustaltoer‘er</strong></span> <span class='ocrx_word' id='word_1_275' title='bbox 1091 4451 1306 4538; x_wconf 87' lang='lat' dir='ltr'><strong>conjungebat.</strong></span> <span class='ocrx_word' id='word_1_276' title='bbox 1340 4455 1390 4517; x_wconf 88' lang='lat' dir='ltr'><strong>De</strong></span> <span class='ocrx_word' id='word_1_277' title='bbox 1407 4469 1456 4518; x_wconf 87' lang='lat' dir='ltr'><strong>re·</strong></span> 
     </span>
     <span class='ocr_line' id='line_1_34' title="bbox 130 4551 1457 4641; baseline 0.005 -25"><span class='ocrx_word' id='word_1_278' title='bbox 130 4567 213 4631; x_wconf 88' lang='lat' dir='ltr'><strong>ctor,</strong></span> <span class='ocrx_word' id='word_1_279' title='bbox 233 4551 508 4636; x_wconf 71' lang='lat' dir='ltr'><strong>&#39;’indnundaelei,&#39;&#39;</strong></span> <span class='ocrx_word' id='word_1_280' title='bbox 529 4553 583 4620; x_wconf 82' lang='lat' dir='ltr'><strong>sed</strong></span> <span class='ocrx_word' id='word_1_281' title='bbox 601 4555 634 4618; x_wconf 89' lang='lat' dir='ltr'><strong>in</strong></span> <span class='ocrx_word' id='word_1_282' title='bbox 652 4573 761 4641; x_wconf 89' lang='lat' dir='ltr'><strong>campo</strong></span> <span class='ocrx_word' id='word_1_283' title='bbox 826 4553 883 4620; x_wconf 79' lang='lat' dir='ltr'><strong>bus</strong></span> <span class='ocrx_word' id='word_1_284' title='bbox 903 4555 954 4621; x_wconf 84' lang='lat' dir='ltr'><strong>hic</strong></span> <span class='ocrx_word' id='word_1_285' title='bbox 979 4559 1054 4623; x_wconf 82' lang='lat' dir='ltr'><strong>actis</strong></span> <span class='ocrx_word' id='word_1_286' title='bbox 1070 4561 1150 4624; x_wconf 90' lang='lat' dir='ltr'><strong>nihil</strong></span> <span class='ocrx_word' id='word_1_287' title='bbox 1170 4559 1284 4626; x_wconf 83' lang='lat' dir='ltr'><strong>habent</strong></span> <span class='ocrx_word' id='word_1_288' title='bbox 1304 4557 1355 4624; x_wconf 85' lang='lat' dir='ltr'><strong>alii</strong></span> <span class='ocrx_word' id='word_1_289' title='bbox 1382 4555 1457 4623; x_wconf 85' lang='lat' dir='ltr'><strong>scri·</strong></span> 
     </span>
     <span class='ocr_line' id='line_1_35' title="bbox 130 4659 1373 4747; baseline 0.005 -24"><span class='ocrx_word' id='word_1_290' title='bbox 130 4659 288 4746; x_wconf 85' lang='lat' dir='ltr'><strong>parochiae</strong></span> <span class='ocrx_word' id='word_1_291' title='bbox 312 4659 446 4746; x_wconf 74' lang='lat' dir='ltr'><strong>llarlcby</strong></span> <span class='ocrx_word' id='word_1_292' title='bbox 472 4661 600 4727; x_wconf 81' lang='lat' dir='ltr'><strong>rusticos</strong></span> <span class='ocrx_word' id='word_1_293' title='bbox 630 4659 762 4725; x_wconf 85' lang='lat' dir='ltr'><strong>debella·</strong></span> <span class='ocrx_word' id='word_1_294' title='bbox 828 4673 944 4747; x_wconf 82' lang='lat' dir='ltr'><strong>ptores.</strong></span> <span class='ocrx_word' id='word_1_295' title='bbox 1369 4676 1373 4688; x_wconf 83' lang='grc'><strong><em>’</em></strong></span> 
     </span>
     <span class='ocr_line' id='line_1_36' title="bbox 129 4765 1456 4862; baseline 0.003 -32"><span class='ocrx_word' id='word_1_296' title='bbox 129 4765 187 4830; x_wconf 86' lang='lat' dir='ltr'><strong>rit.</strong></span> <span class='ocrx_word' id='word_1_297' title='bbox 227 4769 347 4830; x_wconf 82' lang='lat' dir='ltr'><strong>Saxone</strong></span> <span class='ocrx_word' id='word_1_298' title='bbox 372 4789 447 4834; x_wconf 81' lang='lat' dir='ltr'><strong>vero</strong></span> <span class='ocrx_word' id='word_1_299' title='bbox 468 4769 639 4851; x_wconf 78' lang='lat' dir='ltr'><strong>referente,</strong></span> <span class='ocrx_word' id='word_1_300' title='bbox 667 4769 763 4835; x_wconf 75' lang='lat' dir='ltr'><strong>Abte·</strong></span> <span class='ocrx_word' id='word_1_301' title='bbox 874 4769 1056 4856; x_wconf 81' lang='lat' dir='ltr'><strong>²Nimicm]</strong></span> <span class='ocrx_word' id='word_1_302' title='bbox 1081 4777 1126 4839; x_wconf 91' lang='lat' dir='ltr'><strong>lta</strong></span> <span class='ocrx_word' id='word_1_303' title='bbox 1146 4773 1253 4862; x_wconf 76' lang='lat' dir='ltr'><strong>steph.</strong></span> <span class='ocrx_word' id='word_1_304' title='bbox 1266 4769 1333 4839; x_wconf 78' lang='lat' dir='ltr'><strong>Ed.</strong></span> <span class='ocrx_word' id='word_1_305' title='bbox 1357 4793 1405 4860; x_wconf 87' lang='lat' dir='ltr'><strong>pr.</strong></span> <span class='ocrx_word' id='word_1_306' title='bbox 1425 4774 1456 4834; x_wconf 82' lang='lat' dir='ltr'><strong>in</strong></span> 
     </span>
     <span class='ocr_line' id='line_1_37' title="bbox 133 4871 958 4965; baseline 0.01 -30"><span class='ocrx_word' id='word_1_307' title='bbox 133 4871 216 4936; x_wconf 84' lang='lat' dir='ltr'><strong>locis</strong></span> <span class='ocrx_word' id='word_1_308' title='bbox 238 4873 355 4960; x_wconf 80' lang='lat' dir='ltr'><strong>equitet</strong></span> <span class='ocrx_word' id='word_1_309' title='bbox 381 4897 489 4945; x_wconf 82' lang='lat' dir='ltr'><strong>revera</strong></span> <span class='ocrx_word' id='word_1_310' title='bbox 516 4878 549 4942; x_wconf 93' lang='lat' dir='ltr'><strong>in</strong></span> <span class='ocrx_word' id='word_1_311' title='bbox 572 4897 682 4965; x_wconf 85' lang='lat' dir='ltr'><strong>cunpo</strong></span> <span class='ocrx_word' id='word_1_312' title='bbox 704 4876 763 4945; x_wconf 85' lang='lat' dir='ltr'><strong>rici</strong></span> <span class='ocrx_word' id='word_1_313' title='bbox 830 4879 958 4959; x_wconf 74' lang='lat' dir='ltr'><strong>amium.</strong></span> 
     </span>
    </p>
   </div>
   <div class='ocr_carea' id='block_1_6' title="bbox 0 0 1787 5460">
    <p class='ocr_par' dir='ltr' id='par_1_7' title="bbox 0 0 1787 5460">
     <span class='ocr_line' id='line_1_38' title="bbox 0 0 1787 5460; baseline 0 0"><span class='ocrx_word' id='word_1_314' title='bbox 0 0 1787 5460; x_wconf 95' lang='lat' dir='ltr'><strong> </strong></span> 
     </span>
    </p>
   </div>
  </div>
 </body>
</html>
