3524 5460
229 391 235 404 Ι
365 291 440 372 aas
692 291 867 364 msron.
884 289 989 364 um.
1003 289 1141 362 nmen
1159 291 1250 366 xm

318 497 439 590 debat,
460 527 570 601 quam
586 503 623 574 in
637 499 752 574 fratris
773 499 1034 574 interfectorem
1059 498 1183 574 odium
1202 515 1286 572 erac
1349 501 1487 576 interea
1510 499 1626 590 Cbri-

318 628 479 714 stiernus,
492 625 770 698 necessariorum
779 646 888 696 manu
901 638 1092 713 contracta,
1101 624 1174 696 acie
1187 645 1310 722 regem
1325 621 1471 721 aggredi
1485 637 1627 698 statue·

318 745 392 820 bat.
443 747 557 844 Cujus
573 741 735 818 Nicolaus
749 767 823 818 non
837 743 955 820 solum
969 743 1179 835 defectione,
1198 741 1264 816 scd
1281 744 1387 818 miarn
1402 743 1520 820 hostili
1536 771 1625 819 mo·

320 862 441 940 litione
461 881 653 965 comperta,
678 868 809 965 copias,
824 893 916 967 quas
931 866 1126 952 aduersu·
1141 863 1264 942 hostes
1278 881 1510 960 contraxerat,
1533 870 1627 942 inter

320 986 771 1095 navalemflterrestremque
787 991 1144 1087 partiturexercitum.
1197 990 1291 1082 Quin
1307 989 1412 1062 etiam
1427 987 1625 1064 Christico-

321 1135 408 1183 num
425 1111 499 1182 acie
514 1109 674 1208 excipere
692 1129 805 1209 parnt,
824 1115 996 1210 Magnum
1013 1110 1116 1186 classi
1132 1107 1340 1208 praelectum
1355 1111 1461 1184 Erico
1474 1111 1625 1186 obvium

323 1230 482 1306 destinat.
542 1233 620 1304 lam
639 1255 726 1304 vero
743 1236 868 1309 Ericus
887 1231 936 1308 ad
950 1231 1112 1323 insulam,
1127 1236 1184 1306 cui
1202 1231 1290 1328 Syra
1307 1236 1473 1325 nomeu¹,
1498 1258 1627 1333 appu-

321 1353 417 1428 lerat.
467 1356 549 1447 Quo
564 1358 746 1450 ignorato,
774 1359 938 1456 Magnus,
964 1338 1052 1428 aura
1087 1377 1197 1452 quam
1226 1370 1356 1426 eventu
1389 1359 1628 1454 prosperiore,

323 1475 372 1548 ab
391 1479 517 1550 Arusia
540 1473 656 1567 solvit,
680 1480 901 1578 navigiisque
915 1476 990 1550 aliis
1004 1477 1072 1550 aliu
1088 1475 1399 1574 praecurrentibus,
1423 1501 1547 1576 sparsa
1560 1482 1627 1552 iu·-

324 1603 593 1696 compositaque
607 1597 719 1674 classe
735 1602 918 1697 processit.
971 1601 1084 1699 Cujus
1105 1601 1231 1674 Ericus
1247 1594 1403 1671 adventu
1418 1606 1628 1698 precogni-

325 1734 372 1813 to,
388 1720 523 1818 scapha
537 1737 704 1820 exceptus
716 1747 812 1796 nunc
825 1720 996 1824 singulos,
1008 1748 1105 1796 nunc
1119 1725 1304 1796 universos
1320 1717 1526 1794 classissuae
1542 1748 1629 1796 ma-

326 1845 465 1940 gistros,
489 1846 710 1942 maximeque
724 1847 866 1918 Petrum
882 1862 916 1919 et
930 1843 1139 1936 Haraldum,
1156 1867 1312 1943 quorum
1328 1825 1473 1916 dubiam
1490 1869 1629 1944 suspe-

325 1979 491 2064 ctamque
509 1963 616 2040 fidem
636 1964 812 2058 habebat,
838 1967 1112 2067 inpensioribus
1128 1991 1260 2066 pugnae
1281 1965 1507 2040 hortamentis
1516 1965 1630 2040 solli-

326 2087 415 2160 citat.
466 2093 589 2188 Neque
604 2093 696 2164 enim
713 2106 859 2188 repente
874 2115 957 2165 cum
976 2105 1046 2162 tota
1061 2090 1182 2188 Magni
1196 2087 1311 2162 classe
1333 2113 1480 2162 manum
1495 2113 1632 2163 couse-

327 2233 405 2282 rere
423 2211 609 2308 cupiebat,
633 2210 699 2284 sed
720 2216 879 2312 navigia,
911 2229 950 2286 ut
973 2213 1102 2310 cuique
1125 2209 1285 2285 celeritas
1302 2235 1449 2286 cursum
1473 2209 1631 2304 dederat,

328 2328 529 2406 accedentia
560 2332 737 2434 sigillatim
758 2351 947 2410 nautarum
973 2330 1210 2408 internecione
1244 2335 1402 2406 vastavit.
1464 2335 1631 2426 Quorum

303 2467 305 2472 ’
329 2456 480 2551 Magnus
497 2459 634 2531 eminus
647 2457 809 2556 pericula·
822 2456 1036 2558 speculatus,
1053 2457 1247 2547 confestim,
1262 2454 1418 2528 demisso
1435 2453 1536 2546 velo,
1557 2481 1632 2528 na-

330 2575 463 2674 vigium
477 2599 581 2652 suum
598 2579 764 2654 anchorae
781 2607 891 2678 quam
907 2605 1003 2654 aurae
1020 2577 1164 2652 credere
1185 2578 1407 2675 praeoptavit,
1422 2575 1634 2676 disjectam-

331 2721 404 2796 que
427 2699 557 2799 pelago
573 2703 722 2777 classem
741 2701 830 2774 lituo
850 2703 1027 2774 recinente
1042 2697 1223 2774 contraxit.
1282 2703 1393 2798 Igitur
1408 2703 1543 2798 ignavis
1565 2701 1630 2776 fu-

330 2843 426 2920 gam,
449 2821 655 2898 fortioribus
678 2846 837 2922 pugnam
854 2819 1215 2921 apprehendentibus,
1237 2823 1373 2912 Ericus,
1388 2847 1469 2896 cum
1485 2831 1630 2897 navium

331 2967 482 3017 numero
506 2962 707 3043 praestaret,
744 2945 936 3023 arctissimo
959 2969 1083 3018 earum
1105 2961 1269 3018 contextu
1290 2943 1428 3020 bostem
1449 2943 1632 3036 conclusit,

333 3086 375 3136 ac
390 3065 496 3140 veluti
512 3066 625 3142 classe
648 3066 798 3144 classem
824 3065 986 3159 obsedit,
1012 3070 1297 3164 atrocitatemque
1322 3059 1454 3176 ppgnae
1476 3067 1633 3166 augebat

333 3191 529 3261 necessitas.
579 3191 744 3288 Cumque
776 3193 938 3264 lutenses
956 3215 1073 3288 neque
1098 3191 1255 3276 victoriae
1284 3187 1486 3290 facultatem
1511 3217 1632 3290 neque

334 3307 429 3408 fugae
451 3316 591 3410 copiam
615 3311 767 3386 fortunae
793 3337 867 3386 suae
892 3327 1084 3408 suppetere
1108 3308 1286 3404 viderent,
1324 3311 1406 3386 duci
1428 3338 1537 3412 quam
1560 3313 1635 3386 sibi

335 3432 521 3507 consulere
537 3451 786 3532 praeoptantes,
811 3434 961 3508 salutern
985 3435 1064 3531 ejus
1084 3439 1239 3532 propriis
1257 3459 1442 3508 servavere
1456 3433 1635 3534 periculis.

335 3556 480 3653 Quippe
494 3559 763 3630 consertissimae
778 3557 896 3632 classis
922 3581 1075 3632 cuneum
1103 3558 1349 3654 irrumpentes,
1364 3558 1459 3658 'quia
1482 3561 1634 3632 victori-

335 3701 392 3750 am
407 3681 538 3778 Magno
555 3657 721 3778 praestare
735 3705 805 3752 non
821 3695 982 3778 poterant
990 3732 1000 3770 ,
1027 3683 1119 3752 victo
1135 3677 1256 3776 fugam
1272 3680 1491 3776 querebant.
1542 3685 1636 3752 Nam

335 3799 463 3893 eidem,
480 3827 737 3901 myoparonem
753 3809 924 3902 ingresso,
950 3798 1058 3874 veluti
1084 3800 1264 3898 quandam
1283 3801 1446 3893 elalpndi
1462 3802 1637 3892 semitam,

333 3931 467 4002 securis
484 3925 723 4022 periculorum
740 3927 875 4016 animis,
902 3923 1117 3997 extruebant.
1178 3928 1258 4017 Quo
1282 3924 1431 4022 dilapso,
1446 3921 1636 3994 nihilomi-

335 4069 403 4118 nus
421 4045 605 4144 pugnandi
621 4049 846 4146 pertinaciam
877 4053 1083 4136 retinenteS,
1109 4061 1168 4118 aut
1182 4064 1294 4120 morte
1320 4063 1380 4120 aut
1407 4051 1570 4146 captione
1585 4041 1639 4115 fi-

336 4171 456 4240 nivere
474 4167 620 4241 bellum.
680 4171 844 4268 Cumque
867 4175 1014 4242 victores
1037 4165 1158 4266 spoliis
1177 4168 1325 4242 devictae
1347 4169 1468 4244 classis
1490 4171 1639 4241 incuna-

337 4287 473 4382 berent,
490 4288 579 4364 inter
604 4308 759 4390 egestam
785 4294 934 4390 navigiis
957 4293 1118 4392 praedam
1152 4291 1332 4394 quendam
1360 4291 1439 4366 vebo
1467 4289 1639 4390 implica-

337 4422 412 4490 tum
425 4417 656 4511 conspiciunt.
709 4417 823 4513 Cujus
839 4409 881 4487 ex
897 4414 1117 4490 deformitate
1133 4415 1279 4488 latebrae
1297 4413 1521 4488 formidinem
1536 4412 1642 4486 aesti-

338 4547 490 4626 mantes,
514 4538 676 4632 protinus
701 4535 751 4610 ob
774 4537 952 4636 ignaviam
973 4563 1055 4611 eum
1084 4537 1215 4634 laqueo
1239 4551 1556 4634 consumpserunt,
1588 4540 1642 4608 uti

386 4764 394 4796 ¹
407 4761 465 4822 Cui
474 4762 553 4843 Syra
566 4759 679 4842 cerua]
700 4765 773 4845 Syra
788 4783 868 4830 nunc
885 4767 955 4846 Sey·
1015 4763 1079 4840 eri,
1093 4761 1189 4822 insula
1206 4757 1324 4826 duobos
1336 4758 1500 4824 miliariisa
1521 4753 1645 4821 suun-

904 4927 907 4932 .
1015 4865 1064 4928 dia
1085 4864 1206 4931 distans
