<?xml version="1.0" encoding="UTF-8"?>
<!DOCTYPE html PUBLIC "-//W3C//DTD XHTML 1.0 Transitional//EN"
    "http://www.w3.org/TR/xhtml1/DTD/xhtml1-transitional.dtd">
<html xmlns="http://www.w3.org/1999/xhtml" xml:lang="en" lang="en">
 <head>
  <title>
</title>
<meta http-equiv="Content-Type" content="text/html;charset=utf-8" />
  <meta name='ocr-system' content='tesseract 3.04.00' />
  <meta name='ocr-capabilities' content='ocr_page ocr_carea ocr_par ocr_line ocrx_word'/>
</head>
<body>
  <div class='ocr_page' id='page_1' title='image "./historiadanica01velsgoog_0250.png"; bbox 0 0 3508 5460; ppageno 0'>
   <div class='ocr_carea' id='block_1_1' title="bbox 580 379 1373 456">
    <p class='ocr_par' dir='ltr' id='par_1_1' title="bbox 580 379 1373 456">
     <span class='ocr_line' id='line_1_1' title="bbox 580 379 1373 456; baseline 0.008 -8"><span class='ocrx_word' id='word_1_1' title='bbox 580 379 908 452; x_wconf 79' lang='lat' dir='ltr'><strong>wttnsttttttis</strong></span> <span class='ocrx_word' id='word_1_2' title='bbox 927 381 950 449; x_wconf 91' lang='lat' dir='ltr'><strong>l.</strong></span> <span class='ocrx_word' id='word_1_3' title='bbox 1300 383 1373 456; x_wconf 80' lang='lat'><strong>787</strong></span> 
     </span>
    </p>
   </div>
   <div class='ocr_carea' id='block_1_2' title="bbox 98 553 1457 3760">
    <p class='ocr_par' dir='ltr' id='par_1_2' title="bbox 98 553 1457 3760">
     <span class='ocr_line' id='line_1_2' title="bbox 98 553 1420 688; baseline -0.002 -19"><span class='ocrx_word' id='word_1_4' title='bbox 98 593 215 669; x_wconf 85' lang='lat' dir='ltr'><strong>aeficii</strong></span> <span class='ocrx_word' id='word_1_5' title='bbox 232 593 316 666; x_wconf 90' lang='lat' dir='ltr'><strong>loco</strong></span> <span class='ocrx_word' id='word_1_6' title='bbox 335 594 511 686; x_wconf 81' lang='lat' dir='ltr'><strong>poposcit.</strong></span> <span class='ocrx_word' id='word_1_7' title='bbox 574 553 626 660; x_wconf 76' lang='lat' dir='ltr'><strong>Ed</strong></span> <span class='ocrx_word' id='word_1_8' title='bbox 642 613 681 662; x_wconf 89' lang='lat' dir='ltr'><strong>rc</strong></span> <span class='ocrx_word' id='word_1_9' title='bbox 709 597 914 686; x_wconf 78' lang='lat' dir='ltr'><strong>impetratu,</strong></span> <span class='ocrx_word' id='word_1_10' title='bbox 939 605 1067 664; x_wconf 79' lang='lat' dir='ltr'><strong>nautas</strong></span> <span class='ocrx_word' id='word_1_11' title='bbox 1088 592 1287 688; x_wconf 87' lang='lat' dir='ltr'><strong>impensius</strong></span> <span class='ocrx_word' id='word_1_12' title='bbox 1312 591 1420 666; x_wconf 87' lang='lat' dir='ltr'><strong>cdere</strong></span> 
     </span>
     <span class='ocr_line' id='line_1_3' title="bbox 98 709 1424 816; baseline -0.005 -24"><span class='ocrx_word' id='word_1_13' title='bbox 98 718 289 816; x_wconf 84' lang='lat' dir='ltr'><strong>remigium</strong></span> <span class='ocrx_word' id='word_1_14' title='bbox 314 709 496 802; x_wconf 77' lang='lat' dir='ltr'><strong>hortulus,</strong></span> <span class='ocrx_word' id='word_1_15' title='bbox 522 733 607 784; x_wconf 88' lang='lat' dir='ltr'><strong>cum</strong></span> <span class='ocrx_word' id='word_1_16' title='bbox 631 709 982 786; x_wconf 80' lang='lat' dir='ltr'><strong>vehementissimum</strong></span> <span class='ocrx_word' id='word_1_17' title='bbox 1009 711 1141 808; x_wconf 78' lang='lat' dir='ltr'><strong>navigii</strong></span> <span class='ocrx_word' id='word_1_18' title='bbox 1167 733 1316 786; x_wconf 88' lang='lat' dir='ltr'><strong>cursum</strong></span> <span class='ocrx_word' id='word_1_19' title='bbox 1340 722 1424 786; x_wconf 87' lang='lat' dir='ltr'><strong>ani-</strong></span> 
     </span>
     <span class='ocr_line' id='line_1_4' title="bbox 100 832 1424 936; baseline -0.003 -24"><span class='ocrx_word' id='word_1_20' title='bbox 100 838 354 928; x_wconf 83' lang='lat' dir='ltr'><strong>madverteret,</strong></span> <span class='ocrx_word' id='word_1_21' title='bbox 379 832 832 936; x_wconf 75' lang='lat' dir='ltr'><strong>projestogubcrnaculo,</strong></span> <span class='ocrx_word' id='word_1_22' title='bbox 856 857 1021 934; x_wconf 84' lang='lat' dir='ltr'><strong>praeeeps</strong></span> <span class='ocrx_word' id='word_1_23' title='bbox 1038 833 1155 909; x_wconf 88' lang='lat' dir='ltr'><strong>undas</strong></span> <span class='ocrx_word' id='word_1_24' title='bbox 1172 835 1314 929; x_wconf 72' lang='lat' dir='ltr'><strong>insiluit,</strong></span> <span class='ocrx_word' id='word_1_25' title='bbox 1340 844 1424 936; x_wconf 76' lang='lat' dir='ltr'><strong>pri-</strong></span> 
     </span>
     <span class='ocr_line' id='line_1_5' title="bbox 99 955 1425 1061; baseline -0.002 -25"><span class='ocrx_word' id='word_1_26' title='bbox 99 985 219 1061; x_wconf 90' lang='lat' dir='ltr'><strong>usque</strong></span> <span class='ocrx_word' id='word_1_27' title='bbox 237 983 276 1034; x_wconf 89' lang='lat' dir='ltr'><strong>se</strong></span> <span class='ocrx_word' id='word_1_28' title='bbox 289 955 416 1050; x_wconf 85' lang='lat' dir='ltr'><strong>littori,</strong></span> <span class='ocrx_word' id='word_1_29' title='bbox 442 980 555 1056; x_wconf 88' lang='lat' dir='ltr'><strong>quam</strong></span> <span class='ocrx_word' id='word_1_30' title='bbox 576 961 750 1030; x_wconf 76' lang='lat' dir='ltr'><strong>concitatu</strong></span> <span class='ocrx_word' id='word_1_31' title='bbox 768 961 854 1030; x_wconf 90' lang='lat' dir='ltr'><strong>ratis</strong></span> <span class='ocrx_word' id='word_1_32' title='bbox 867 959 1043 1054; x_wconf 90' lang='lat' dir='ltr'><strong>impetum</strong></span> <span class='ocrx_word' id='word_1_33' title='bbox 1060 964 1290 1052; x_wconf 77' lang='lat' dir='ltr'><strong>correxisset,</strong></span> <span class='ocrx_word' id='word_1_34' title='bbox 1315 964 1425 1036; x_wconf 85' lang='lat' dir='ltr'><strong>resti-</strong></span> 
     </span>
     <span class='ocr_line' id='line_1_6' title="bbox 99 1077 1424 1180; baseline 0 -22"><span class='ocrx_word' id='word_1_35' title='bbox 99 1091 175 1158; x_wconf 88' lang='lat' dir='ltr'><strong>tuit.</strong></span> <span class='ocrx_word' id='word_1_36' title='bbox 234 1087 284 1156; x_wconf 76' lang='lat' dir='ltr'><strong>its</strong></span> <span class='ocrx_word' id='word_1_37' title='bbox 306 1097 342 1155; x_wconf 84' lang='lat' dir='ltr'><strong>et</strong></span> <span class='ocrx_word' id='word_1_38' title='bbox 356 1101 424 1154; x_wconf 88' lang='lat' dir='ltr'><strong>suo</strong></span> <span class='ocrx_word' id='word_1_39' title='bbox 448 1079 613 1152; x_wconf 77' lang='lat' dir='ltr'><strong>acumine</strong></span> <span class='ocrx_word' id='word_1_40' title='bbox 639 1094 674 1152; x_wconf 88' lang='lat' dir='ltr'><strong>et</strong></span> <span class='ocrx_word' id='word_1_41' title='bbox 690 1077 846 1152; x_wconf 87' lang='lat' dir='ltr'><strong>bostium</strong></span> <span class='ocrx_word' id='word_1_42' title='bbox 872 1077 1037 1153; x_wconf 82' lang='lat' dir='ltr'><strong>socordia</strong></span> <span class='ocrx_word' id='word_1_43' title='bbox 1053 1098 1220 1154; x_wconf 87' lang='lat' dir='ltr'><strong>servatus</strong></span> <span class='ocrx_word' id='word_1_44' title='bbox 1234 1085 1424 1180; x_wconf 85' lang='lat' dir='ltr'><strong>periculo-</strong></span> 
     </span>
     <span class='ocr_line' id='line_1_7' title="bbox 99 1200 1425 1309; baseline 0 -28"><span class='ocrx_word' id='word_1_45' title='bbox 99 1231 192 1309; x_wconf 85' lang='lat' dir='ltr'><strong>que,</strong></span> <span class='ocrx_word' id='word_1_46' title='bbox 219 1205 278 1281; x_wconf 85' lang='lat' dir='ltr'><strong>cni</strong></span> <span class='ocrx_word' id='word_1_47' title='bbox 293 1203 560 1294; x_wconf 73' lang='lat' dir='ltr'><strong>destinabatur,</strong></span> <span class='ocrx_word' id='word_1_48' title='bbox 586 1217 752 1300; x_wconf 86' lang='lat' dir='ltr'><strong>ereptus,</strong></span> <span class='ocrx_word' id='word_1_49' title='bbox 778 1200 989 1294; x_wconf 87' lang='lat' dir='ltr'><strong>llaruldunt,</strong></span> <span class='ocrx_word' id='word_1_50' title='bbox 1012 1202 1155 1277; x_wconf 84' lang='lat' dir='ltr'><strong>amsndi</strong></span> <span class='ocrx_word' id='word_1_51' title='bbox 1176 1209 1289 1304; x_wconf 76' lang='lat' dir='ltr'><strong>gratia</strong></span> <span class='ocrx_word' id='word_1_52' title='bbox 1314 1225 1425 1280; x_wconf 88' lang='lat' dir='ltr'><strong>noctu</strong></span> 
     </span>
     <span class='ocr_line' id='line_1_8' title="bbox 100 1323 1424 1426; baseline -0.002 -21"><span class='ocrx_word' id='word_1_53' title='bbox 100 1349 219 1406; x_wconf 80' lang='lat' dir='ltr'><strong>castra</strong></span> <span class='ocrx_word' id='word_1_54' title='bbox 244 1329 395 1403; x_wconf 77' lang='lat' dir='ltr'><strong>latenter</strong></span> <span class='ocrx_word' id='word_1_55' title='bbox 414 1345 618 1426; x_wconf 81' lang='lat' dir='ltr'><strong>egressum,</strong></span> <span class='ocrx_word' id='word_1_56' title='bbox 645 1333 681 1396; x_wconf 90' lang='lat' dir='ltr'><strong>in</strong></span> <span class='ocrx_word' id='word_1_57' title='bbox 702 1323 867 1424; x_wconf 83' lang='lat' dir='ltr'><strong>smplexu</strong></span> <span class='ocrx_word' id='word_1_58' title='bbox 896 1323 1035 1424; x_wconf 87' lang='lat' dir='ltr'><strong>pellicis</strong></span> <span class='ocrx_word' id='word_1_59' title='bbox 1056 1342 1122 1424; x_wconf 86' lang='lat' dir='ltr'><strong>per</strong></span> <span class='ocrx_word' id='word_1_60' title='bbox 1142 1323 1287 1400; x_wconf 86' lang='lat' dir='ltr'><strong>insidias</strong></span> <span class='ocrx_word' id='word_1_61' title='bbox 1308 1329 1424 1402; x_wconf 86' lang='lat' dir='ltr'><strong>inter-</strong></span> 
     </span>
     <span class='ocr_line' id='line_1_9' title="bbox 103 1445 1426 1550; baseline -0.002 -22"><span class='ocrx_word' id='word_1_62' title='bbox 103 1456 226 1545; x_wconf 68' lang='lat' dir='ltr'><strong>imin,</strong></span> <span class='ocrx_word' id='word_1_63' title='bbox 252 1451 396 1526; x_wconf 81' lang='lat' dir='ltr'><strong>dautem</strong></span> <span class='ocrx_word' id='word_1_64' title='bbox 424 1471 555 1548; x_wconf 86' lang='lat' dir='ltr'><strong>poenas</strong></span> <span class='ocrx_word' id='word_1_65' title='bbox 576 1465 610 1522; x_wconf 87' lang='lat' dir='ltr'><strong>et</strong></span> <span class='ocrx_word' id='word_1_66' title='bbox 635 1445 717 1540; x_wconf 86' lang='lat' dir='ltr'><strong>sibi,</strong></span> <span class='ocrx_word' id='word_1_67' title='bbox 744 1467 854 1548; x_wconf 89' lang='lat' dir='ltr'><strong>quem</strong></span> <span class='ocrx_word' id='word_1_68' title='bbox 883 1463 1039 1548; x_wconf 70' lang='lat' dir='ltr'><strong>ceperat,</strong></span> <span class='ocrx_word' id='word_1_69' title='bbox 1065 1456 1100 1520; x_wconf 88' lang='lat' dir='ltr'><strong>et</strong></span> <span class='ocrx_word' id='word_1_70' title='bbox 1126 1452 1276 1548; x_wconf 83' lang='lat' dir='ltr'><strong>Magno,</strong></span> <span class='ocrx_word' id='word_1_71' title='bbox 1313 1467 1426 1550; x_wconf 83' lang='lat' dir='ltr'><strong>quern</strong></span> 
     </span>
     <span class='ocr_line' id='line_1_10' title="bbox 104 1565 1426 1677; baseline -0.002 -27"><span class='ocrx_word' id='word_1_72' title='bbox 104 1593 218 1677; x_wconf 74' lang='lat' dir='ltr'><strong>regno</strong></span> <span class='ocrx_word' id='word_1_73' title='bbox 235 1572 507 1672; x_wconf 77' lang='lat' dir='ltr'><strong>luminibusque</strong></span> <span class='ocrx_word' id='word_1_74' title='bbox 523 1573 736 1670; x_wconf 75' lang='lat' dir='ltr'><strong>privaverat.</strong></span> <span class='ocrx_word' id='word_1_75' title='bbox 770 1573 881 1672; x_wconf 77' lang='lat' dir='ltr'><strong>igitur</strong></span> <span class='ocrx_word' id='word_1_76' title='bbox 897 1585 939 1644; x_wconf 89' lang='lat' dir='ltr'><strong>ut</strong></span> <span class='ocrx_word' id='word_1_77' title='bbox 951 1569 1039 1644; x_wconf 85' lang='lat' dir='ltr'><strong>belli</strong></span> <span class='ocrx_word' id='word_1_78' title='bbox 1056 1565 1197 1644; x_wconf 85' lang='lat' dir='ltr'><strong>titulum</strong></span> <span class='ocrx_word' id='word_1_79' title='bbox 1211 1571 1426 1671; x_wconf 85' lang='lat' dir='ltr'><strong>apprehen-</strong></span> 
     </span>
     <span class='ocr_line' id='line_1_11' title="bbox 103 1691 1428 1796; baseline -0.001 -24"><span class='ocrx_word' id='word_1_80' title='bbox 103 1701 217 1789; x_wconf 76' lang='lat' dir='ltr'><strong>deret,</strong></span> <span class='ocrx_word' id='word_1_81' title='bbox 243 1700 362 1796; x_wconf 86' lang='lat' dir='ltr'><strong>ipsum</strong></span> <span class='ocrx_word' id='word_1_82' title='bbox 380 1701 545 1796; x_wconf 87' lang='lat' dir='ltr'><strong>protinus</strong></span> <span class='ocrx_word' id='word_1_83' title='bbox 563 1697 749 1793; x_wconf 83' lang='lat' dir='ltr'><strong>Magnum,</strong></span> <span class='ocrx_word' id='word_1_84' title='bbox 773 1691 1049 1768; x_wconf 73' lang='lat' dir='ltr'><strong>monachalibus</strong></span> <span class='ocrx_word' id='word_1_85' title='bbox 1067 1700 1178 1793; x_wconf 86' lang='lat' dir='ltr'><strong>septis</strong></span> <span class='ocrx_word' id='word_1_86' title='bbox 1194 1695 1428 1789; x_wconf 78' lang='lat' dir='ltr'><strong>abstractum,</strong></span> 
     </span>
     <span class='ocr_line' id='line_1_12' title="bbox 103 1814 1427 1917; baseline -0.007 -20"><span class='ocrx_word' id='word_1_87' title='bbox 103 1826 243 1897; x_wconf 86' lang='lat' dir='ltr'><strong>tametsi</strong></span> <span class='ocrx_word' id='word_1_88' title='bbox 262 1819 422 1895; x_wconf 76' lang='lat' dir='ltr'><strong>virilibus</strong></span> <span class='ocrx_word' id='word_1_89' title='bbox 438 1832 585 1910; x_wconf 84' lang='lat' dir='ltr'><strong>careret,</strong></span> <span class='ocrx_word' id='word_1_90' title='bbox 610 1821 727 1890; x_wconf 78' lang='lat' dir='ltr'><strong>virum</strong></span> <span class='ocrx_word' id='word_1_91' title='bbox 743 1814 893 1890; x_wconf 87' lang='lat' dir='ltr'><strong>iuduere</strong></span> <span class='ocrx_word' id='word_1_92' title='bbox 905 1814 1074 1916; x_wconf 80' lang='lat' dir='ltr'><strong>perpulit,</strong></span> <span class='ocrx_word' id='word_1_93' title='bbox 1098 1815 1348 1917; x_wconf 84' lang='lat' dir='ltr'><strong>dejectamque</strong></span> <span class='ocrx_word' id='word_1_94' title='bbox 1362 1837 1427 1892; x_wconf 88' lang='lat' dir='ltr'><strong>re-</strong></span> 
     </span>
     <span class='ocr_line' id='line_1_13' title="bbox 104 1939 1428 2046; baseline -0.016 -27"><span class='ocrx_word' id='word_1_95' title='bbox 104 1949 158 2046; x_wconf 83' lang='lat' dir='ltr'><strong>gis</strong></span> <span class='ocrx_word' id='word_1_96' title='bbox 176 1945 359 2018; x_wconf 87' lang='lat' dir='ltr'><strong>fort-unam</strong></span> <span class='ocrx_word' id='word_1_97' title='bbox 376 1939 424 2014; x_wconf 87' lang='lat' dir='ltr'><strong>sd</strong></span> <span class='ocrx_word' id='word_1_98' title='bbox 447 1942 635 2042; x_wconf 88' lang='lat' dir='ltr'><strong>pristinum</strong></span> <span class='ocrx_word' id='word_1_99' title='bbox 652 1942 753 2040; x_wconf 82' lang='lat' dir='ltr'><strong>regni</strong></span> <span class='ocrx_word' id='word_1_100' title='bbox 769 1939 950 2038; x_wconf 78' lang='lat' dir='ltr'><strong>fastigium</strong></span> <span class='ocrx_word' id='word_1_101' title='bbox 966 1945 1102 2040; x_wconf 82' lang='lat' dir='ltr'><strong>erigere</strong></span> <span class='ocrx_word' id='word_1_102' title='bbox 1125 1944 1263 2030; x_wconf 83' lang='lat' dir='ltr'><strong>statuit,</strong></span> <span class='ocrx_word' id='word_1_103' title='bbox 1288 1963 1334 2014; x_wconf 76' lang='lat' dir='ltr'><strong>ne</strong></span> <span class='ocrx_word' id='word_1_104' title='bbox 1353 1940 1428 2016; x_wconf 68' lang='lat' dir='ltr'><strong>de.</strong></span> 
     </span>
     <span class='ocr_line' id='line_1_14' title="bbox 105 2057 1428 2166; baseline -0.003 -24"><span class='ocrx_word' id='word_1_105' title='bbox 105 2083 209 2160; x_wconf 84' lang='lat' dir='ltr'><strong>esset,</strong></span> <span class='ocrx_word' id='word_1_106' title='bbox 228 2068 335 2166; x_wconf 67' lang='lat' dir='ltr'><strong>cupis</strong></span> <span class='ocrx_word' id='word_1_107' title='bbox 349 2069 561 2138; x_wconf 79' lang='lat' dir='ltr'><strong>auctoritate</strong></span> <span class='ocrx_word' id='word_1_108' title='bbox 577 2079 613 2137; x_wconf 86' lang='lat' dir='ltr'><strong>et</strong></span> <span class='ocrx_word' id='word_1_109' title='bbox 627 2062 730 2136; x_wconf 84' lang='lat' dir='ltr'><strong>titulo</strong></span> <span class='ocrx_word' id='word_1_110' title='bbox 739 2057 879 2136; x_wconf 84' lang='lat' dir='ltr'><strong>bellum</strong></span> <span class='ocrx_word' id='word_1_111' title='bbox 898 2061 1088 2137; x_wconf 77' lang='lat' dir='ltr'><strong>adversum</strong></span> <span class='ocrx_word' id='word_1_112' title='bbox 1100 2062 1246 2136; x_wconf 82' lang='lat' dir='ltr'><strong>llamldi</strong></span> <span class='ocrx_word' id='word_1_113' title='bbox 1260 2063 1428 2138; x_wconf 83' lang='lat' dir='ltr'><strong>subolem</strong></span> 
     </span>
     <span class='ocr_line' id='line_1_15' title="bbox 104 2180 1429 2288; baseline 0.001 -24"><span class='ocrx_word' id='word_1_114' title='bbox 104 2185 357 2288; x_wconf 71' lang='lat' dir='ltr'><strong>susciperetur.</strong></span> <span class='ocrx_word' id='word_1_115' title='bbox 407 2180 525 2286; x_wconf 77' lang='lat' dir='ltr'><strong>liujus</strong></span> <span class='ocrx_word' id='word_1_116' title='bbox 541 2193 664 2285; x_wconf 74' lang='lat' dir='ltr'><strong>itaque</strong></span> <span class='ocrx_word' id='word_1_117' title='bbox 687 2185 832 2258; x_wconf 85' lang='lat' dir='ltr'><strong>numine</strong></span> <span class='ocrx_word' id='word_1_118' title='bbox 848 2199 883 2258; x_wconf 86' lang='lat' dir='ltr'><strong>ct</strong></span> <span class='ocrx_word' id='word_1_119' title='bbox 898 2187 1065 2283; x_wconf 85' lang='lat' dir='ltr'><strong>auspiciis</strong></span> <span class='ocrx_word' id='word_1_120' title='bbox 1080 2181 1192 2260; x_wconf 79' lang='lat' dir='ltr'><strong>fretus</strong></span> <span class='ocrx_word' id='word_1_121' title='bbox 1208 2203 1294 2260; x_wconf 87' lang='lat' dir='ltr'><strong>curn</strong></span> <span class='ocrx_word' id='word_1_122' title='bbox 1312 2188 1429 2264; x_wconf 83' lang='lat' dir='ltr'><strong>tribus</strong></span> 
     </span>
     <span class='ocr_line' id='line_1_16' title="bbox 105 2295 1427 2408; baseline -0.001 -24"><span class='ocrx_word' id='word_1_123' title='bbox 105 2307 255 2386; x_wconf 81' lang='lat' dir='ltr'><strong>Harultli</strong></span> <span class='ocrx_word' id='word_1_124' title='bbox 273 2307 370 2404; x_wconf 86' lang='lat' dir='ltr'><strong>liliis,</strong></span> <span class='ocrx_word' id='word_1_125' title='bbox 396 2311 532 2408; x_wconf 85' lang='lat' dir='ltr'><strong>ingone</strong></span> <span class='ocrx_word' id='word_1_126' title='bbox 549 2322 585 2382; x_wconf 87' lang='lat' dir='ltr'><strong>st</strong></span> <span class='ocrx_word' id='word_1_127' title='bbox 601 2306 752 2382; x_wconf 81' lang='lat' dir='ltr'><strong>Sivsrdo</strong></span> <span class='ocrx_word' id='word_1_128' title='bbox 770 2323 805 2380; x_wconf 86' lang='lat' dir='ltr'><strong>et</strong></span> <span class='ocrx_word' id='word_1_129' title='bbox 821 2295 963 2400; x_wconf 70' lang='lat' dir='ltr'><strong>dacus,</strong></span> <span class='ocrx_word' id='word_1_130' title='bbox 988 2324 1178 2407; x_wconf 85' lang='lat' dir='ltr'><strong>pntemum</strong></span> <span class='ocrx_word' id='word_1_131' title='bbox 1196 2328 1350 2408; x_wconf 82' lang='lat' dir='ltr'><strong>regnum</strong></span> <span class='ocrx_word' id='word_1_132' title='bbox 1365 2312 1427 2384; x_wconf 80' lang='lat' dir='ltr'><strong>stl-</strong></span> 
     </span>
     <span class='ocr_line' id='line_1_17' title="bbox 107 2428 1428 2530; baseline 0.002 -24"><span class='ocrx_word' id='word_1_133' title='bbox 107 2431 345 2524; x_wconf 74' lang='lat' dir='ltr'><strong>lectsntibns,</strong></span> <span class='ocrx_word' id='word_1_134' title='bbox 367 2431 487 2506; x_wconf 73' lang='lat' dir='ltr'><strong>nessii</strong></span> <span class='ocrx_word' id='word_1_135' title='bbox 510 2433 703 2505; x_wconf 82' lang='lat' dir='ltr'><strong>certamine</strong></span> <span class='ocrx_word' id='word_1_136' title='bbox 726 2428 917 2506; x_wconf 71' lang='lat' dir='ltr'><strong>dimicarit.</strong></span> <span class='ocrx_word' id='word_1_137' title='bbox 987 2435 1027 2504; x_wconf 93' lang='lat' dir='ltr'><strong>ln</strong></span> <span class='ocrx_word' id='word_1_138' title='bbox 1053 2450 1129 2530; x_wconf 89' lang='lat' dir='ltr'><strong>quo</strong></span> <span class='ocrx_word' id='word_1_139' title='bbox 1162 2435 1293 2530; x_wconf 82' lang='lat' dir='ltr'><strong>partim</strong></span> <span class='ocrx_word' id='word_1_140' title='bbox 1316 2437 1428 2525; x_wconf 73' lang='lat' dir='ltr'><strong>cesis,</strong></span> 
     </span>
     <span class='ocr_line' id='line_1_18' title="bbox 107 2550 1428 2656; baseline -0.001 -28"><span class='ocrx_word' id='word_1_141' title='bbox 107 2559 237 2656; x_wconf 83' lang='lat' dir='ltr'><strong>partim</strong></span> <span class='ocrx_word' id='word_1_142' title='bbox 263 2554 480 2656; x_wconf 74' lang='lat' dir='ltr'><strong>fugientibus</strong></span> <span class='ocrx_word' id='word_1_143' title='bbox 497 2556 613 2648; x_wconf 87' lang='lat' dir='ltr'><strong>sociis,</strong></span> <span class='ocrx_word' id='word_1_144' title='bbox 639 2550 838 2626; x_wconf 88' lang='lat' dir='ltr'><strong>incredibili</strong></span> <span class='ocrx_word' id='word_1_145' title='bbox 852 2564 888 2626; x_wconf 87' lang='lat' dir='ltr'><strong>et</strong></span> <span class='ocrx_word' id='word_1_146' title='bbox 903 2557 1140 2652; x_wconf 80' lang='lat' dir='ltr'><strong>pcscstantiori</strong></span> <span class='ocrx_word' id='word_1_147' title='bbox 1154 2552 1321 2628; x_wconf 90' lang='lat' dir='ltr'><strong>humanis</strong></span> <span class='ocrx_word' id='word_1_148' title='bbox 1338 2556 1428 2627; x_wconf 81' lang='lat' dir='ltr'><strong>viri-</strong></span> 
     </span>
     <span class='ocr_line' id='line_1_19' title="bbox 108 2673 1429 2778; baseline -0.001 -25"><span class='ocrx_word' id='word_1_149' title='bbox 108 2681 179 2754; x_wconf 88' lang='lat' dir='ltr'><strong>bus</strong></span> <span class='ocrx_word' id='word_1_150' title='bbox 199 2678 407 2754; x_wconf 85' lang='lat' dir='ltr'><strong>sortitndinc</strong></span> <span class='ocrx_word' id='word_1_151' title='bbox 429 2677 528 2753; x_wconf 88' lang='lat' dir='ltr'><strong>solus</strong></span> <span class='ocrx_word' id='word_1_152' title='bbox 544 2673 768 2776; x_wconf 80' lang='lat' dir='ltr'><strong>aliquamdiu</strong></span> <span class='ocrx_word' id='word_1_153' title='bbox 785 2677 966 2778; x_wconf 79' lang='lat' dir='ltr'><strong>nstigiutn</strong></span> <span class='ocrx_word' id='word_1_154' title='bbox 983 2675 1033 2750; x_wconf 90' lang='lat' dir='ltr'><strong>ab</strong></span> <span class='ocrx_word' id='word_1_155' title='bbox 1047 2675 1212 2751; x_wconf 87' lang='lat' dir='ltr'><strong>hostibus</strong></span> <span class='ocrx_word' id='word_1_156' title='bbox 1231 2675 1429 2752; x_wconf 77' lang='lat' dir='ltr'><strong>v‘ntdicttvit.</strong></span> 
     </span>
     <span class='ocr_line' id='line_1_20' title="bbox 109 2799 1429 2900; baseline 0.002 -26"><span class='ocrx_word' id='word_1_157' title='bbox 109 2803 162 2876; x_wconf 76' lang='lat' dir='ltr'><strong>Ad</strong></span> <span class='ocrx_word' id='word_1_158' title='bbox 179 2801 366 2896; x_wconf 87' lang='lat' dir='ltr'><strong>nltirtmm,</strong></span> <span class='ocrx_word' id='word_1_159' title='bbox 382 2799 633 2899; x_wconf 86' lang='lat' dir='ltr'><strong>compluribus</strong></span> <span class='ocrx_word' id='word_1_160' title='bbox 654 2815 779 2874; x_wconf 84' lang='lat' dir='ltr'><strong>corum</strong></span> <span class='ocrx_word' id='word_1_161' title='bbox 794 2805 982 2899; x_wconf 87' lang='lat' dir='ltr'><strong>prostratis</strong></span> <span class='ocrx_word' id='word_1_162' title='bbox 1008 2801 1178 2897; x_wconf 87' lang='lat' dir='ltr'><strong>omnique</strong></span> <span class='ocrx_word' id='word_1_163' title='bbox 1196 2803 1429 2900; x_wconf 79' lang='lat' dir='ltr'><strong>superstitum</strong></span> 
     </span>
     <span class='ocr_line' id='line_1_21' title="bbox 107 2921 1429 3022; baseline 0.002 -24"><span class='ocrx_word' id='word_1_164' title='bbox 107 2923 336 2999; x_wconf 84' lang='lat' dir='ltr'><strong>multitudine</strong></span> <span class='ocrx_word' id='word_1_165' title='bbox 355 2923 403 2997; x_wconf 85' lang='lat' dir='ltr'><strong>ati</strong></span> <span class='ocrx_word' id='word_1_166' title='bbox 416 2943 456 3000; x_wconf 84' lang='lat' dir='ltr'><strong>se</strong></span> <span class='ocrx_word' id='word_1_167' title='bbox 469 2943 583 2998; x_wconf 88' lang='lat' dir='ltr'><strong>uuum</strong></span> <span class='ocrx_word' id='word_1_168' title='bbox 599 2921 881 3022; x_wconf 88' lang='lat' dir='ltr'><strong>opprimendum</strong></span> <span class='ocrx_word' id='word_1_169' title='bbox 901 2922 1061 3022; x_wconf 84' lang='lat' dir='ltr'><strong>undique</strong></span> <span class='ocrx_word' id='word_1_170' title='bbox 1076 2939 1323 3016; x_wconf 73' lang='lat' dir='ltr'><strong>concurrente,</strong></span> <span class='ocrx_word' id='word_1_171' title='bbox 1348 2928 1429 3000; x_wconf 83' lang='lat' dir='ltr'><strong>sin-</strong></span> 
     </span>
     <span class='ocr_line' id='line_1_22' title="bbox 109 3045 1430 3148; baseline 0.003 -28"><span class='ocrx_word' id='word_1_172' title='bbox 109 3049 224 3148; x_wconf 79' lang='lat' dir='ltr'><strong>gulari</strong></span> <span class='ocrx_word' id='word_1_173' title='bbox 240 3045 349 3120; x_wconf 85' lang='lat' dir='ltr'><strong>nandi</strong></span> <span class='ocrx_word' id='word_1_174' title='bbox 366 3045 489 3146; x_wconf 83' lang='lat' dir='ltr'><strong>peritia</strong></span> <span class='ocrx_word' id='word_1_175' title='bbox 503 3046 635 3137; x_wconf 72' lang='lat' dir='ltr'><strong>fretus,</strong></span> <span class='ocrx_word' id='word_1_176' title='bbox 659 3066 871 3145; x_wconf 86' lang='lat' dir='ltr'><strong>quanquam</strong></span> <span class='ocrx_word' id='word_1_177' title='bbox 898 3045 1090 3120; x_wconf 77' lang='lat' dir='ltr'><strong>hibernum</strong></span> <span class='ocrx_word' id='word_1_178' title='bbox 1106 3061 1247 3144; x_wconf 82' lang='lat' dir='ltr'><strong>tempus</strong></span> <span class='ocrx_word' id='word_1_179' title='bbox 1262 3049 1430 3140; x_wconf 80' lang='lat' dir='ltr'><strong>instabat,</strong></span> 
     </span>
     <span class='ocr_line' id='line_1_23' title="bbox 111 3167 1429 3268; baseline 0.002 -23"><span class='ocrx_word' id='word_1_180' title='bbox 111 3174 223 3245; x_wconf 83' lang='lat' dir='ltr'><strong>armis</strong></span> <span class='ocrx_word' id='word_1_181' title='bbox 237 3169 447 3244; x_wconf 72' lang='lat' dir='ltr'><strong>militaribus</strong></span> <span class='ocrx_word' id='word_1_182' title='bbox 463 3184 575 3242; x_wconf 79' lang='lat' dir='ltr'><strong>tectus</strong></span> <span class='ocrx_word' id='word_1_183' title='bbox 598 3167 785 3268; x_wconf 81' lang='lat' dir='ltr'><strong>profundo</strong></span> <span class='ocrx_word' id='word_1_184' title='bbox 808 3187 847 3244; x_wconf 77' lang='lat' dir='ltr'><strong>sc</strong></span> <span class='ocrx_word' id='word_1_185' title='bbox 869 3167 1029 3244; x_wconf 81' lang='lat' dir='ltr'><strong>credidit</strong></span> <span class='ocrx_word' id='word_1_186' title='bbox 1089 3173 1209 3268; x_wconf 80' lang='lat' dir='ltr'><strong>Atque</strong></span> <span class='ocrx_word' id='word_1_187' title='bbox 1224 3167 1294 3244; x_wconf 90' lang='lat' dir='ltr'><strong>sub</strong></span> <span class='ocrx_word' id='word_1_188' title='bbox 1310 3170 1429 3264; x_wconf 86' lang='lat' dir='ltr'><strong>undis,</strong></span> 
     </span>
     <span class='ocr_line' id='line_1_24' title="bbox 111 3287 1428 3394; baseline 0.001 -27"><span class='ocrx_word' id='word_1_189' title='bbox 111 3311 205 3394; x_wconf 74' lang='lat' dir='ltr'><strong>quas</strong></span> <span class='ocrx_word' id='word_1_190' title='bbox 228 3287 389 3367; x_wconf 87' lang='lat' dir='ltr'><strong>bostium</strong></span> <span class='ocrx_word' id='word_1_191' title='bbox 407 3309 536 3366; x_wconf 84' lang='lat' dir='ltr'><strong>cruore</strong></span> <span class='ocrx_word' id='word_1_192' title='bbox 553 3308 818 3392; x_wconf 83' lang='lat' dir='ltr'><strong>consperserat,</strong></span> <span class='ocrx_word' id='word_1_193' title='bbox 842 3307 988 3366; x_wconf 75' lang='lat' dir='ltr'><strong>enatans</strong></span> <span class='ocrx_word' id='word_1_194' title='bbox 1012 3290 1169 3366; x_wconf 82' lang='lat' dir='ltr'><strong>dubium·</strong></span> <span class='ocrx_word' id='word_1_195' title='bbox 1194 3288 1320 3386; x_wconf 80' lang='lat' dir='ltr'><strong>effecit,¹</strong></span> <span class='ocrx_word' id='word_1_196' title='bbox 1343 3305 1428 3368; x_wconf 54' lang='lat' dir='ltr'><strong>ins*</strong></span> 
     </span>
     <span class='ocr_line' id='line_1_25' title="bbox 109 3413 1429 3518; baseline -0.001 -28"><span class='ocrx_word' id='word_1_197' title='bbox 109 3418 201 3514; x_wconf 78' lang='lat' dir='ltr'><strong>juris</strong></span> <span class='ocrx_word' id='word_1_198' title='bbox 216 3413 375 3488; x_wconf 67' lang='lat' dir='ltr'><strong>audaciae</strong></span> <span class='ocrx_word' id='word_1_199' title='bbox 399 3420 579 3514; x_wconf 78' lang='lat' dir='ltr'><strong>specimen</strong></span> <span class='ocrx_word' id='word_1_200' title='bbox 593 3418 631 3490; x_wconf 90' lang='lat' dir='ltr'><strong>in</strong></span> <span class='ocrx_word' id='word_1_201' title='bbox 651 3418 771 3515; x_wconf 87' lang='lat' dir='ltr'><strong>puppi</strong></span> <span class='ocrx_word' id='word_1_202' title='bbox 789 3414 1004 3514; x_wconf 84' lang='lat' dir='ltr'><strong>prtnbttsrit,</strong></span> <span class='ocrx_word' id='word_1_203' title='bbox 1028 3431 1075 3488; x_wconf 86' lang='lat' dir='ltr'><strong>an</strong></span> <span class='ocrx_word' id='word_1_204' title='bbox 1099 3419 1192 3490; x_wconf 84' lang='lat' dir='ltr'><strong>inter</strong></span> <span class='ocrx_word' id='word_1_205' title='bbox 1208 3415 1325 3492; x_wconf 75' lang='lat' dir='ltr'><strong>undas</strong></span> <span class='ocrx_word' id='word_1_206' title='bbox 1346 3426 1429 3518; x_wconf 75' lang='lat' dir='ltr'><strong>agi-</strong></span> 
     </span>
     <span class='ocr_line' id='line_1_26' title="bbox 111 3535 1457 3640; baseline 0.002 -28"><span class='ocrx_word' id='word_1_207' title='bbox 111 3537 214 3613; x_wconf 70' lang='lat' dir='ltr'><strong>litatis</strong></span> <span class='ocrx_word' id='word_1_208' title='bbox 231 3535 395 3612; x_wconf 72' lang='lat' dir='ltr'><strong>ediderit</strong></span> <span class='ocrx_word' id='word_1_209' title='bbox 446 3537 629 3636; x_wconf 85' lang='lat' dir='ltr'><strong>Siquidem</strong></span> <span class='ocrx_word' id='word_1_210' title='bbox 642 3537 806 3628; x_wconf 88' lang='lat' dir='ltr'><strong>luricam,</strong></span> <span class='ocrx_word' id='word_1_211' title='bbox 829 3557 903 3636; x_wconf 86' lang='lat' dir='ltr'><strong>qua</strong></span> <span class='ocrx_word' id='word_1_212' title='bbox 919 3556 1054 3640; x_wconf 82' lang='lat' dir='ltr'><strong>corpus</strong></span> <span class='ocrx_word' id='word_1_213' title='bbox 1073 3548 1262 3630; x_wconf 86' lang='lat' dir='ltr'><strong>munierat,-</strong></span> <span class='ocrx_word' id='word_1_214' title='bbox 1286 3551 1362 3639; x_wconf 88' lang='lat' dir='ltr'><strong>quo</strong></span> <span class='ocrx_word' id='word_1_215' title='bbox 1378 3541 1429 3614; x_wconf 87' lang='lat' dir='ltr'><strong>tt-</strong></span> <span class='ocrx_word' id='word_1_216' title='bbox 1453 3557 1457 3576; x_wconf 85' lang='grc'><em>·</em></span> 
     </span>
     <span class='ocr_line' id='line_1_27' title="bbox 110 3655 1431 3760; baseline -0.001 -23"><span class='ocrx_word' id='word_1_217' title='bbox 110 3663 238 3737; x_wconf 81' lang='lat' dir='ltr'><strong>burins</strong></span> <span class='ocrx_word' id='word_1_218' title='bbox 257 3675 394 3753; x_wconf 83' lang='lat' dir='ltr'><strong>entiret,</strong></span> <span class='ocrx_word' id='word_1_219' title='bbox 413 3669 500 3734; x_wconf 85' lang='lat' dir='ltr'><strong>oum</strong></span> <span class='ocrx_word' id='word_1_220' title='bbox 525 3655 665 3760; x_wconf 86' lang='lat' dir='ltr'><strong>reliqua</strong></span> <span class='ocrx_word' id='word_1_221' title='bbox 684 3676 865 3734; x_wconf 81' lang='lat' dir='ltr'><strong>nrmsturs</strong></span> <span class='ocrx_word' id='word_1_222' title='bbox 886 3661 959 3734; x_wconf 86' lang='lat' dir='ltr'><strong>sub</strong></span> <span class='ocrx_word' id='word_1_223' title='bbox 977 3663 1085 3736; x_wconf 80' lang='lat' dir='ltr'><strong>uadis</strong></span> <span class='ocrx_word' id='word_1_224' title='bbox 1108 3666 1177 3738; x_wconf 89' lang='lat' dir='ltr'><strong>sibi</strong></span> <span class='ocrx_word' id='word_1_225' title='bbox 1199 3663 1361 3752; x_wconf 78' lang='lat' dir='ltr'><strong>detraxit,</strong></span> <span class='ocrx_word' id='word_1_226' title='bbox 1387 3687 1431 3736; x_wconf 82' lang='lat' dir='ltr'><strong>se</strong></span> 
     </span>
    </p>
   </div>
   <div class='ocr_carea' id='block_1_3' title="bbox 22 3945 1438 5116">
    <p class='ocr_par' dir='ltr' id='par_1_3' title="bbox 22 3945 1438 5116">
     <span class='ocr_line' id='line_1_28' title="bbox 159 3945 1430 4041; baseline -0.002 -21"><span class='ocrx_word' id='word_1_227' title='bbox 159 3953 363 4020; x_wconf 81' lang='lat' dir='ltr'><strong>¹Haraldum</strong></span> <span class='ocrx_word' id='word_1_228' title='bbox 378 3945 540 4041; x_wconf 67' lang='lat' dir='ltr'><strong>interfecit]</strong></span> <span class='ocrx_word' id='word_1_229' title='bbox 555 3955 604 4020; x_wconf 89' lang='lat' dir='ltr'><strong>De</strong></span> <span class='ocrx_word' id='word_1_230' title='bbox 623 3953 744 4022; x_wconf 83' lang='lat' dir='ltr'><strong>hocSi·</strong></span> <span class='ocrx_word' id='word_1_231' title='bbox 805 3953 882 4019; x_wconf 86' lang='lat' dir='ltr'><strong>nibil</strong></span> <span class='ocrx_word' id='word_1_232' title='bbox 908 3952 1018 4020; x_wconf 88' lang='lat' dir='ltr'><strong>hostile</strong></span> <span class='ocrx_word' id='word_1_233' title='bbox 1054 3945 1153 4020; x_wconf 80' lang='lat' dir='ltr'><strong>adbuc</strong></span> <span class='ocrx_word' id='word_1_234' title='bbox 1189 3955 1347 4036; x_wconf 90' lang='lat' dir='ltr'><strong>molitum,</strong></span> <span class='ocrx_word' id='word_1_235' title='bbox 1375 3977 1430 4021; x_wconf 91' lang='lat' dir='ltr'><strong>ceu</strong></span> 
     </span>
     <span class='ocr_line' id='line_1_29' title="bbox 108 4060 1431 4148; baseline 0.001 -23"><span class='ocrx_word' id='word_1_236' title='bbox 108 4061 209 4127; x_wconf 76' lang='lat' dir='ltr'><strong>vardo</strong></span> <span class='ocrx_word' id='word_1_237' title='bbox 218 4060 420 4145; x_wconf 75' lang='lat' dir='ltr'><strong>sitoSigurdc</strong></span> <span class='ocrx_word' id='word_1_238' title='bbox 433 4063 746 4146; x_wconf 73' lang='lat' dir='ltr'><strong>cognomineSlcmbi·</strong></span> <span class='ocrx_word' id='word_1_239' title='bbox 803 4062 959 4126; x_wconf 88' lang='lat' dir='ltr'><strong>bominem</strong></span> <span class='ocrx_word' id='word_1_240' title='bbox 975 4076 1125 4148; x_wconf 70' lang='lat' dir='ltr'><strong>suspecte</strong></span> <span class='ocrx_word' id='word_1_241' title='bbox 1143 4061 1224 4143; x_wconf 84' lang='lat' dir='ltr'><strong>fidei,</strong></span> <span class='ocrx_word' id='word_1_242' title='bbox 1242 4063 1364 4148; x_wconf 80' lang='lat' dir='ltr'><strong>navigio</strong></span> <span class='ocrx_word' id='word_1_243' title='bbox 1374 4061 1431 4126; x_wconf 82' lang='lat' dir='ltr'><strong>im-</strong></span> 
     </span>
     <span class='ocr_line' id='line_1_30' title="bbox 106 4166 1431 4255; baseline -0.001 -23"><span class='ocrx_word' id='word_1_244' title='bbox 106 4171 202 4232; x_wconf 76' lang='lat' dir='ltr'><strong>dcirca</strong></span> <span class='ocrx_word' id='word_1_245' title='bbox 236 4169 332 4230; x_wconf 85' lang='lat' dir='ltr'><strong>malta</strong></span> <span class='ocrx_word' id='word_1_246' title='bbox 368 4167 514 4250; x_wconf 80' lang='lat' dir='ltr'><strong>leguntur</strong></span> <span class='ocrx_word' id='word_1_247' title='bbox 550 4168 584 4230; x_wconf 84' lang='lat' dir='ltr'><strong>in</strong></span> <span class='ocrx_word' id='word_1_248' title='bbox 619 4167 746 4231; x_wconf 82' lang='lat' dir='ltr'><strong>historic</strong></span> <span class='ocrx_word' id='word_1_249' title='bbox 805 4166 940 4254; x_wconf 85' lang='lat' dir='ltr'><strong>positum</strong></span> <span class='ocrx_word' id='word_1_250' title='bbox 964 4169 1081 4234; x_wconf 86' lang='lat' dir='ltr'><strong>inulto</strong></span> <span class='ocrx_word' id='word_1_251' title='bbox 1108 4171 1205 4254; x_wconf 80' lang='lat' dir='ltr'><strong>mergi</strong></span> <span class='ocrx_word' id='word_1_252' title='bbox 1232 4171 1329 4255; x_wconf 84' lang='lat' dir='ltr'><strong>jussit.</strong></span> <span class='ocrx_word' id='word_1_253' title='bbox 1382 4173 1431 4234; x_wconf 83' lang='lat' dir='ltr'><strong>Ex</strong></span> 
     </span>
     <span class='ocr_line' id='line_1_31' title="bbox 107 4257 1430 4364; baseline 0.002 -26"><span class='ocrx_word' id='word_1_254' title='bbox 107 4293 225 4358; x_wconf 77' lang='lat' dir='ltr'><strong>regum</strong></span> <span class='ocrx_word' id='word_1_255' title='bbox 237 4257 480 4360; x_wconf 73' lang='lat' dir='ltr'><strong>llortcgicorum</strong></span> <span class='ocrx_word' id='word_1_256' title='bbox 495 4274 558 4336; x_wconf 81' lang='lat' dir='ltr'><strong>tol.</strong></span> <span class='ocrx_word' id='word_1_257' title='bbox 572 4276 612 4336; x_wconf 93' lang='lat' dir='ltr'><strong>lll</strong></span> <span class='ocrx_word' id='word_1_258' title='bbox 624 4296 655 4359; x_wconf 91' lang='lat' dir='ltr'><strong>p.</strong></span> <span class='ocrx_word' id='word_1_259' title='bbox 672 4265 748 4336; x_wconf 85' lang='lat'>318-</span> <span class='ocrx_word' id='word_1_260' title='bbox 805 4274 901 4338; x_wconf 88' lang='lat' dir='ltr'><strong>bucce</strong></span> <span class='ocrx_word' id='word_1_261' title='bbox 918 4277 1056 4361; x_wconf 85' lang='lat' dir='ltr'><strong>periculo</strong></span> <span class='ocrx_word' id='word_1_262' title='bbox 1070 4275 1216 4364; x_wconf 85' lang='lat' dir='ltr'><strong>Sigurdus</strong></span> <span class='ocrx_word' id='word_1_263' title='bbox 1230 4296 1262 4338; x_wconf 86' lang='lat' dir='ltr'><strong>se</strong></span> <span class='ocrx_word' id='word_1_264' title='bbox 1274 4275 1349 4338; x_wconf 86' lang='lat' dir='ltr'><strong>mim</strong></span> <span class='ocrx_word' id='word_1_265' title='bbox 1366 4288 1430 4340; x_wconf 87' lang='lat' dir='ltr'><strong>arte</strong></span> 
     </span>
     <span class='ocr_line' id='line_1_32' title="bbox 101 4365 1433 4469; baseline -0.001 -23"><span class='ocrx_word' id='word_1_266' title='bbox 101 4365 190 4458; x_wconf 72' lang='lat'><strong>325,</strong></span> <span class='ocrx_word' id='word_1_267' title='bbox 210 4400 344 4465; x_wconf 84' lang='lat' dir='ltr'><strong>quorum</strong></span> <span class='ocrx_word' id='word_1_268' title='bbox 357 4399 474 4443; x_wconf 79' lang='lat' dir='ltr'><strong>summu</strong></span> <span class='ocrx_word' id='word_1_269' title='bbox 487 4369 547 4442; x_wconf 87' lang='lat' dir='ltr'><strong>bue</strong></span> <span class='ocrx_word' id='word_1_270' title='bbox 560 4377 657 4443; x_wconf 84' lang='lat' dir='ltr'><strong>redit:</strong></span> <span class='ocrx_word' id='word_1_271' title='bbox 687 4381 747 4448; x_wconf 86' lang='lat' dir='ltr'><strong>Ve-</strong></span> <span class='ocrx_word' id='word_1_272' title='bbox 806 4377 974 4444; x_wconf 79' lang='lat' dir='ltr'><strong>extricavit.</strong></span> <span class='ocrx_word' id='word_1_273' title='bbox 1023 4383 1136 4469; x_wconf 78' lang='lat' dir='ltr'><strong>Aliquo</strong></span> <span class='ocrx_word' id='word_1_274' title='bbox 1152 4395 1293 4468; x_wconf 79' lang='lat' dir='ltr'><strong>tempore</strong></span> <span class='ocrx_word' id='word_1_275' title='bbox 1307 4381 1433 4466; x_wconf 84' lang='lat' dir='ltr'><strong>interje-</strong></span> 
     </span>
     <span class='ocr_line' id='line_1_33' title="bbox 22 4485 1432 4571; baseline 0.002 -21"><span class='ocrx_word' id='word_1_276' title='bbox 22 4513 23 4536; x_wconf 48' lang='grc' dir='ltr'>ι</span> <span class='ocrx_word' id='word_1_277' title='bbox 99 4497 204 4550; x_wconf 71' lang='lat' dir='ltr'><strong>norat</strong></span> <span class='ocrx_word' id='word_1_278' title='bbox 218 4485 273 4548; x_wconf 87' lang='lat' dir='ltr'><strong>ille</strong></span> <span class='ocrx_word' id='word_1_279' title='bbox 295 4497 369 4568; x_wconf 85' lang='lat' dir='ltr'><strong>post</strong></span> <span class='ocrx_word' id='word_1_280' title='bbox 388 4487 484 4550; x_wconf 84' lang='lat' dir='ltr'><strong>multa</strong></span> <span class='ocrx_word' id='word_1_281' title='bbox 510 4485 619 4551; x_wconf 79' lang='lat' dir='ltr'><strong>itinere</strong></span> <span class='ocrx_word' id='word_1_282' title='bbox 644 4485 682 4550; x_wconf 86' lang='lat' dir='ltr'><strong>ad</strong></span> <span class='ocrx_word' id='word_1_283' title='bbox 699 4505 749 4548; x_wconf 87' lang='lat' dir='ltr'><strong>re·</strong></span> <span class='ocrx_word' id='word_1_284' title='bbox 807 4498 869 4564; x_wconf 88' lang='lat' dir='ltr'><strong>cto,</strong></span> <span class='ocrx_word' id='word_1_285' title='bbox 881 4485 1040 4570; x_wconf 71' lang='lat' dir='ltr'><strong>sigurdus,</strong></span> <span class='ocrx_word' id='word_1_286' title='bbox 1052 4487 1264 4571; x_wconf 86' lang='lat' dir='ltr'><strong>conjuratione</strong></span> <span class='ocrx_word' id='word_1_287' title='bbox 1273 4511 1344 4555; x_wconf 91' lang='lat' dir='ltr'><strong>cum</strong></span> <span class='ocrx_word' id='word_1_288' title='bbox 1356 4510 1432 4554; x_wconf 88' lang='lat' dir='ltr'><strong>noa·</strong></span> 
     </span>
     <span class='ocr_line' id='line_1_34' title="bbox 97 4577 1434 4681; baseline 0.004 -28"><span class='ocrx_word' id='word_1_289' title='bbox 97 4611 187 4680; x_wconf 80' lang='lat' dir='ltr'><strong>gem</strong></span> <span class='ocrx_word' id='word_1_290' title='bbox 208 4587 378 4654; x_wconf 76' lang='lat' dir='ltr'><strong>Hcccldtun</strong></span> <span class='ocrx_word' id='word_1_291' title='bbox 402 4583 500 4674; x_wconf 83' lang='lat' dir='ltr'><strong>Gille,</strong></span> <span class='ocrx_word' id='word_1_292' title='bbox 531 4591 689 4658; x_wconf 80' lang='lat' dir='ltr'><strong>venditans</strong></span> <span class='ocrx_word' id='word_1_293' title='bbox 715 4606 747 4654; x_wconf 81' lang='lat' dir='ltr'><strong>se</strong></span> <span class='ocrx_word' id='word_1_294' title='bbox 807 4577 897 4654; x_wconf 86' lang='lat' dir='ltr'><strong>nullis</strong></span> <span class='ocrx_word' id='word_1_295' title='bbox 923 4611 959 4655; x_wconf 87' lang='lat' dir='ltr'><strong>cx</strong></span> <span class='ocrx_word' id='word_1_296' title='bbox 979 4592 1083 4657; x_wconf 80' lang='lat' dir='ltr'><strong>aulicis</strong></span> <span class='ocrx_word' id='word_1_297' title='bbox 1100 4594 1193 4681; x_wconf 74' lang='lat' dir='ltr'><strong>regiis</strong></span> <span class='ocrx_word' id='word_1_298' title='bbox 1211 4597 1303 4676; x_wconf 85' lang='lat' dir='ltr'><strong>inita,</strong></span> <span class='ocrx_word' id='word_1_299' title='bbox 1324 4597 1434 4660; x_wconf 79' lang='lat' dir='ltr'><strong>Hecal-</strong></span> 
     </span>
     <span class='ocr_line' id='line_1_35' title="bbox 24 4695 1434 4788; baseline 0.002 -25"><span class='ocrx_word' id='word_1_300' title='bbox 24 4715 26 4736; x_wconf 84' lang='lat'><strong>¹</strong></span> <span class='ocrx_word' id='word_1_301' title='bbox 95 4697 214 4764; x_wconf 85' lang='lat' dir='ltr'><strong>filium</strong></span> <span class='ocrx_word' id='word_1_302' title='bbox 232 4697 364 4761; x_wconf 83' lang='lat' dir='ltr'><strong>nothum</strong></span> <span class='ocrx_word' id='word_1_303' title='bbox 386 4697 468 4784; x_wconf 78' lang='lat' dir='ltr'><strong>regit</strong></span> <span class='ocrx_word' id='word_1_304' title='bbox 490 4697 594 4784; x_wconf 78' lang='lat' dir='ltr'><strong>Magni</strong></span> <span class='ocrx_word' id='word_1_305' title='bbox 614 4695 748 4782; x_wconf 86' lang='lat' dir='ltr'><strong>Nudipe-</strong></span> <span class='ocrx_word' id='word_1_306' title='bbox 807 4695 878 4758; x_wconf 90' lang='lat' dir='ltr'><strong>dum</strong></span> <span class='ocrx_word' id='word_1_307' title='bbox 905 4697 938 4760; x_wconf 88' lang='lat' dir='ltr'><strong>iu</strong></span> <span class='ocrx_word' id='word_1_308' title='bbox 967 4697 1059 4763; x_wconf 87' lang='lat' dir='ltr'><strong>domo</strong></span> <span class='ocrx_word' id='word_1_309' title='bbox 1088 4702 1206 4788; x_wconf 91' lang='lat' dir='ltr'><strong>pellicis</strong></span> <span class='ocrx_word' id='word_1_310' title='bbox 1231 4703 1434 4768; x_wconf 85' lang='lat' dir='ltr'><strong>dormientem</strong></span> 
     </span>
     <span class='ocr_line' id='line_1_36' title="bbox 26 4789 1438 4890; baseline 0.002 -23"><span class='ocrx_word' id='word_1_311' title='bbox 26 4859 28 4874; x_wconf 85' lang='lat'><strong><em>‚</em></strong></span> <span class='ocrx_word' id='word_1_312' title='bbox 94 4805 181 4884; x_wconf 84' lang='lat' dir='ltr'><strong>dis,</strong></span> <span class='ocrx_word' id='word_1_313' title='bbox 219 4801 315 4889; x_wconf 80' lang='lat' dir='ltr'><strong>igitur</strong></span> <span class='ocrx_word' id='word_1_314' title='bbox 353 4801 482 4868; x_wconf 82' lang='lat' dir='ltr'><strong>fratrem</strong></span> <span class='ocrx_word' id='word_1_315' title='bbox 516 4805 645 4870; x_wconf 83' lang='lat' dir='ltr'><strong>Haraldi</strong></span> <span class='ocrx_word' id='word_1_316' title='bbox 681 4826 749 4890; x_wconf 85' lang='lat' dir='ltr'><strong>ger·</strong></span> <span class='ocrx_word' id='word_1_317' title='bbox 806 4794 977 4880; x_wconf 73' lang='lat' dir='ltr'><strong>interiecit,</strong></span> <span class='ocrx_word' id='word_1_318' title='bbox 997 4829 1077 4874; x_wconf 89' lang='lat' dir='ltr'><strong>anno</strong></span> <span class='ocrx_word' id='word_1_319' title='bbox 1094 4811 1218 4874; x_wconf 85' lang='lat' dir='ltr'><strong>Domini</strong></span> <span class='ocrx_word' id='word_1_320' title='bbox 1242 4791 1322 4874; x_wconf 82' lang='lat'>1136</span> <span class='ocrx_word' id='word_1_321' title='bbox 1342 4809 1370 4872; x_wconf 91' lang='lat' dir='ltr'><strong>d.</strong></span> <span class='ocrx_word' id='word_1_322' title='bbox 1395 4789 1438 4871; x_wconf 77' lang='lat'><strong>13&#39;</strong></span> 
     </span>
     <span class='ocr_line' id='line_1_37' title="bbox 26 4898 1000 4999; baseline -0.005 -18"><span class='ocrx_word' id='word_1_323' title='bbox 26 4898 29 4990; x_wconf 60' lang='lat' dir='ltr'><strong>&#39;r</strong></span> <span class='ocrx_word' id='word_1_324' title='bbox 95 4933 254 4981; x_wconf 78' lang='lat' dir='ltr'><strong>menum.</strong></span> <span class='ocrx_word' id='word_1_325' title='bbox 302 4911 455 4976; x_wconf 81' lang='lat' dir='ltr'><strong>Harsldus</strong></span> <span class='ocrx_word' id='word_1_326' title='bbox 481 4933 556 4980; x_wconf 85' lang='lat' dir='ltr'><strong>vcro</strong></span> <span class='ocrx_word' id='word_1_327' title='bbox 577 4911 751 4999; x_wconf 83' lang='lat' dir='ltr'><strong>Sigurdum,</strong></span> <span class='ocrx_word' id='word_1_328' title='bbox 809 4911 1000 4980; x_wconf 82' lang='lat' dir='ltr'><strong>Decembris.</strong></span> 
     </span>
     <span class='ocr_line' id='line_1_38' title="bbox 27 4991 1244 5116; baseline 0.011 -37"><span class='ocrx_word' id='word_1_329' title='bbox 27 4991 29 5022; x_wconf 30' lang='grc' dir='ltr'>ᾗ</span> <span class='ocrx_word' id='word_1_330' title='bbox 177 5035 233 5081; x_wconf 80' lang='lat' dir='ltr'><strong>Su.</strong></span> <span class='ocrx_word' id='word_1_331' title='bbox 249 5035 378 5084; x_wconf 77' lang='lat' dir='ltr'><strong>(irumt.</strong></span> <span class='ocrx_word' id='word_1_332' title='bbox 393 5035 456 5082; x_wconf 79' lang='lat' dir='ltr'><strong>illst·</strong></span> <span class='ocrx_word' id='word_1_333' title='bbox 468 5037 528 5084; x_wconf 72' lang='lat' dir='ltr'><strong>lien.</strong></span> <span class='ocrx_word' id='word_1_334' title='bbox 1037 5087 1042 5112; x_wconf 31' lang='grc' dir='ltr'>ι</span> <span class='ocrx_word' id='word_1_335' title='bbox 1170 5019 1244 5116; x_wconf 84' lang='grc'>(50)</span> 
     </span>
    </p>
   </div>
   <div class='ocr_carea' id='block_1_4' title="bbox 0 0 1770 5460">
    <p class='ocr_par' dir='ltr' id='par_1_4' title="bbox 0 0 1770 5460">
     <span class='ocr_line' id='line_1_39' title="bbox 0 0 1770 5460; baseline 0 0"><span class='ocrx_word' id='word_1_336' title='bbox 0 0 1770 5460; x_wconf 95' lang='lat' dir='ltr'><strong> </strong></span> 
     </span>
    </p>
   </div>
  </div>
 </body>
</html>
