3508 5460
334 215 409 292 tot
666 219 842 292 HISTOR.
861 221 967 300 DAN.
981 221 1120 301 LIBER
1140 221 1232 294 XIV.

283 429 469 530 amplecti,
496 453 605 528 quam
629 434 766 528 primos
787 433 895 506 armis
914 432 1001 510 tueri
1020 407 1130 511 tutius
1145 430 1364 512 existimavit.
1416 433 1537 510 Pauca
1550 431 1606 510 ei-

285 552 433 654 quidem
456 552 615 650 navigia,
638 552 704 626 sed
723 549 859 634 habilia
886 550 1057 651 fugaque
1081 577 1194 652 quam
1210 551 1338 652 praelio
1355 550 1607 640 commodiora

285 690 484 774 paraverat.
543 677 625 766 Quo
653 677 788 766 evenit,
814 690 853 748 ut
875 678 971 776 regis
994 673 1168 758 adventus
1190 673 1456 756 formidolosus,
1471 674 1607 775 Ertogi

286 797 506 884 fautoribus,
531 795 695 873 hostibus
720 781 950 898 acceptabilis
970 797 1169 877 habetatur.
1229 803 1354 896 Itaque
1374 795 1607 879 waldemaro

286 919 581 995 consultationem
596 945 682 996 cum
697 924 819 1002 amicis
832 921 1000 1014 habesue,
1026 921 1185 1020 quidam,
1210 923 1418 1020 postpositis
1435 919 1608 998 omnibns

286 1041 406 1116 hostes
423 1047 600 1140 ocyssimc
617 1043 901 1143 persequendos,
926 1040 995 1136 alii,
1012 1048 1112 1140 prius
1135 1042 1253 1144 plebis
1270 1043 1433 1120 favorem
1450 1043 1609 1121 coecili-

287 1163 423 1238 andum
449 1163 651 1262 auxiliaque
676 1167 909 1266 popularium
931 1164 1187 1258 contrahenda,
1210 1163 1398 1241 docebant
1450 1163 1522 1240 Sed
1540 1191 1610 1241 ac-

288 1284 507 1360 celerationis
531 1287 722 1362 consilium
741 1288 911 1368 tarditatis
926 1285 1135 1370 sententian
1149 1292 1344 1388 superavit.
1379 1287 1489 1388 igitur
1503 1288 1611 1367 wal-

290 1407 460 1484 demarus
474 1411 655 1509 ingentem
673 1414 827 1512 regionis
840 1429 979 1511 partem
999 1435 1174 1510 prospere
1198 1433 1430 1510 permensus,
1455 1435 1614 1510 magna-

290 1556 362 1630 que
383 1531 503 1634 plebis
525 1532 702 1608 alacritate
719 1539 923 1632 receptus¹,
950 1559 1034 1612 oum
1062 1533 1110 1608 ad
1131 1533 1260 1612 urbem
1284 1535 1435 1632 sapam
1448 1535 1615 1622 venisset,

290 1681 423 1730 nomen
443 1659 617 1756 regiuma
636 1657 862 1735 Wiccnsibus
881 1657 951 1732 sibi
974 1655 1159 1731 decretum
1177 1656 1348 1754 suscepit,
1382 1656 1508 1756 ibique
1529 1684 1616 1735 cum

291 1777 533 1876 popularibus
550 1781 760 1856 concionem
785 1805 852 1878 per
871 1803 1050 1860 summam
1069 1777 1267 1860 verborum
1287 1778 1519 1860 concordiam
1541 1779 1616 1857 ha-

293 1903 383 1974 buit.
435 1900 597 1995 Quodsi,
624 1905 763 1976 omissis
782 1901 869 1994 aliis,
894 1900 1123 1999 insequendis
1148 1899 1314 1981 hostibus
1336 1927 1487 2002 operam
1511 1929 1616 2000 prae-

292 2025 442 2117 buisset,
457 2025 556 2102 haud
576 2025 687 2100 dubie
701 2051 814 2124 regno
829 2025 968 2104 Danico
983 2027 1150 2102 Noricum
1165 2025 1413 2122 conjunxisset.
1466 2025 1617 2102 Indead

294 2145 472 2244 oppidum
494 2151 769 2250 Tunsbergum²
802 2148 1025 2248 navigatione
1046 2171 1279 2246 progressuS,
1323 2149 1449 2246 paucis
1479 2147 1617 2248 Erlingi

292 2267 568 2352 studiosioribus
587 2280 621 2352 iu
638 2273 772 2350 editam
788 2295 917 2368 rupem
935 2269 1057 2347 salutis
1077 2293 1185 2346 causa
1207 2269 1507 2368 confugientibus,
1524 2271 1617 2346 reli-

294 2398 438 2492 gionem
458 2401 604 2472 saevitiae
628 2396 841 2495 praeferens,
876 2401 996 2472 vicum
1014 2391 1205 2468 incendere
1227 2417 1358 2492 passus
1382 2411 1545 2486 nonest,
1570 2421 1617 2468 ne

294 2543 411 2591 sacras
428 2516 524 2592 tedes
546 2526 693 2618 privatis
710 2519 899 2617 penatibus
914 2520 1087 2590 intersitas
1103 2516 1357 2590 communibus
1373 2516 1526 2590 flammis
1542 2518 1617 2592 ab-

294 2659 459 2714 sumeret.
512 2645 626 2716 Nemo
644 2659 760 2715 tamen
778 2639 1007 2739 pontificum,
1033 2663 1191 2738 quorum
1208 2662 1251 2710 ea
1266 2654 1474 2737 tempestate
1491 2643 1619 2740 ingens

294 2764 392 2864 apud
413 2767 630 2864 Ncrvagiam
649 2770 841 2838 auctoritas
858 2780 954 2853 erat,
981 2787 1065 2836 eum
1085 2759 1184 2832 adire
1198 2761 1380 2856 sustinuit;
1406 2764 1511 2864 quod
1529 2768 1619 2864 qui-

344 3108 483 3190 ιΜαςηα
497 3108 590 3193 plebis
606 3108 762 3168 alacritate
776 3103 925 3195 exceptus]
985 3101 1094 3188 pecudi
1104 3101 1284 3186 parcendum
1292 3144 1305 3170 ,
1329 3118 1383 3162 aut
1403 3117 1538 3166 austrum
1560 3128 1625 3168 mr·

291 3211 494 3278 „Contrarium
514 3210 620 3274 asserit
642 3213 759 3273 Suorro
779 3203 928 3274 Stdrlaeus
988 3231 1039 3268 sus
1062 3230 1092 3267 re
1117 3206 1228 3289 insecta
1254 3205 1336 3266 notet
1365 3208 1565 3282 redeundum,
1593 3214 1628 3274 id

296 3338 328 3402 p.
342 3309 415 3378 449.
465 3315 526 3378 Sed
548 3314 629 3378 haud
649 3313 853 3401 improbabile
874 3329 930 3394 est,
990 3312 1070 3398 quod
1079 3313 1153 3372 mt'lrr'
1171 3315 1266 3408 magis
1278 3313 1440 3400 probatur,
1461 3317 1626 3380 ducendas-

296 3419 440 3506 reliqulas
474 3422 604 3484 militum
643 3423 737 3484 Marci
769 3421 932 3506 Sltogensis
972 3441 1046 3502 ¹quc
1054 3422 1158 3516 potius
1170 3442 1269 3482 censeo
1284 3422 1314 3483 t'a
1330 3421 1510 3484 ethnt'corum
1521 3426 1565 3486 ad
1577 3449 1625 3486 or·

298 3539 477 3614 ceterosque
519 3527 640 3616 Erlingi
675 3528 778 3592 hostes
824 3550 929 3614 regem
991 3541 1052 3584 tum
1070 3528 1155 3600 sitas,
1172 3547 1236 3608 que
1250 3527 1433 3612 peramplam
1455 3533 1502 3588 rei
1519 3552 1625 3614 geren·

297 3635 408 3696 Daniae
423 3635 502 3697 beno
515 3637 675 3722 excepisse.
992 3631 1037 3692 doe
1051 3635 1203 3695 materiam
1224 3633 1370 3716 (fierunt,
1394 3635 1530 3716 regam
1547 3641 1625 3722 copi·

992 3761 1040 3808 as,
1060 3761 1110 3798 nec
1124 3737 1252 3799 homines
1266 3739 1313 3799 tic
1328 3739 1534 3814 Christianos,
1559 3759 1625 3804 utut

343 3847 580 3944 2Τιιιιψινςιιιιι]
599 3849 729 3914 comitia
744 3847 932 3934 Tnnsberga
994 3867 1065 3903 sane
1092 3850 1223 3916 mercios,
1255 3846 1457 3924 trucidandos·
1529 3845 1627 3912 addit

298 3953 412 4017 frustra
428 3970 596 4020 convocata
609 3956 934 4020 commemoratSnor·
994 3949 1129 4026 Snorro,
1148 3949 1215 4030 eliis
1237 3947 1378 4012 omnibus
1396 3948 1434 4014 ad
1456 3952 1627 4038 populandi

298 4063 493 4124 rosturlaeus
510 4061 545 4140 (l.
564 4082 589 4124 c.
605 4083 636 4146 p.
650 4057 739 4140 442),
754 4073 785 4123 et
805 4059 862 4122 hac
879 4079 930 4122 oc·
995 4054 1120 4116 consilia
1141 4055 1351 4138 pronioribus,
1369 4057 1485 4142 regiam
1505 4071 1626 4126 senteu-

300 4169 419 4232 casione
438 4165 673 4236 Waldemarum
691 4165 738 4227 his
758 4164 858 4233 verbis
875 4165 932 4226 mi·
995 4157 1070 4221 tiam
1087 4162 1268 4244 pernicisse,
1297 4162 1374 4228 adeo
1397 4175 1448 4242 ut,
1470 4163 1564 4228 rebus
1585 4167 1628 4228 ita

302 4273 370 4336 lites
392 4295 462 4336 suos
479 4277 646 4338 allocutum
665 4292 728 4336 esse
741 4271 862 4335 scribit:
884 4277 935 4335 Ia-
992 4267 1118 4352 paratis,
1142 4267 1266 4332 domum
1287 4269 1367 4338 Dani
1389 4282 1630 4347 reverterentur.

300 4382 431 4442 colorum
446 4385 632 4449 bicomniam
655 4381 756 4444 studia
778 4380 859 4440 nobes
879 4380 934 4441 ad·
994 4373 1130 4438 Pulchre
1160 4374 1227 4438 haec
1256 4398 1273 4438 a
1306 4373 1511 4442 Weldemaro
1538 4377 1630 4454 dicta,

300 4490 415 4544 versari
428 4493 503 4548 sotis
519 4493 617 4572 liquet.
644 4491 719 4549 Duoe
733 4490 828 4570 t'gt'tw
842 4509 932 4570 cgere·
992 4501 1062 4564 quse
1080 4493 1166 4546 tanto
1180 4481 1330 4566 majorem
1348 4479 1440 4544 fidem
1462 4495 1634 4560 merentur,

300 4591 334 4648 di
360 4595 488 4652 rationes
519 4595 599 4654 nodis
620 4611 795 4680 supersunt5
832 4617 933 4678 tretrtpc
992 4606 1060 4648 cum
1079 4585 1161 4670 apud
1175 4589 1376 4676 samsonem,
1389 4589 1487 4652 Dante
1507 4589 1635 4652 minime

300 4711 354 4756 ttttt
379 4701 468 4756 ttrtttt's
490 4715 518 4758 ct
541 4702 852 4786 poltulatrbne'buslroec
873 4719 931 4762 ter·
992 4693 1209 4775 blandldnlflm,
1225 4693 1544 4782 leganlill'7llfltidsdlle
1554 4695 1635 4760 Oml-

172 4821 175 4844 ¹
299 4825 335 4862 ra
355 4803 517 4880 vastanda,
550 4821 577 4864 et
615 4827 665 4865 uec
700 4807 859 4912 ltopuitt'dus
878 4829 930 4868 nec
992 4801 1078 4865 sisset
1098 4815 1212 4887 noster,
1236 4802 1260 4868 sl
1276 4803 1399 4890 cognita
1417 4799 1582 4868 habuisset.
