3582 5466
375 342 450 420 614
714 335 890 406 lllSTOR.
908 333 1015 404 DAN.
1029 331 1165 402 LIBER
1185 333 1256 402 Xll.

325 551 503 630 tumulum
517 562 652 638 nactus,
666 547 829 642 corporis
846 547 900 614 sui
917 535 1090 612 beneficio
1108 551 1279 611 vetustam
1294 535 1395 612 humi
1407 537 1631 640 indignatio-

323 703 406 753 nem
429 677 607 771 repressit,
640 687 803 765 eamque,
836 661 1002 736 humanis
1024 677 1105 735 ante
1126 659 1364 739 cadaveribus
1387 659 1634 750 reluctantem,
1658 693 1662 702 ·

323 827 395 877 non
420 795 538 873 solum
564 815 659 882 suae,
701 787 767 863 sed
793 789 899 860 etiam
926 786 1049 860 aliene
1072 782 1264 882 sepulturae
1291 791 1485 883 patientem
1506 783 1630 858 effecit

324 924 525 1022 Conjugem
541 937 691 1013 quoque
706 913 786 1009 ejus
802 907 897 981 idem
914 908 1205 1008 peregrinationis
1217 903 1324 980 labor
1342 905 1490 983 finivit¹.
1525 909 1633 979 Jam-

324 1073 397 1148 que
420 1057 492 1115 tota
519 1039 616 1137 regis
637 1033 807 1107 Svenonis
828 1033 934 1130 stirps
957 1029 1004 1104 ad
1026 1045 1098 1102 tres
1119 1043 1255 1102 tantum
1277 1028 1391 1123 lilios,
1418 1031 1634 1114 Svenoncm,

322 1165 507 1242 Nicolaum
532 1175 568 1234 et
583 1156 777 1230 Ubbonem
791 1149 937 1226 redacta
953 1152 1077 1227 luerat.
1135 1155 1247 1244 Nam,
1271 1168 1312 1227 ut
1334 1177 1377 1227 ex
1397 1152 1635 1252 suprapositis

323 1293 451 1392 liquet,
476 1288 674 1372 Canntum,
713 1273 947 1351 Benedictum
978 1289 1088 1374 atque
1110 1277 1285 1350 beronem
1308 1275 1443 1350 lerrum
1473 1273 1636 1363 abstulit,

323 1431 472 1492 caeteros
487 1403 639 1480 morbus
656 1399 865 1497 absumpsit.

455 1535 487 1603 A
504 1527 664 1600 discessu
679 1529 764 1598 voro
780 1522 876 1593 Erici
888 1517 1096 1593 biennium²
1112 1523 1313 1614 intercessit,
1339 1535 1532 1620 antequam
1549 1522 1635 1592 Da·-

324 1663 382 1730 nia
398 1668 534 1728 certum
552 1648 673 1721 mortis
691 1647 770 1745 ejus
785 1645 955 1716 nuncium
973 1649 1176 1743 accepisset.
1215 1648 1327 1744 Igitur
1341 1647 1468 1735 Sveno,
1483 1659 1567 1718 natu
1581 1642 1634 1716 ab

324 1783 430 1851 Erico
446 1769 663 1863 secundum,
678 1783 864 1864 tantopere
879 1789 1032 1866 regnum
1042 1770 1152 1842 aetatis
1167 1766 1633 1859 fiduciaaffeetnbatmtne-

324 1921 510 2002 quaquam
530 1915 759 1966 communem
783 1891 906 1988 patriae
938 1892 1146 1964 sententiam
1176 1889 1321 1964 duceret
1346 1887 1636 1988 exspectandam,

324 2037 524 2119 vocataque
541 2014 754 2113 Wibergum
776 2020 959 2107 concione,
978 2011 1111 2114 publici
1126 2011 1289 2088 delectus
1316 2013 1504 2088 arbitrium
1526 2015 1637 2089 unius

324 2145 516 2246 provinciae
529 2136 664 2239 judicio
680 2157 901 2234 precurrere
915 2163 988 2210 non
1003 2143 1255 2211 extimesceret.
1305 2139 1351 2210 Et
1370 2137 1527 2212 fortassis
1545 2159 1635 2210 rno-

324 2293 405 2343 rum
424 2288 574 2340 suorum
590 2259 845 2334 obscuritatem
872 2259 1126 2358 perspicaciori
1140 2281 1298 2331 censurae
1319 2260 1539 2334 committere
1562 2283 1636 2333 ve-

324 2389 480 2478 rebatur,
505 2383 661 2482 ideoque
678 2378 856 2486 fastigium
873 2386 1056 2480 paucitatis
1072 2404 1247 2454 consensu
1272 2403 1399 2480 rapere
1424 2407 1535 2481 quam
1550 2381 1634 2456 ior-

325 2532 445 2588 tunam
462 2532 565 2584 suam
582 2511 716 2578 incerto
732 2503 965 2580 multitudinis
983 2505 1127 2582 decreto
1153 2503 1333 2602 subjicere
1352 2506 1489 2598 maluit,
1512 2512 1635 2606 parti-

324 2658 461 2733 umque
473 2629 651 2727 suffragiis
666 2651 863 2725 occupare,
897 2628 1000 2727 quod
1021 2630 1268 2706 universorum
1290 2643 1366 2700 erat
1381 2631 1552 2704 sententia
1565 2629 1636 2704 trr'-

323 2754 521 2831 buendum.
580 2749 651 2824 Sed
666 2748 757 2822 dum
773 2750 878 2822 citato
898 2755 1057 2847 equitatu
1072 2773 1219 2824 cursum
1243 2747 1290 2821 ad
1306 2750 1519 2849 Wibergieae
1536 2759 1634 2825 c'on-

324 2881 435 2954 cionis
450 2875 571 2948 locum
590 2871 718 2971 dirigit,
744 2875 905 2968 corporis
921 2869 1088 2944 firmitate
1104 2867 1274 2964 defectus,
1299 2897 1375 2970 quo
1390 2871 1507 2949 lenius
1525 2897 1635 2947 com-

324 2997 541 3094 modiusque
556 2995 716 3084 ferretur,
731 3009 900 3091 carpento
918 3017 956 3068 se
980 2995 1095 3094 excipi
1118 2993 1239 3092 jussit,
1266 2993 1456 3089 affirmans,
1477 2993 1636 3072 hilariter

325 3123 528 3212 obitumm,
547 3119 578 3192 si
605 3115 730 3193 saltem
752 3114 823 3190 sub
844 3117 937 3215 regis
960 3115 1061 3190 titulo
1083 3117 1243 3191 triduum
1264 3117 1448 3217 exegisset.
1507 3121 1637 3220 Neque

228 3279 232 3286 ·
324 3246 419 3320 enirn
434 3265 629 3318 nervorum
639 3233 829 3313 hebetudo
855 3253 918 3313 aut
947 3239 1197 3316 membrorum
1229 3239 1374 3318 tarditas
1404 3237 1634 3316 festinabun-

324 3367 382 3442 doe
397 3366 524 3440 mentis
538 3387 686 3438 cursum
698 3359 877 3435 reflectere
891 3366 1020 3463 potuit.
1067 3361 1137 3438 Sed
1153 3363 1203 3438 ob
1219 3363 1336 3438 morbi
1352 3363 1635 3462 magnitudinem

322 3490 433 3590 hujus
451 3508 600 3588 quoque
617 3507 725 3559 usum
738 3505 901 3582 perosus,
932 3489 1098 3563 ministris
1114 3508 1312 3586 properare
1330 3486 1451 3584 jussis,
1474 3487 1635 3562 lecticam

323 3611 501 3714 poposcit,
521 3606 704 3710 praefatis,
718 3607 769 3680 nil
792 3631 832 3683 se
846 3625 1071 3703 curaturum,
1096 3613 1138 3704 si,
1156 3633 1220 3684 rex
1244 3607 1426 3708 apopulo
1451 3609 1633 3702 salutatus,

323 3729 488 3851 spiritum
504 3733 541 3806 in
564 3731 739 3806 concione
762 3730 968 3833 deponeret.
1027 3734 1221 3808 Enimvero
1235 3729 1436 3832 insopibilis
1458 3733 1634 3808 ambitio—

369 4055 380 4088 ¹
403 4051 563 4134 conjugem
598 4051 673 4111 idern
700 4053 951 4138 peregrinationis
1006 4067 1070 4117 tam
1092 4050 1184 4116 luisse
1208 4049 1315 4114 scribit
1334 4047 1424 4129 (ibid.
1452 4049 1512 4112 vol.
1534 4053 1578 4118 lV
1599 4071 1634 4133 p.

324 4159 406 4221 tabor
420 4153 538 4241 finivit]
559 4153 662 4218 Etiam
677 4150 845 4217 chronicon
864 4157 948 4221 Eriei
1006 4155 1093 4240 257).

325 4273 356 4324 el
372 4261 539 4326 chronicon
559 4257 721 4325 Siolantliae
742 4257 868 4345 (script.
887 4281 948 4326 rer.
1052 4267 1242 4330 Ω,ιίιὶιζειτπιι
1263 4309 1289 4326 ..
1308 4257 1548 4343 ὄὶωηιάηιΜου
1565 4261 1635 4345 qul·

323 4367 403 4429 Dan.
426 4367 483 4430 vol.
505 4371 570 4454 lp.
594 4364 665 4450 161,
686 4367 749 4432 rol.
768 4369 796 4428 ll
818 4387 850 4450 p.
870 4363 948 4449 606)
1008 4367 1077 4435 dern
1091 4369 1128 4434 ab
1145 4369 1233 4434 obitu
1252 4370 1346 4448 Erici,
1369 4368 1422 4432 sed
1443 4369 1481 4432 ab
1503 4384 1540 4431 en
1555 4382 1634 4431 tern-

315 4471 654 4552 'scribunt,Botlrildam
669 4473 701 4538 in
715 4477 817 4565 Cypro
831 4474 949 4540 obiisse.
1006 4498 1098 4565 pore,
1119 4499 1180 4561 quo
1203 4476 1332 4560 patriam
1352 4477 1527 4560 reliquerat.
1571 4474 1635 4558 lgi-

322 4577 478 4643 liobertns
490 4599 563 4642 vero
578 4577 615 4642 ab
628 4580 737 4666 Elgin,
766 4591 856 4644 antor
870 4601 950 4645 eoas-
1005 4595 1058 4647 tnr
1079 4584 1117 4648 ab
1141 4583 1228 4646 initio
1249 4584 1328 4649 veris
1346 4583 1417 4646 anni
1437 4578 1519 4645 troo
1534 4601 1634 4666 usque

324 4707 389 4765 rus,
407 4681 584 4750 Botlrildam
605 4685 638 4744 in
657 4697 763 4751 monte
787 4687 946 4753 Olirsrum
1008 4691 1046 4754 ad
1061 4687 1153 4753 linem
1166 4692 1302 4754 autumni
1323 4691 1448 4754 nuntius
1468 4687 1533 4752 ivit.

324 4791 522 4870 demortuam,
543 4788 666 4857 intelle
680 4793 829 4880 iosaphat
845 4795 946 4883 sepul·
1050 4799 1185 4870 'Sauum
1204 4815 1276 4862 narrt
1297 4801 1334 4861 ab
1362 4801 1449 4860 Erico
1474 4793 1635 4874 secundus]

1005 4907 1080 4969 Post
1092 4921 1164 4968 natu
1176 4905 1283 4990 steph.
1298 4903 1414 4969 addidit
1428 4905 1530 4984 major.
