3508 5460
368 315 444 395 804
689 313 864 384 uts'run.
884 311 989 382 DAN.
1004 307 1142 384 LIBER
1163 313 1259 388 xlv:

310 529 477 603 duntaxat
493 543 574 595 curn
592 517 795 592 robustiore
812 521 984 598 exercitus
998 538 1111 620 parte,
1137 527 1237 621 gravi
1261 533 1296 593 et
1313 522 1515 620 composito
1531 521 1630 595 rnili-

309 656 365 722 tiae
391 669 541 746 genere,
565 641 739 740 paulatim
769 641 967 741 procedere
990 643 1105 718 solito.
1167 647 1294 741 ltaque
1315 641 1503 742 pugnandi
1527 649 1630 744 copia

308 793 490 870 nusquam
506 779 668 861 accepta,
700 747 866 863 magnam
882 767 1036 864 regionis
1058 782 1199 865 partem
1221 789 1456 865 permensus,
1486 767 1631 842 tandem

310 906 511 993 equestrem
540 911 687 958 manum
710 883 896 985 praedandi
921 892 1034 984 gratia
1059 890 1181 988 spargi
1205 890 1383 986 permisit,
1417 913 1630 990 paucosque

307 1039 428 1091 seeum
442 1014 480 1082 in
496 1012 666 1083 comitatu
684 1005 847 1080 residuos
867 1004 1007 1082 babuit.
1069 1007 1142 1081 lllic
1158 1007 1252 1082 sorte
1280 1012 1412 1084 nuncio
1435 1010 1483 1086 de
1504 1016 1630 1087 socio·-

307 1161 389 1213 rum
409 1133 641 1208 conclusione
661 1144 849 1227 suscepto,
890 1155 1001 1228 quam
1026 1133 1104 1205 sine
1128 1155 1302 1206 succursu
1335 1157 1445 1233 posse
1473 1133 1632 1235 effugere

306 1258 550 1360 negabantur,
582 1277 708 1326 eorum
736 1251 861 1344 saluti,
898 1253 1021 1352 quoad
1039 1255 1166 1328 milites
1197 1273 1471 1351 revocarentur,
1507 1257 1632 1334 adesse

306 1409 381 1459 non
398 1377 542 1468 distulit,
566 1401 687 1474 neque
709 1378 779 1450 sibi
792 1383 964 1452 comitum
979 1383 1206 1475 paucitatem,
1232 1403 1309 1476 quo
1335 1381 1452 1454 rninus
1474 1381 1630 1455 conclu-

307 1533 368 1584 sos
392 1517 544 1606 peteret,
569 1499 715 1574 obstare
737 1501 917 1598 permisit,
950 1498 1015 1574 sed
1035 1502 1217 1599 protinus,
1241 1502 1425 1602 primipilo
1441 1509 1547 1604 signa
1569 1519 1630 1576 at-

307 1630 434 1704 tollere
450 1615 697 1726 jusso,'pleno
711 1617 855 1694 fiduciae
871 1624 997 1720 spiritu
1017 1622 1158 1715 locum,
1188 1625 1225 1696 in
1247 1648 1321 1720 quo
1340 1625 1629 1720 continebantur,

307 1752 465 1840 accessit,
483 1769 598 1844 eoque
613 1743 845 1816 festinationis
860 1751 975 1844 signo,
997 1771 1149 1844 perosus
1167 1743 1340 1845 praedam,
1366 1747 1504 1846 equites
1529 1745 1579 1819 ad
1592 1771 1631 1821 se

308 1872 489 1951 contraxit.
537 1872 654 1960 Quem
671 1855 763 1938 tanta
777 1865 906 1940 fiducia
929 1885 1090 1966 ceperat,
1116 1869 1255 1966 utplus
1278 1869 1423 1942 remedii
1441 1874 1477 1941 in
1492 1869 1629 1943 celeri-

305 2016 377 2072 tate
396 2017 508 2095 quanr
532 1991 569 2062 in
585 1990 688 2062 sociis
705 1985 864 2062 duceret.
915 1992 1031 2091 Cujus
1054 1990 1249 2066 adrentum
1272 1991 1530 2085 sialandenses,
1558 1995 1631 2093 ¹qui

305 2127 397 2196 intra
414 2112 605 2191 difficilium
623 2107 789 2183 locorum
805 2119 983 2212 angustias
999 2115 1241 2205 arctabantur,
1256 2119 1404 2213 experti,
1430 2118 1628 2190 imminen-

305 2249 350 2320 tis
365 2240 482 2316 auxilii
501 2234 632 2310 fiducia
650 2257 724 2325 eos,
748 2259 771 2306 a
789 2235 922 2332 quibus
940 2235 1212 2327 obsidebantur,
1227 2243 1410 2312 incursare
1424 2254 1627 2336 coeperunt,

304 2392 351 2442 ne
369 2360 572 2466 periculum
588 2356 703 2430 aliena
724 2358 853 2430 virtute
867 2359 1085 2458 propulsare
1110 2359 1327 2436 viderentur.
1381 2364 1506 2458 ltaque
1521 2358 1626 2432 Scla⁴

305 2491 360 2565 vis
381 2490 515 2587 partim
540 2479 673 2572 solido,
706 2482 837 2578 partim
861 2507 1003 2580 aquoso
1025 2485 1146 2556 itinere
1172 2481 1430 2574 dilabentibus,
1455 2479 1627 2574 Eskillus,

304 2609 410 2683 animi
428 2623 464 2681 et
481 2606 622 2706 generis
644 2601 890 2679 nobilissimus
913 2629 1039 2704 eques,
1061 2604 1274 2678 militaribus
1288 2607 1395 2679 armis
1417 2606 1628 2705 praegravis,

303 2757 420 2808 unum
439 2755 483 2803 ex
508 2728 560 2800 eis
583 2727 755 2798 inermem
769 2751 837 2826 per
851 2725 1024 2827 palustria
1050 2726 1133 2801 loca
1158 2733 1265 2834 citato
1289 2747 1398 2802 cursu
1426 2729 1627 2828 lugientem

301 2853 460 2955 pedibus
478 2855 673 2941 insecutus,
696 2847 788 2922 illius
803 2851 956 2950 vestigiis
971 2849 1048 2922 limi
1073 2849 1221 2923 mollitie
1244 2849 1532 2941 subsidentibus,
1557 2875 1627 2925 nee

303 2976 517 3074 voraginum
534 2969 658 3046 illuvie
699 2997 768 3044 neo
790 2984 974 3047 armorum
996 2998 1107 3047 onere
1131 2972 1345 3072 depressus,
1369 2971 1513 3046 facilem
1532 2997 1626 3048 cur-

301 3095 406 3174 rendi
430 3108 596 3170 eventurn
610 3092 748 3166 babuit.
807 3097 900 3190 Quin
918 3100 1025 3168 etiam
1040 3110 1259 3193 occupatum
1276 3093 1478 3170 barbarum
1502 3097 1626 3196 capite

300 3220 486 3322 spoliavit3
519 3241 562 3290 an
576 3233 659 3291 tunc
675 3215 842 3307 demum,
868 3243 914 3289 ne
928 3216 1055 3314 plantis
1069 3216 1217 3316 quidem
1236 3241 1343 3292 coeno
1360 3218 1519 3311 iniectis,
1548 3243 1624 3294 so-

300 3343 415 3440 lidam
427 3341 580 3414 humum
594 3340 740 3438 repetiit.
790 3339 899 3433 Quod
915 3341 1061 3431 lactum,
1077 3340 1243 3441 religiosa
1262 3339 1497 3414 admiratione
1515 3365 1628 3439 pra·-

300 3465 465 3566 dignnm,
489 3487 562 3538 n'on
576 3461 714 3562 pedum
729 3461 897 3560 agilitate,
922 3462 989 3535 sed
1010 3461 1132 3538 divino
1155 3462 1332 3537 beneficio
1358 3461 1515 3555 editum,
1541 3453 1628 3564 poss-

299 3592 371 3663 tius
395 3585 529 3661 coelesti
555 3584 729 3658 miraculo
755 3572 867 3683 quarn
893 3583 1062 3658 humanae
1090 3587 1206 3659 virtuti
1226 3587 1403 3683 imputare
1426 3584 1630 3660 debemus.

298 3717 383 3786 Post
396 3709 476 3784 baec
490 3711 578 3785 vicis
595 3709 828 3808 permilitum
848 3732 996 3780 manum
1013 3708 1174 3807 undique
1196 3705 1413 3808 deflagrans,
1438 3709 1544 3782 mam
1569 3707 1632 3783 ad

298 3836 458 3910 Gorum¹
479 3834 764 3931 promontorium
785 3830 993 3929 longinquae
1024 3831 1276 3904 excursationis
1299 3829 1463 3904 incendia
1483 3831 1632 3929 profe-

296 3974 435 4032 runtur.
491 3959 593 4030 Tunc
616 3977 655 4028 se
677 3955 829 4054 Rugiani
852 3949 1083 4026 contrahendi
1110 3977 1132 4025 a
1163 3954 1364 4028 saxonibus
1399 3952 1518 4026 auxilii
1549 3978 1635 4054 spe

296 4076 482 4154 fraudatos
496 4083 644 4177 experti,
667 4092 824 4174 quatuor
840 4071 1029 4146 obsidibus
1046 4074 1233 4171 praebitis,
1250 4073 1351 4175 apud
1377 4075 1537 4150 Strelam·
1551 4075 1632 4150 in-

295 4201 435 4277 sulam²
455 4223 582 4301 pacem
607 4221 629 4272 a
645 4221 732 4299 rege
745 4201 899 4298 pecunia
913 4199 1164 4296 quaesiverunt

340 4495 479 4584 'Gorum]
499 4502 749 4567 Promontoritun
767 4503 800 4564 in
822 4501 922 4585 Rugia
982 4505 1097 4566 rensrbe
1105 4503 1191 4564 Hune
1207 4501 1410 4582 dictum.(l'.)

291 4607 404 4672 orienti
427 4609 486 4672 soli
501 4611 690 4692 proximum,
709 4611 743 4672 in
765 4607 921 4692 peninsula
1027 4613 1168 4672 ²Strelnnr
1181 4610 1323 4690 'rirsulnm]
1332 4615 1444 4674 Postea
1456 4609 1645 4676 Diinholm

290 4715 449 4798 Meinlrgut,
466 4711 547 4777 band
564 4715 672 4798 proctd
690 4735 707 4776 a
722 4714 791 4776 rico
805 4715 921 4776 curren
981 4713 1102 4777 dictam.
1144 4715 1230 4782 Unde
1246 4737 1358 4782 nomen
1375 4717 1545 4781 Strnlsund
1562 4721 1646 4782 ori·

288 4821 393 4920 sitnm,
414 4817 546 4906 ideoque
565 4817 603 4883 ab
620 4816 831 4882 incolisbndie
845 4821 922 4881 Gula·
980 4822 1082 4904 ginern
1105 4820 1199 4887 duxit.
1400 4812 1405 4821 ’
