3508 5460
519 313 522 320 '
612 309 943 382 wALuuatauus
967 311 993 380 l.
1338 309 1411 384 705

152 533 219 590 ten
233 541 436 618 aggressus,
450 533 489 592 ut
502 541 541 592 se
556 521 648 592 inter
661 541 785 618 regem
800 534 836 592 et
848 523 1032 620 Regiones
1049 520 1338 621 saciendeipaeis
1351 535 1463 596 auto-

152 663 224 712 rem
245 639 450 730 exhiberet,
496 641 644 736 orabat,
690 642 909 742 obsequium
933 669 1016 716 cum
1053 643 1243 718 obsidibus
1269 641 1463 742 spondeus.

153 763 282 834 Gontrn
308 761 483 855 Absulom
517 763 668 862 perinde
692 789 735 837 ac
755 791 901 856 eorum,
933 791 1017 862 quse
1038 763 1186 864 abipso
1207 766 1464 863 poscebantur,

154 889 308 984 ignarus,
331 889 573 984 responsionis
596 887 679 964 loco
705 887 865 962 desertas
886 889 1072 962 Dacorum
1095 887 1229 962 insulas
1243 887 1465 980 numerabat,

153 1031 273 1080 earum
288 1006 519 1082 solitudinem
542 1035 661 1108 nuper
674 1010 744 1082 sibi
770 1010 913 1108 abipso
934 1010 1186 1110 exprobratam
1205 1011 1277 1084 acri
1293 1012 1465 1084 memoria

151 1147 375 1230 prosecutus.
425 1131 876 1225 Domborus,orationem¹
912 1157 1015 1208 suam
1035 1159 1164 1231 parum
1180 1133 1464 1232 competentibus

152 1259 333 1354 responsis
348 1259 461 1352 excipi
478 1243 543 1354 per
560 1259 785 1354 interpretem
803 1281 1036 1356 cognoscens,
1061 1263 1221 1351 Ratione,
1246 1257 1370 1356 iuquit,
1393 1280 1465 1328 uon

152 1393 261 1466 vacat,
284 1377 494 1474 pontificum
512 1383 665 1475 optime,
691 1377 791 1474 quod
813 1397 909 1454 tuem
931 1387 1063 1456 ceteris
1079 1408 1186 1480 opem
1201 1384 1236 1454 in
1250 1379 1466 1454 advocatio-

150 1527 194 1574 ne
213 1500 447 1599 praeferimus.
509 1497 695 1598 Siquidem
712 1525 757 1573 eo
779 1527 876 1577 nunc
890 1506 1022 1602 justius
1038 1504 1086 1578 ad
1102 1503 1154 1580 tui
1169 1505 1322 1578 nominis
1343 1502 1466 1600 opini-

151 1648 256 1696 onem
270 1625 363 1698 votis
377 1621 617 1713 decurrimus,
643 1619 744 1721 quod
769 1626 954 1722 quondam
976 1628 1024 1703 ad
1041 1625 1316 1728 promerendam
1333 1627 1465 1697 Dauo·

150 1773 229 1820 rum
252 1743 484 1820 concordiam
503 1750 559 1818 avi
578 1747 627 1818 tui
647 1745 820 1843 presidiis
843 1749 1056 1826 nitebamur.
1101 1754 1189 1850 Ejus
1213 1765 1297 1823 nutu
1316 1745 1466 1846 perinde

150 1893 192 1944 ac
205 1867 391 1968 regalibus
406 1867 529 1940 edictis
543 1870 859 1958 contentinfoimus.
911 1876 1004 1965 Quia
1022 1899 1107 1948 vero
1122 1874 1279 1948 filiorum
1297 1871 1377 1970 ejus
1395 1895 1466 1942 ne-

151 2020 211 2066 mo
235 2005 414 2089 superest,
439 1989 624 2088 supplices
648 1991 857 2092 adnepotis
886 2019 1002 2094 genua
1035 2021 1163 2070 manus
1185 1995 1382 2086 tendimus,
1419 2019 1466 2068 ne

150 2133 248 2191 extra
272 2129 452 2188 consuetae
478 2112 618 2186 familiae
646 2119 773 2188 seriem
798 2119 927 2190 auxilia
954 2121 1246 2218 circurnspexisse
1270 2117 1466 2194 videamur.

150 2243 225 2312 Nec
251 2239 330 2337 pari
352 2235 524 2308 industria
538 2237 574 2308 in
599 2235 706 2310 fratre
727 2255 791 2312 tuo
822 2217 1093 2338 praetereundo,
1143 2267 1353 2341 quanquam
1380 2257 1467 2316 natu

149 2377 311 2462 praestet,
337 2383 424 2434 usos
438 2383 503 2432 nes
527 2383 606 2432 esse
629 2377 770 2434 constat
830 2362 910 2436 Tibi
933 2369 1028 2435 enim
1045 2335 1236 2437 altannus
1249 2369 1467 2462 praerogati-

151 2511 246 2575 vam,
266 2482 450 2571 honoris²,
475 2507 549 2554 non
564 2488 669 2556 animi
686 2507 753 2556 nee
768 2486 880 2558 aetatis
895 2485 1093 2586 privilegia,
1117 2486 1183 2560 sed
1198 2485 1376 2586 dignitatis
1398 2511 1466 2560 or-

150 2623 314 2682 namenta
338 2604 538 2680 conciliant.
597 2610 687 2677 Ante
711 2631 796 2679 vero
826 2633 937 2706 quam
960 2633 1088 2708 pacem
1108 2607 1341 2684 domesticam
1363 2607 1467 2682 bellis

148 2731 318 2807 civilibus
331 2727 532 2818 foedaretis,
557 2745 776 2804 constantem
793 2733 977 2806 Danorum
996 2733 1147 2831 imperio
1163 2729 1272 2804 fidem
1296 2735 1467 2828 praestiti·-

148 2879 243 2930 mus.
294 2857 339 2924 At
354 2869 548 2951 postquam
563 2851 730 2926 innostra
751 2853 940 2952 republica
963 2853 1129 2930 seditiosa
1153 2853 1321 2952 suffragia
1334 2853 1468 2928 adole-

147 3003 246 3069 vere,
270 2981 448 3078 regnique
464 2973 685 3049 affectatores
699 2978 806 3050 armis
829 2979 1002 3052 iustruere
1024 2977 1200 3074 coepistis,
1229 2981 1391 3078 proprie
1416 2979 1469 3052 li-

147 3102 299 3178 bertatis
324 3123 435 3198 quum
463 3095 586 3170 abenas
609 3098 769 3174 factionis
791 3099 1020 3174 studiosiores
1055 3099 1245 3192 eruemus,
1287 3107 1470 3199 vestrique

148 3224 306 3298 nominis
341 3245 451 3319 quam
474 3223 612 3320 pietatis
645 3220 845 3298 desertores
877 3249 956 3298 esse
980 3221 1183 3297 maluimus.
1242 3221 1310 3298 Sed
1334 3224 1469 3298 etbel-

147 3347 228 3422 lum
256 3344 361 3418 vobis
385 3343 568 3418 inferendo
602 3344 690 3444 quid
708 3345 806 3418 aliud
840 3373 949 3446 quam
975 3347 1122 3446 ingeniis
1139 3351 1263 3422 vestris
1289 3346 1468 3420 finienda-

148 3497 232 3544 rum
257 3467 476 3544 simultatum
492 3493 638 3545 causam
662 3469 826 3566 praebere
851 3473 1080 3562 tentavimus,
1107 3468 1219 3568 idque
1236 3469 1393 3562 efficere,
1420 3485 1470 3564 ut,

147 3611 273 3669 nostra
287 3617 386 3666 arma
403 3593 595 3690 excepturi,
621 3608 744 3665 mutua
759 3593 953 3666 concordia
978 3591 1205 3693 indigeretis?
1258 3595 1384 3691 ltaque
1404 3617 1469 3668 se-

147 3741 257 3792 eures
279 3731 429 3805 vestras,
449 3713 542 3788 civili
558 3717 732 3812 sauguine
758 3716 951 3806 madentes,
976 3722 1012 3788 in
1036 3718 1273 3814 nosmetipsos
1287 3717 1471 3790 converti-

146 3863 243 3930 mus,
268 3837 440 3937 bellaque
462 3853 580 3910 vestra
601 3838 722 3913 alienis
737 3864 847 3938 qnam
869 3843 993 3938 patriae
1016 3842 1214 3936 perniciosa
1235 3837 1312 3909 fore
1335 3836 1470 3912 multti-

146 3987 241 4037 mos.
302 3959 486 4060 Siquidem
512 3960 886 4048 adversariosvestros
909 3962 1047 4060 specie,
1075 3986 1199 4036 revera
1234 3961 1367 4034 amieos
1388 3963 1471 4059 egi-

147 4109 243 4176 mus,
261 4085 486 4184 caritatisque
501 4101 621 4183 partes
640 4083 837 4159 hostilitatis
850 4083 1075 4160 simulatione
1091 4084 1321 4184 praebuimus.
1380 4087 1472 4156 Ete-

147 4211 223 4282 nim
241 4206 475 4282 concordiam
495 4223 646 4280 vestram
663 4211 776 4307 magis
795 4233 904 4307 quam
927 4207 1064 4308 spolia,
1098 4215 1283 4308 piraticam
1307 4232 1328 4278 a
1351 4205 1472 4282 bene-

147 4331 305 4408 volentia
321 4329 743 4432 prosectamexercendo,
759 4331 1001 4430 quaesivimus.
1027 4335 1073 4407 Et
1089 4358 1186 4408 nunc
1202 4329 1362 4432 quidem,
1372 4355 1471 4432 ope-

199 4644 784 4728 ¹contonam-ationem]Hancceors-
846 4661 976 4729 caverat,
996 4649 1046 4713 hic
1061 4669 1115 4712 suo
1137 4669 1221 4713 more
1245 4669 1404 4714 exornasse
1430 4645 1472 4713 vi·

150 4754 376 4838 tionem,cujus
390 4776 537 4818 summam
548 4753 684 4818 Abssinn
701 4751 782 4816 baud
846 4753 943 4819 detur.

153 4858 249 4924 dubie
269 4881 338 4928 cum
359 4866 480 4928 Saxone
495 4875 601 4954 nestro
616 4861 781 4926 communi·
890 4859 1058 4946 ’Honorid
1077 4861 1134 4928 Ed.
1147 4886 1194 4948 pr.
1207 4867 1340 4928 ionum.
