3508 5460
622 319 994 392 wxunuttsuust
1061 393 1066 408 ,
1346 321 1418 394 777

152 529 410 630 benignissimis
440 526 559 602 verbis
582 528 868 628 amicissimoque
883 531 982 604 vultu
1003 535 1245 628 prosequitur.
1299 534 1366 604 Cui
1383 557 1467 608 cum

152 675 347 726 occursum
363 673 470 726 suum
485 648 535 724 ob
550 667 670 724 vetera
678 649 762 726 odia
779 669 947 726 onuuum
965 657 1079 752 magis
1093 677 1203 750 quom
1220 671 1362 752 gratum
1377 679 1467 728 sen-

151 777 241 863 tiret,
267 789 308 846 ut
320 777 411 844 iram
425 771 607 872 obsequiis
623 771 792 863 flecteret,
817 772 916 872 opud
932 772 1079 848 Ekeho¹
1099 774 1277 872 oppidum
1292 781 1366 848 suis
1381 801 1467 848 eum

150 896 324 994 impensis
358 899 521 994 excipere
540 896 666 971 statuit.
728 896 799 968 Sed
831 919 915 994 rege
939 895 1157 971 beneficium
1179 915 1388 995 spernente,
1421 923 1466 971 ne

149 1023 231 1120 quis
247 1021 281 1093 ei
297 1021 496 1094 neucesaria
511 1017 727 1109 venditaret,
751 1015 869 1090 edixit.
921 1021 1024 1091 Tunc
1045 1020 1156 1094 Dauis
1173 1018 1390 1094 domesticos
1407 1027 1465 1092 ci—

150 1145 219 1218 bos
239 1141 483 1235 sumentibus,
506 1143 683 1216 consectas
700 1140 827 1239 epulas
852 1166 919 1238 per
937 1143 1115 1216 ministros
1133 1141 1336 1216 inserendos
1354 1167 1465 1214 cura-

150 1267 345 1366 vit,sicque
361 1263 743 1358 demum,verecundin
759 1282 957 1362 superatos,
973 1263 1212 1339 munificentie
1227 1289 1294 1339 sun
1309 1267 1360 1340 uti
1376 1289 1466 1338 coe-

149 1391 208 1490 git.
261 1392 498 1490 Interrogatus
514 1387 669 1473 taudem,
689 1413 736 1460 an
751 1391 843 1487 regis
858 1411 1070 1485 processum
1084 1389 1190 1462 tutari
1205 1405 1337 1484 posset,
1360 1410 1468 1486 posse

149 1537 191 1588 se
205 1509 373 1610 quidem,
394 1511 520 1612 quoad
541 1515 706 1586 Bremnm
721 1513 900 1602 veniatur,
915 1511 1074 1584 asseruit
1123 1508 1228 1581 Albia
1244 1513 1467 1610 pertransito,

150 1658 236 1708 utam
251 1637 417 1707 Bremtm
438 1659 584 1708 versum
598 1631 889 1723 «intenderetur,
913 1632 1110 1727 Euhenum,
1138 1631 1368 1732 profectionis
1385 1648 1466 1706 sto-

150 1755 342 1832 liditatem²
362 1755 657 1849 animadvertens,
680 1780 867 1855 quamque
881 1780 1014 1830 vanum
1028 1757 1094 1830 iter
1109 1772 1288 1855 caperent,
1314 1781 1387 1830 nou
1401 1779 1467 1827 se-

153 1885 270 1979 gniter
288 1880 564 1979 contemplatum
590 1879 736 1954 srouetu
750 1876 968 1954 Absalonem
985 1877 1148 1978 aliosque
1163 1882 1310 1953 Danicae
1327 1874 1466 1952 nobili·-

142 2005 232 2078 ‚tatis
255 2025 429 2100 proceres
451 2002 600 2080 consilio
624 1999 779 2075 illustres
799 1998 892 2074 clam
918 2008 1055 2078 caeteris
1078 2003 1265 2078 ammsitos
1292 2001 1467 2088 obsecret,

151 2151 276 2226 regem
294 2128 428 2223 arrepti
441 2127 572 2200 itineris
588 2125 791 2198 emensioue
808 2121 1037 2221 prohibeant,
1061 2124 1164 2224 quod
1177 2127 1372 2224 praesertim
1391 2129 1467 2196 sine

153 2249 246 2324 duee
270 2247 452 2342 conficiat,
483 2273 601 2349 neque
625 2271 709 2322 eum
734 2261 805 2318 mm
828 2245 1023 2344 periculosi
1042 2249 1217 2347 propositi
1243 2264 1467 2338 executorem

152 2373 300 2446 existere
315 2373 500 2472 patiantur.
550 2368 659 2465 Quod
674 2365 835 2442 Absalon
849 2371 954 2440 inane
971 2385 1106 2442 tentatu
1121 2369 1298 2469 judicans,
1323 2395 1467 2468 propo-

152 2497 221 2570 sito
249 2519 374 2594 regem
402 2517 592 2570 uesturm
612 2491 787 2591 negabat,
818 2489 982 2582 dicendo,
1014 2495 1224 2567 monitorem
1247 2519 1321 2568 nou
1349 2491 1467 2568 solum

155 2641 305 2718 operam
328 2615 572 2716 perditurum,
595 2615 662 2692 sed
684 2621 789 2689 etiam
808 2637 1005 2706 sensurum,
1026 2633 1200 2714 quantum
1213 2615 1289 2694 odii
1309 2621 1467 2715 pertinax

150 2767 254 2816 error
275 2743 345 2842 ples
359 2741 542 2816 monitioni
555 2739 690 2814 referre
713 2736 837 2814 soleat.
886 2739 988 2811 Tunc
1005 2737 1202 2832 Eshcrnus,
1225 2739 1382 2813 'tametsi
1398 2762 1467 2825 me,

152 2865 280 2962 iuquit,
302 2867 529 2962 graviwmas
546 2865 765 2936 monitorum
781 2883 910 2958 poenas
925 2885 946 2932 e
961 2862 1112 2960 vestigio
1129 2861 1297 2938 daturum
1316 2887 1466 2962 praeuo-

150 3009 310 3076 auerem,
349 3009 434 3084 que
449 2981 496 3058 ad
511 2986 607 3084 regis
627 2984 780 3060 salutem
802 2986 979 3079 pertinere
994 2979 1305 3082 deprehenderim,
1329 2985 1468 3060 silentio

151 3105 377 3182 domnam
397 3133 471 3182 uon
493 3123 645 3206 paterer.
704 3105 872 3180 Adestote
896 3131 984 3206 ergo
999 3131 1162 3197 mecum,
1186 3126 1221 3184 et
1236 3111 1274 3182 in
1286 3113 1380 3210 regis
1395 3107 1468 3182 ad·-

151 3230 395 3322 monitionem,
414 3231 445 3304 si
458 3227 619 3329 linguam
632 3227 803 3320 abnuitis,
820 3253 925 3302 aures
944 3230 1113 3328 praebete.
1164 3235 1370 3322 Enimvero,
1385 3259 1469 3306 cum

151 3351 345 3428 honestetis
361 3351 565 3450 periculum
580 3350 804 3446 obversetur,
826 3349 998 3428 offensam
1013 3355 1185 3454 principis
1199 3357 1294 3430 utilia
1308 3356 1467 3432 svadeu-

196 3665 329 3748 ΙΙᾶιΙιο]
342 3667 505 3754 integitur
518 3667 782 3754 ineditioneprln·
845 3675 923 3732 misit
947 3673 1101 3758 adrogent
1127 3679 1260 3740 Francia
1279 3679 1469 3747 Ludout'cum,

150 3774 230 3861 ulpe.
279 3773 463 3861 stephanius
481 3773 664 3859 corrigendo
678 3774 783 3860 potuit
845 3791 878 3836 nt
892 3796 1056 3841 occurreret
1072 3781 1130 3842 sibi
1143 3783 1185 3844 cd
1203 3784 1375 3866 colloquium
1388 3783 1472 3869 opud

150 3881 272 3954 Etrelto,
287 3892 319 3944 et
333 3878 428 3945 dublo
444 3895 538 3963 earet,
554 3881 605 3947 hic
616 3881 780 3967 significari
845 3885 986 3963 Leonum,
1009 3907 1073 3968 qute
1087 3903 1132 3950 est
1148 3891 1178 3948 t'n
1190 3890 1271 3949 terra
1283 3888 1470 3970 Burgundio-

150 3987 260 4052 ttrltern
273 3987 422 4052 Holttllte
432 3987 586 4053 ltuelruam
599 3989 637 4059 a'd
652 3987 781 4054 lluvlum
844 4013 913 4052 num
924 3991 1016 4071 sunta
1026 3995 1294 4075 Ararimfluoium,
1318 3993 1360 4056 od
1373 3993 1470 4054 redtir·

146 4095 223 4160 ster
236 4096 335 4160 eitam.
843 4097 1019 4179 tegrondnm
1036 4103 1322 4162 unttmemecelest'oe.
1363 4103 1402 4162 Et
1418 4123 1470 4162 nu-

842 4208 908 4266 nut't
923 4227 975 4265 rex
988 4209 1129 4268 Francia.
1143 4209 1292 4270 Praeterea
1304 4210 1383 4268 misit
1397 4231 1470 4268 nun·

195 4307 419 4392 ²Prosectt'onr't
439 4307 646 4388 stoliditatem]
664 4313 712 4374 De
735 4309 781 4372 ln·
844 4313 902 4370 tios
920 4311 963 4372 od
992 4334 1087 4394 regem
1107 4315 1231 4384 Dnnioe,
1258 4330 1289 4376 et
1311 4314 1354 4376 ud
1376 4337 1470 4398 regem

146 4409 298 4476 vitatione
313 4413 440 4479 &teris
462 4419 490 4480 F
491 4415 614 4479 riderici
628 4414 666 4477 etl
679 4417 781 4479 cortul-
844 4417 1000 4497 (Ingeram,
1026 4433 1056 4479 et
1078 4418 1121 4480 ad
1143 4442 1238 4502 regem
1257 4424 1399 4493 Boemr'cc,
1438 4439 1470 4482 ut

143 4515 224 4579 lium
245 4516 419 4583 habendum
443 4521 510 4584 haec
531 4523 675 4606 leguntur
698 4523 779 4606 apud
842 4525 973 4584 venirent
993 4521 1036 4584 od
1057 4527 1245 4588 constitutum
1264 4529 1347 4590 diem.
1390 4531 1470 4590 Tunc

142 4623 349 4687 Helmoldum
366 4625 420 4689 lib.
442 4631 456 4690 l
483 4647 549 4714 cap.
572 4625 628 4692 90:
651 4625 778 4710 (Medio-
843 4629 975 4690 abt‘ernnt
995 4631 1083 4691 simiel
1095 4631 1306 4698 Waldomurus
1326 4659 1390 4698 cum
1407 4636 1470 4720 epi-

141 4729 221 4794 letto
229 4727 401 4818 detineto)
408 4737 568 4798 timuerunt
581 4739 679 4798 omnio
687 4759 780 4820 regno
841 4738 936 4821 κομί-ε
956 4737 1079 4809 Danioe,
1099 4741 1260 4805 Hortut'cus
1281 4743 1470 4826 arciepisco-

140 4853 298 4904 terrarum
313 4842 357 4906 od
367 4843 488 4928 sarnum
503 4847 626 4908 nomme}
639 4843 712 4924 nite.
741 4847 781 4906 Et
840 4863 898 4926 pus
916 4855 969 4904 etc.
