3582 5466
622 269 873 345 mannus
895 271 1013 346 tisis.
1359 269 1433 348 dii

176 482 424 564 contusionem
445 479 621 579 probare,
656 477 822 555 libentius
846 479 1031 560 eriminum
1056 503 1166 578 qnam
1187 501 1347 578 genuum
1370 479 1484 556 lleuus

175 603 347 702 aspicere,
359 601 570 700 nullamque
589 603 764 678 victimam
788 600 967 677 vindicatae
984 625 1187 700 pauperum
1208 601 1362 696 libertati
1382 627 1483 699 prse-

173 725 278 800 t'erre.
339 729 558 824 Quanquam
578 723 671 801 enim
695 748 821 824 regum
847 725 1009 822 majestas
1031 726 1095 798 rite
1121 722 1287 822 religioni,
1303 723 1484 800 intendere

174 845 327 939 dobunt,
358 847 541 947 aliquanto
571 863 687 952 tomen
720 847 918 946 speciosius
950 845 1129 920 interdum
1159 847 1347 922 tribunatia
1373 872 1483 944 quotu

176 993 256 1042 aras
273 969 434 1049 emolere
451 988 577 1070 potest.
608 973 670 1048 tiu
685 971 836 1058 ornissis,
852 995 927 1060 rex,
941 969 1018 1044 sola
1034 995 1220 1044 sacrorum
1238 974 1377 1054 caritate
1390 993 1484 1045 eon-.

174 1093 358 1189 spicum,
383 1094 621 1190 iniquissimos
635 1110 737 1170 actus
759 1093 904 1192 prolusa
936 1094 1045 1167 animi
1068 1091 1254 1169 tolerantia
1276 1090 1484 1186 sustinebat,

173 1217 348 1311 pauciore
370 1217 618 1313 experimentis
650 1233 886 1315 prosecutus,
926 1239 1035 1314 quam
1065 1219 1260 1314 promissis¹
1275 1212 1484 1312 complexus

174 1336 302 1413 luerat.
352 1341 472 1414 Nonas
488 1363 560 1414 nnn
575 1341 676 1415 venia
698 1337 821 1431 modo,
846 1338 912 1416 sed
937 1341 1039 1412 etiam
1069 1337 1210 1424 lieentia
1229 1335 1482 1434 prosequeba-

176 1475 247 1554 tur,
269 1478 416 1560 tamque
429 1462 575 1560 inopem
588 1462 678 1560 juria
697 1463 850 1561 patriam
868 1460 1031 1554 reddidit,
1058 1486 1176 1560 quam¹
1187 1476 1288 1534 antea
1302 1458 1484 1556 promissis

174 1579 325 1663 divitem
345 1583 437 1658 feeit
489 1581 560 1661 Sed
574 1607 692 1682 neque
712 1609 732 1656 a
750 1589 855 1685 regiis
871 1585 1033 1660 moribus
1049 1583 1248 1682 habituque
1269 1581 1484 1680 degenerare
1511 1574 1517 1584 ’

176 1703 343 1786 deforme
357 1705 524 1784 ducebat.
572 1707 771 1808 Regnando
786 1709 967 1782 biennium
981 1711 1166 1782 emensus²
1195 1704 1411 1802 defungitur.
1479 1780 1482 1789 ,

282 1833 364 1924 Quo
382 1849 538 1924 mortuo,
554 1837 722 1922 Quintus,
738 1831 899 1904 fraternis
921 1829 1114 1930 suffragiis³
1141 1833 1176 1900 in
1190 1829 1288 1927 regni
1305 1827 1484 1928 fastigium

178 1969 379 2046 revocatus,
395 1953 572 2031 Orientale
587 1953 737 2044 bellum,
762 1953 864 2054 quod
881 1952 1172 2042 inadolescentia
1190 1973 1305 2039 orsus,
1331 1953 1365 2022 in
1381 1948 1484 2024 exilio

176 2079 383 2174 auspicatus
398 2076 532 2171 fuerat,
565 2095 714 2177 accepto
732 2078 842 2171 solio,
874 2083 994 2175 potius
1017 2071 1276 2172 amplificante
1303 2073 1484 2172 religionis

176 2223 290 2296 quam
305 2197 490 2298 explendis
517 2200 719 2298 'cupiditatis
735 2204 845 2300 gratia
867 2203 947 2276 totis
962 2199 1098 2274 viribus
1115 2193 1359 2286 innovandum
1373 2222 1483 2270 curn-

178 2319 254 2414 hat,
261 2347 345 2394 enm
355 2324 575 2396 incrementis
583 2323 733 2397 fortnnae
743 2326 844 2396 etiam
853 2323 1015 2395 claritatis
1031 2336 1261 2419 augmentum
1273 2319 1483 2418 apprehen-

177 2441 432 2544 dereonpiens.
458 2441 617 2520 Neoame
625 2471 772 2536 manum
782 2446 829 2519 ab
839 2445 996 2542 incoepto
1010 2443 1161 2534 retraxit,
1176 2467 1289 2540 quam
1303 2447 1484 2516 Curorum

228 2739 314 2798 'Res
332 2739 396 2800 solo
416 2762 564 2800 sacrorum
588 2743 712 2802 caritate
735 2763 801 2800 eou·
859 2732 1484 2822 eratbellicosus(engr'uarhonnltermailr),

179 2839 311 2926 spt‘euus]
329 2841 570 2928 Haudquaquam
598 2865 655 2930 pro
676 2844 801 2908 modulo
859 2848 912 2906 sed
929 2861 1092 2906 marrsuetus
1124 2863 1152 2905 ee
1176 2869 1248 2930 ergo
1275 2849 1349 2906 sitm
1371 2846 1484 2906 molitor

177 2947 314 3010 clericali
339 2947 434 3015 hocce
461 2955 572 3014 Noster
599 2950 636 3014 de
667 2951 801 3013 llarnldo
859 2951 1021 3034 (linga-uid
1031 2951 1155 3032 sollu't),·
1173 2975 1279 3038 porum
1295 2955 1369 3014 altos
1385 2975 1484 3034 regare

177 3053 251 3116 tulit
264 3053 420 3137 judicium.
461 3059 531 3120 Hoc
547 3069 647 3122 antem
661 3057 741 3142 justo
757 3077 802 3120 se·
829 3103 832 3106 -
856 3062 955 3143 potuit
970 3057 1232 3132 praetentorum
1248 3059 1286 3142 ns
1296 3058 1484 3134 honum),r'tn

179 3161 280 3222 serius
302 3179 366 3223 esse
388 3163 492 3226 statuit
507 3164 646 3230 Sultmins
660 3163 753 3242 (Hist.
772 3159 807 3224 al'
861 3181 892 3226 ut
913 3187 967 3249 per
983 3167 1152 3250 prouincias
1168 3163 1267 3250 ferme
1293 3167 1485 3246 uniusquisque
1530 3219 1535 3238 „

179 3269 337 3330 Dnnnsarlt
355 3261 448 3333 roll
470 3293 500 3358 p.
522 3267 612 3348 580),
633 3289 803 3354 provocans
855 3295 914 3356 pro
931 3272 1145 3330 lubriuorirerc'e.
1173 3269 1229 3330 His
1242 3266 1357 3331 aceedit
1371 3287 1484 3350 eogno-

178 3373 218 3436 ad
234 3374 441 3440 testimoninm
457 3377 609 3454 Anonymi
623 3375 803 3440 Rosliilden·
861 3395 930 3438 men
947 3375 1024 3438 Hein
1047 3373 1128 3452 (eos)
1154 3373 1199 3434 illi
1223 3397 1240 3437 n
1261 3376 1377 3458 populo
1407 3373 1484 3436 indi-

179 3481 230 3560 sis,
239 3481 319 3544 tinne
333 3501 436 3566 regem
443 3488 535 3546 urium
543 3487 694 3572 optimum,
712 3502 803 3546 recto·
861 3493 937 3558 tum,
949 3479 1031 3564 quod
1046 3479 1167 3564 quidem
1182 3499 1362 3564 cognomen,
1378 3503 1394 3542 a
1410 3483 1485 3544 mol·

180 3612 239 3650 rem
250 3589 444 3669 justissimum
465 3587 659 3674 praedicantis
680 3587 805 3672 (Script.
864 3586 976 3648 lissimn
989 3586 1089 3670 lapide
1103 3584 1281 3664 desumtnm,
1296 3599 1426 3651 mentem
1439 3587 1485 3650 in·

178 3712 240 3756 rer.
253 3696 331 3782 Dan.
341 3693 400 3756 vol.
416 3693 432 3758 1
448 3718 477 3779 p.
490 3691 577 3776 378).
587 3694 647 3760 sed
661 3715 729 3757 cum
745 3699 805 3756 No·
863 3691 943 3754 diunt
959 3691 1040 3776 justo
1058 3694 1238 3756 molliorem.

178 3783 247 3862 stro
281 3801 406 3863 omnino
440 3799 515 3864 lacit
545 3814 634 3865 autor
670 3801 805 3862 historiae
914 3802 1110 3883 ²Reguundo
1160 3803 1301 3862 heersnr'um
1342 3798 1483 3880 emensus]

178 3903 425 3990 linytlingornm.
447 3911 523 3968 Haec
550 3909 631 3970 enim
652 3906 715 3990 ejus
734 3921 805 3969 sunt
863 3907 979 3998 Quarto
987 3902 1105 3968 demum
1113 3907 1199 3990 regni
1209 3907 1254 3968 sui
1264 3927 1354 3978 antro,
1371 3905 1429 3966 hoo
1438 3917 1483 3967 est

180 4009 275 4072 rerba
285 4032 315 4094 p.
325 4009 402 4076 223:
412 4017 708 4078 EraerexHarnIdns
717 4021 810 4098 quieti
863 4032 943 4072 anno
955 4007 1043 4087 1018,
1052 4024 1239 4074 mortuusest
1252 4010 1485 4088 Haraldus(vid.

178 4122 228 4178 vir
240 4122 333 4180 animi
351 4137 381 4181 et
399 4099 525 4183 modesti
543 4123 688 4204 (kyrrlcitr
708 4123 742 4182 ol·
750 4125 807 4207 sci·
863 4115 958 4181 Suhm
973 4119 1050 4183 Hist.
1072 4119 1107 4183 af
1120 4123 1227 4182 Datim.
1252 4119 1301 4180 vol
1318 4115 1340 4178 4
1354 4141 1385 4204 p
1398 4114 1484 4197 601).

178 4223 322 4299 lnr),ad
329 4226 388 4286 lroee
400 4232 564 4290 taciturnus
574 4227 596 4303 (
591 4229 741 4311 umn'lugd
748 4253 760 4300 ;
776 4231 804 4290 in
910 4227 1083 4288 ³Fratemis
1106 4221 1273 4318 suffiagin]
1303 4229 1398 4290 Unam
1424 4230 1485 4288 No·

177 4335 306 4392 comitt‘rlr
326 4333 409 4394 laud
429 4335 542 4396 locutus
561 4351 623 4406 est.
654 4335 728 4396 uude
753 4337 808 4396 atii
863 4342 926 4392 ster
941 4344 1089 4394 memorat
1111 4352 1246 4406 cansam,
1274 4349 1328 4392 eur
1352 4333 1485 4396 Canntus

176 4445 275 4500 multa
295 4439 358 4499 loco
380 4441 444 4520 ejus
462 4443 548 4502 uerba
559 4441 699 4525 fecerunt
713 4438 806 4515 (urdo
864 4437 949 4499 nullo
966 4438 1115 4502 renitente
1138 4438 1281 4502 thronum
1299 4436 1426 4522 adeptus
1440 4436 1486 4500 ln·

177 4537 268 4605 ailrr'r
279 4545 388 4607 miolnt
397 4546 470 4630 losa
485 4546 666 4631 tdrrgusyn'r
675 4546 805 4621 lenum).
865 4542 1035 4626 erit.Snprn
1044 4537 1086 4628 (p.
1097 4541 1156 4607 571
1167 4546 1198 4606 in
1213 4542 1289 4625 not.)
1302 4544 1484 4622 monuimus,

178 4653 293 4712 Parum
310 4655 340 4712 in
360 4675 393 4714 eo
412 4667 477 4713 erat
495 4654 601 4714 ausilii
620 4656 675 4724 iis,
703 4653 805 4736 quibus
864 4647 949 4731 juste
975 4648 1133 4714 historiam
1151 4651 1383 4736 linytlingorunr
1413 4673 1486 4735 pro·

177 4780 255 4842 opus
268 4775 348 4829 erest
365 4759 452 4833 (lr'er'll
472 4759 692 4842 atquoedemndr
706 4783 752 4820 nur
764 4759 807 4842 ῥά
865 4773 948 4818 neres
966 4757 1050 4842 regni
1069 4756 1269 4842 spopondisse
1286 4759 1425 4836 Canum,
1452 4771 1485 4820 nt.

177 4863 275 4936 nturi,
301 4887 335 4926 er
348 4863 442 4950 luffa
453 4863 565 4950 priter),-
584 4866 806 4948 linudquaqunm
867 4859 955 4924 fratri
972 4863 1003 4924 in
1017 4883 1113 4947 regno
1126 4863 1310 4928 succederet.
