3508 5460
629 299 1002 378 thnEMnRtht
1352 308 1428 384 839
1524 241 1532 264 =

160 509 197 582 in
221 507 350 608 exigua
372 505 506 583 frustra
519 525 698 610 aptusque
718 509 843 586 ioculo
857 511 993 610 stipites
1018 509 1243 614 redegerunt.
1296 513 1476 594 Credide-

159 634 241 726 rim,
263 647 351 706 tunc
369 634 551 732 Rugianoe
574 633 732 733 pristinae
749 634 910 734 piguisse
927 631 1095 730 oriturae,
1120 660 1203 710 cum
1223 639 1378 736 patrium
1395 645 1477 714 avi-

157 773 310 854 tumque
329 778 483 846 numen,
507 753 609 854 quod
626 761 780 830 maxima
803 755 978 858 religione
994 755 1179 832 celebrare
1199 757 1380 852 solebant,
1404 761 1477 862 igni

154 876 367 952 deformiter
388 875 611 976 applicatum
633 875 903 980 concoquendis
925 875 1285 974 hostiumalimentis
1309 881 1476 956 famulari

154 1005 415 1100 conspicerent.
464 1005 549 1077 Post
570 999 651 1076 haec
681 1006 792 1076 nostri
815 985 947 1102 pariter
969 1018 1004 1076 et
1024 1001 1151 1076 fanum
1174 1001 1406 1079 cremandum
1439 1023 1476 1080 et

153 1123 341 1198 basilicam
357 1122 462 1224 lignis
478 1123 847 1203 machinamentorum
861 1122 1155 1198 exaedificandam
1172 1126 1363 1218 curabant,
1390 1127 1476 1202 belli

151 1248 387 1324 instrumenta
404 1252 503 1346 pacis
526 1245 706 1325 domicilio
724 1263 981 1348 permutantes.
1032 1251 1158 1348 Itaque
1175 1247 1278 1354 quod
1299 1248 1472 1324 obteren-
1499 1235 1506 1256 ‘

150 1367 209 1446 dis
225 1367 385 1447 hostium
402 1370 619 1471 corporibus
633 1377 929 1473 excogitaverant,
954 1370 1133 1446 salvandis
1147 1396 1275 1446 eorum
1291 1371 1474 1472 spiritibus

151 1489 424 1594 impendebant.
479 1497 568 1572 Dies
590 1487 757 1596 quoque,
790 1519 868 1596 quo
894 1494 1082 1570 thesaurus
1106 1492 1342 1570 Svanto'vitho
1364 1512 1474 1571 voto-

150 1639 237 1688 rum
259 1617 407 1690 nomine
427 1636 654 1696 consecratus
673 1645 696 1693 a
718 1619 890 1719 Rugianis
913 1599 1125 1708 traderetur,
1150 1616 1358 1720 praefigitur.
1408 1619 1472 1694 His

150 1738 313 1839 explens,
336 1740 506 1838 straton,
532 1747 685 1820 Granzae
697 1740 963 1818 Karentioensis
977 1741 1217 1839 promissione
1233 1739 1390 1815 ducibus
1405 1767 1472 1816 ex-

152 1866 284 1962 posita,
309 1869 519 1966 cunctisque
537 1869 614 1968 ejus
634 1869 918 1966 experimentum
939 1867 1033 1938 sumi
1058 1860 1194 1937 debere
1207 1863 1472 1962 judicantibus,

150 2010 237 2060 cum
254 1991 396 2088 triginta
412 1990 563 2090 navigiis
586 2005 697 2064 noctu
708 1970 889 2077 'discessit
910 2011 996 2087 rege
1016 1985 1087 2061 sub
1103 1988 1258 2086 primam
1274 1987 1393 2062 lucem
1408 1991 1471 2063 in-

147 2112 254 2208 sequi
267 2111 413 2184 monito.
467 2113 604 2188 Tantus
626 2128 746 2186 autem
766 2105 970 2186 Karent'inis
985 2109 1204 2185 Arkonensis
1228 2119 1471 2214 expugnatio-

146 2236 204 2307 nie
219 2233 348 2308 nuntio
360 2247 479 2308 terror
495 2239 696 2327 incesserat,
722 2249 763 2310 ut
779 2232 914 2324 locum,
939 2237 1002 2332 qui
1020 2221 1069 2306 ab
1083 2231 1265 2308 Absalone
1281 2250 1469 2334 praenota-

146 2370 208 2430 ttts
222 2371 310 2450 erat,
330 2370 414 2431 ante
424 2356 615 2456 praefixum
627 2375 771 2458 tempus
785 2355 1009 2430 accederent.
1034 2354 1110 2430 Illic
1127 2359 1279 2448 Granza‚
1293 2381 1390 2456 equo
1406 2363 1468 2432 in-

144 2475 288 2571 sidens,
319 2501 409 2568 voce
431 2505 574 2559 eunus
596 2483 725 2571 missa,
758 2479 927 2579 quisnam
950 2476 1054 2554 classi
1080 2495 1270 2577 praeesset,
1304 2480 1468 2580 rogabat.

144 2603 267 2707 Quam
281 2618 477 2704 postquam
494 2605 544 2680 ab
561 2603 745 2681 absalone
767 2601 906 2678 ductari
932 2603 1115 2701 cognovit,
1141 2597 1319 2678 Granz'am
1333 2629 1373 2677 se
1390 2627 1469 2679 esse

143 2723 347 2817 confessus,
371 2750 496 2827 regem
522 2727 761 2804 Tetiszlavum
787 2749 871 2801 cum
896 2726 1072 2798 Jurimaro
1097 2723 1207 2800 fratre
1232 2744 1268 2801 et
1293 2728 1468 2802 universis

142 2847 329 2946 ltubn'anae¹
343 2846 533 2926 nobilitatis
547 2848 762 2951 proceribus
778 2847 966 2924 advenisse
979 2845 1177 2948 perdocuit
1227 2852 1328 2944 Quos
1343 2847 1467 2922 Absu-

141 2967 220 3062 lon,
245 2973 451 3071 interposita
474 2969 557 3064 fide,
583 2998 677 3048 nave
695 2987 876 3072 exceptos,
901 2995 944 3044 ac
968 2993 1037 3070 per
1063 2975 1183 3043 omnia
1205 2972 1467 3046 Arkonensium

141 3091 314 3194 exemplo
335 3091 551 3171 deditionem
577 3111 715 3196 pactos,
739 3094 788 3170 ad
809 3099 905 3196 regis
929 3093 1124 3170 adventum
1143 3117 1261 3194 usque
1283 3093 1466 3170 detinuit¹.

142 3218 229 3310 Quo
245 3241 315 3316 per
331 3219 452 3294 omnia
469 3219 695 3319 pactionibus
709 3223 929 3312 assentiente,
951 3217 1032 3292 solo
1056 3218 1230 3300 Jarimaro
1255 3243 1298 3292 ex
1322 3219 1466 3320 Regia-

139 3363 275 3414 norum
299 3341 533 3440 optimatibus
559 3356 765 3441 assumpto,
790 3365 967 3416 unacum
989 3343 1155 3418 Srenone
1179 3344 1359 3417 Arusiensi
1382 3343 1466 3416 Ka-

140 3465 318 3538 rentiam²
335 3469 467 3565 pergit3
477 3464 650 3565 reliquos,
660 3489 737 3564 quo
751 3470 860 3541 tutius
875 3465 1003 3540 urbem
1017 3480 1166 3564 peteret,
1180 3491 1247 3564 per
1259 3465 1466 3542 Esbernum

139 3585 287 3663 fratrem
305 3587 422 3690 epulis
445 3587 593 3664 allectos
610 3612 684 3664 non
707 3601 789 3662 ante
810 3585 966 3662 reditum
979 3611 1088 3664 suum
1104 3587 1333 3666 dimittendos
1351 3612 1463 3664 cura-

187 3887 198 3921 ⁸
213 3885 297 3969 Quos
308 3886 440 3952 Absolvit
515 3887 559 3952 ad
569 3889 649 3972 regis
668 3885 776 3950 adoer-
831 3863 920 3944 tuam'
933 3893 1081 3966 evertere,
1099 3895 1131 3948 et
1145 3893 1272 3968 postero
1287 3881 1336 3947 die
1349 3881 1464 3946 aaran·

136 4005 204 4052 tam
239 4014 329 4074 usque
357 3989 498 4074 datriruit]
542 3993 662 4058 Auctor
695 3991 775 4056 Hist.
832 3987 905 4053 tiam
923 3989 963 4053 ad
985 3987 1132 4074 imagines
1153 3989 1280 4054 deorum
1300 3985 1464 4052 ibi'culto·

135 4094 242 4194 linptl.
257 4097 296 4162 de
314 4098 447 4162 Granum
459 4117 554 4184 opera
571 4099 650 4162 nibil
670 4097 774 4164 babet.
829 4093 1269 4183 rumdeatruendaaprci'ectua
1277 4105 1332 4158 eat.
1348 4093 1464 4190 Quam-

133 4203 188 4266 Ex
207 4203 275 4289 ejus
297 4202 489 4286 uenatione,
511 4205 701 4270 'l'etitzlavua
720 4223 774 4272 rex
829 4201 875 4266 ria
894 4203 962 4270 haec
985 4201 1065 4269 bene
1087 4203 1283 4281 cohaereant,
1321 4209 1462 4264 accurata

133 4327 210 4372 cam
229 4308 326 4376 fratrc
345 4310 496 4376 Jarirmro
513 4321 546 4376 et
561 4313 772 4397 Regionormn
828 4320 930 4372 tameo
964 4309 1093 4376 Saxonis
1128 4309 1264 4373 narratio
1307 4317 1463 4372 auctorem

131 4417 328 4502 proceribus,
346 4419 469 4484 Ancona
484 4430 669 4504 expugnata,
687 4417 771 4484 illico
826 4415 962 4493 certiora
981 4427 1139 4480 tenentem
1157 4413 1290 4500 prodere
1310 4411 1440 4478 ridetur.

131 4519 178 4588 ad
200 4509 435 4592 waldemarum
463 4523 709 4604 contenderunt,
738 4546 771 4590 te
878 4519 1088 4602 ²Korentr'am]
1102 4518 1462 4604 AlterumRngianorum

130 4640 229 4715 atqua
246 4641 359 4698 terram
373 4623 605 4718 aoam'impario
621 4631 688 4717 ejus
699 4630 771 4696 aub-
826 4641 972 4710 castrum,
988 4628 1020 4690 in
1038 4627 1229 4693 meridionali
1245 4627 1352 4691 incus
1371 4637 1462 4712 parte

130 4735 286 4821 jicientea.
331 4741 403 4832 Quo
419 4739 543 4804 demum
556 4737 655 4822 sacto,
676 4741 768 4810 Wal-
825 4736 926 4798 situm.
955 4733 1113 4822 Oppidum
1124 4739 1216 4814 Gora,
1230 4751 1330 4818 prope
1339 4730 1378 4795 ab
1393 4729 1460 4815 ejus

129 4841 275 4910 demarm
290 4865 361 4912 suot
385 4846 472 4929 jussit
493 4845 688 4914 Swautowiti
709 4857 770 4912 ata·
826 4844 898 4908 loco
924 4840 1100 4926 conditum,
1130 4838 1200 4906 iude
1222 4858 1333 4904 nomeu
1355 4835 1457 4902 traxit.
