3508 5460
607 309 976 384 WALDEMARUSI.
1339 311 1413 386 815

147 541 258 626 atque
273 521 500 596 habitatione
510 521 712 620 complecti,
732 547 800 596 nec
815 518 940 619 praeda
957 536 1019 592 out
1030 518 1143 620 glorio
1158 537 1355 616 contentos,
1370 549 1466 623 pro·

93 641 106 668 ⁰
148 647 289 723 lerendi
305 647 442 746 imperii
472 644 664 744 cupiditate
690 644 845 720 victoriae
861 643 961 718 lucra
976 649 1142 717 continua
1159 647 1383 743 possessione
1394 645 1466 720 lir-

147 797 260 846 mare.
328 773 447 865 Quam
472 769 522 840 ob
551 795 628 842 rem
654 790 716 842 eos
740 766 929 841 Nucletum
958 771 1051 856 vita,
1083 766 1324 842 Prisclavum²
1352 771 1467 867 patria

147 893 335 996 spoliasse,
358 890 625 992 Razaburgam,
640 888 791 990 lllogam
810 915 852 964 ac
867 889 1051 962 Sverinam
1067 886 1102 960 in
1117 892 1224 964 totius
1234 890 1380 966 Sclaviae
1396 920 1467 966 ru,-

148 1025 245 1093 inam
265 1013 360 1090 vallo
386 1014 558 1114 fossaque
581 1015 740 1087 cinxisse.
792 1016 916 1088 Dauos
943 1037 1030 1088 vero
1053 1010 1198 1086 diverso
1225 1011 1346 1088 studio
1370 1013 1467 1092 bella

147 1162 286 1240 gerere,
309 1161 378 1212 nec
401 1135 561 1210 hostium
584 1135 695 1226 fines,
721 1134 785 1208 sed
813 1151 947 1210 mutuae
970 1137 1071 1232 pacis
1096 1140 1350 1214 commercium
1374 1140 1467 1214 affe-

148 1279 260 1353 ctare,
283 1264 474 1360 proprium
499 1262 589 1332 tueri
615 1283 728 1357 quam
752 1257 910 1332 alienum
932 1274 1103 1357 appetere
1124 1257 1338 1357 cupidiores.
1390 1265 1466 1334 lta-

148 1407 224 1484 que
243 1404 477 1480 summopere
493 1405 556 1456 eos
572 1369 761 1456 elaborare
776 1378 924 1471 debere,
939 1383 993 1454 uti
1006 1381 1186 1456 Saxonicis
1201 1381 1377 1480 praesidiis
1392 1409 1467 1483 pa·

148 1507 252 1580 triam
278 1503 544 1598 vacuefaciunt,
588 1509 761 1605 omnique
794 1501 1026 1577 Theutouum
1059 1502 1170 1604 plebe
1197 1530 1311 1604 regno
1335 1523 1467 1606 egesta,

148 1630 320 1702 amicitias
336 1652 419 1700 cum
435 1607 547 1702 Danis
562 1643 791 1726 componant,
817 1652 911 1727 quos
933 1629 1113 1700 Saxonum
1131 1626 1257 1704 hostes
1281 1653 1359 1706 esse
1391 1657 1467 1706 non

64 1791 70 1796 ·
148 1752 350 1852 ambigant3
374 1753 424 1825 ita
438 1748 587 1825 demum
606 1776 668 1826 cos
687 1758 913 1852 sempiternae
931 1749 1104 1824 libertatis
1122 1751 1301 1827 beneficio
1316 1755 1467 1854 patriam

148 1891 375 1980 ornatuum„
403 1876 468 1948 His
485 1875 627 1950 monitis
650 1880 812 1949 concitati
838 1879 1025 1949 Pomcrani
1042 1874 1123 1948 loca
1145 1877 1380 1952 aSaxonibus
1403 1879 1467 1950 in-

149 2013 204 2070 tra
219 1995 396 2070 sclaviam
411 1995 557 2070 obtenta
572 1995 797 2096 pervadunt,
830 1996 981 2096 Illogam
995 1998 1150 2097 capiunt,
1174 1999 1323 2100 reliquis
1339 2025 1467 2076 eorum

147 2119 406 2194 munitionibus
421 2118 655 2195 defensorum
671 2123 797 2196 virtute
814 2124 978 2216 serratim
1003 2137 1049 2214 et,
1073 2143 1120 2192 ne
1143 2120 1243 2197 ducis
1262 2129 1389 2223 inopes
1406 2127 1467 2200 vi·-

148 2241 343 2333 derentur,
366 2245 558 2317 Dsuorum
579 2245 674 2344 regis
702 2243 845 2318 titulum
871 2243 1095 2344 profitentur.
1152 2247 1203 2319 lta
1225 2245 1467 2324 Guthscalcus

149 2365 305 2440 duarum
319 2367 478 2466 gentium
490 2368 585 2442 vires
609 2367 735 2440 Daniae
757 2367 980 2442 imminentes
1000 2367 1091 2443 odiis
1112 2369 1366 2467 sequestravit,
1391 2395 1467 2470 pa-

148 2490 328 2590 triamque
335 2507 507 2586 nonnam,
521 2487 681 2588 undique
688 2489 919 2564 finitimorum
936 2491 1043 2566 aunis
1052 2489 1246 2590 objectam,
1262 2491 1468 2592 abimpen-

147 2609 255 2687 dente
272 2609 435 2712 periculo
454 2618 517 2712 pio
534 2615 711 2690 mendacii
727 2628 930 2689 commento
949 2615 1110 2688 servavit.
1164 2616 1276 2714 Cujus
1297 2613 1467 2694 facinoris

146 2735 245 2809 fama
263 2732 473 2819 Gutbscalci
490 2734 646 2812 reditum
670 2754 931 2837 praecurrente,
954 2763 1018 2812 rer
1034 2735 1268 2812 admiratione
1283 2741 1467 2838 perinsus,

145 2875 345 2960 postquam
370 2884 414 2932 ex
436 2858 637 2951 haclone,
661 2885 729 2959 per
750 2887 861 2960 quem
882 2885 942 2936 res
963 2859 1162 2953 esset‘acta,
1186 2865 1366 2961 cognovit,
1391 2867 1467 2936 im-

144 2985 297 3083 pensius
318 2995 482 3056 autorem
495 2979 664 3058 laudavit.
720 2987 831 3087 Igitur
845 2987 1096 3078 ilenricus,ut
1121 2985 1346 3085 repudiatam
1370 2991 1466 3086 regis

145 3103 337 3178 amicitiam
353 3119 598 3203 recuperaret,
622 3109 700 3183 sine
713 3135 787 3208 qua
802 3109 949 3185 Sclavos
965 3134 1085 3184 arcere
1102 3133 1175 3182 uon
1193 3125 1327 3207 posset,
1360 3112 1466 3184 lien-

142 3227 260 3303 ricum
275 3221 592 3327 limburgensem
616 3247 651 3305 et
668 3233 856 3308 antistitem
880 3231 1152 3308 Lubecensem²
1170 3229 1347 3332 legatione
1369 3257 1466 3306 one-

195 3437 414 3524 ¹Priss1ooum]
442 3439 504 3528 Ηίρ
528 3439 641 3505 iterum
665 3437 709 3521 (v.
725 3465 780 3522 ‚su-
837 3444 968 3508 merauis
988 3455 1122 3522 motum,
1140 3441 1227 3526 cujus
1247 3443 1363 3508 nullam
1383 3464 1467 3538 mert-

142 3571 206 3638 pra
226 3569 298 3634 pag.
327 3537 401 3628 763)
422 3546 570 3610 Prisclori
590 3569 704 3614 nomeu
727 3553 781 3614 Sa·
835 3549 950 3614 tionem
977 3547 1068 3629 iacit,
1094 3547 1224 3613 sortasse
1252 3548 1333 3614 inter
1360 3571 1466 3614 causas

142 3655 234 3721 xouis
253 3653 368 3717 incuria
391 3653 442 3717 vel
456 3639 566 3739 'potius
588 3651 706 3717 librarii
733 3675 780 3719 er·
836 3651 927 3739 bujbs
956 3651 1146 3721 liberalitatis
1166 3653 1386 3721 numerandum
1411 3667 1466 3718 est.

143 3780 221 3827 roro
238 3782 298 3850 pro
319 3759 411 3824 simili
424 3761 585 3824 Pribr'slaoi
599 3757 703 3824 iratris
723 3782 779 3824 no·
837 3755 902 3842 (V.)

143 3865 231 3932 mine
259 3861 396 3954 ponitur.
437 3867 485 3930 De
512 3863 670 3930 Prisblaso
698 3867 779 3931 enim
880 3869 1073 3930 'Antistium
1092 3865 1295 3950 Ludecensem]
1315 3869 1467 3933 Henrious

143 3973 210 4038 boc
230 3973 300 4038 loco
320 3987 422 4036 sermo
442 3991 507 4037 esse
525 3972 643 4058 nequit,
663 3974 779 4061 quippe
835 3973 941 4059 igitur,
960 3995 1056 4061 quum
1070 3972 1137 4038 baeo
1153 3963 1311 4039 mandaret
1331 3972 1386 4055 (m.
1402 3979 1466 4040 An·

144 4097 240 4169 quem
261 4101 326 4144 non
346 4077 498 4142 Henricus
522 4076 593 4159 dax,
614 4077 669 4143 sod
690 4091 780 4167 pstor
836 4093 937 4169 gusto,
957 4091 992 4144 ut
1013 4077 1145 4162 ridetur,
1170 4080 1242 4144 anni
1267 4075 1362 4162 1167)
1385 4083 1467 4147 Cou-

144 4187 244 4276 ipsius
270 4185 400 4272 patriam
420 4184 593 4272 relinquero
621 4185 781 4270 coi'gisset.
836 4185 944 4252 redum
964 4189 1141 4274 episcopum
1166 4188 1199 4252 in
1226 4187 1393 4252 amicorum
1413 4185 1466 4252 ad·
1559 4265 1564 4275 Ι

145 4291 213 4360 Sed
230 4291 324 4358 verbs
348 4287 502 4355 Guttosloi
524 4289 646 4372 docent,
664 4292 781 4357 Pribis-
836 4295 898 4357 lruc
916 4317 1060 4378 numero,
1090 4306 1124 4359 ut
1150 4307 1248 4375 antea,
1271 4291 1414 4373 babebat,
1435 4306 1467 4359 et

146 4401 271 4480 larum,
294 4418 312 4463 e
338 4400 441 4486 patrio
469 4415 568 4486 reguo
593 4391 678 4459 bello
711 4397 782 4462 suni
837 4398 1016 4482 inimicitias,
1033 4399 1238 4492 quibusbreri
1251 4411 1321 4486 post
1337 4399 1464 4466 antistes

146 4497 234 4570 ssot
254 4505 396 4590 ejectum,
414 4525 510 4592 quum
526 4503 593 4570 haeo
608 4515 781 4588 agerentur,
838 4505 871 4569 in
886 4505 994 4570 ducem
1009 4503 1163 4570 serebatur
1173 4503 1343 4586 (Helmold.
1362 4507 1424 4571 1.ss
1437 4525 1465 4570 c.

56 4599 61 4606 ⁵
116 4609 288 4675 'nondum
313 4611 347 4674 in
374 4609 452 4675 illud
480 4611 654 4676 restitutum
680 4607 782 4674 luisse.
840 4609 886 4694 9),
894 4609 1109 4676 nondumbuie
1117 4612 1323 4678 innotuerant
1331 4605 1468 4694 (submi-
1513 4599 1515 4606 l

145 4711 244 4810 Quod
266 4737 361 4802 quum
388 4715 470 4783 eirca
495 4717 557 4782 boc
583 4717 683 4803 ipsum
704 4727 783 4780 tem·
839 4739 874 4783 us
892 4719 943 4784 rix
960 4717 1102 4784 idoneam
1126 4717 1220 4786 habet
1235 4739 1353 4786 oausam
1376 4721 1466 4786 aliter

143 4843 209 4910 pus
243 4821 362 4888 iactum
392 4845 457 4890 esse
486 4821 566 4888 dieat
599 4821 782 4890 Helmoldus
838 4825 992 4890 statuendi
1011 4824 1033 4890 l.
1054 4843 1081 4889 o.
1099 4825 1166 4908 vu,
1185 4823 1271 4912 238)
1311 4831 1402 4893 Hunc
1422 4827 1466 4892 le·

142 4927 233 5000 (Lib.
257 4929 285 4994 ll
301 4947 367 5020 oup.
390 4927 436 5014 7),
454 4927 532 4995 illud
551 4927 667 4996 bellum
686 4953 705 4995 a
719 4931 782 4996 Po·
837 4933 994 5020 gationem
1007 4947 1050 5016 et,
1063 4931 1147 5022 quod
1162 4945 1395 5012 stmseonutum
1408 4941 1465 5017 stt,
