<?xml version="1.0" encoding="UTF-8"?>
<!DOCTYPE html PUBLIC "-//W3C//DTD XHTML 1.0 Transitional//EN"
    "http://www.w3.org/TR/xhtml1/DTD/xhtml1-transitional.dtd">
<html xmlns="http://www.w3.org/1999/xhtml" xml:lang="en" lang="en">
 <head>
  <title>
</title>
<meta http-equiv="Content-Type" content="text/html;charset=utf-8" />
  <meta name='ocr-system' content='tesseract 3.04.00' />
  <meta name='ocr-capabilities' content='ocr_page ocr_carea ocr_par ocr_line ocrx_word'/>
</head>
<body>
  <div class='ocr_page' id='page_1' title='image "./historiadanica01velsgoog_0014.png"; bbox 0 0 3582 5466; ppageno 0'>
   <div class='ocr_carea' id='block_1_1' title="bbox 169 305 1501 2457">
    <p class='ocr_par' dir='ltr' id='par_1_1' title="bbox 169 305 1501 2457">
     <span class='ocr_line' id='line_1_1' title="bbox 751 305 1443 382; baseline -0.001 0"><span class='ocrx_word' id='word_1_1' title='bbox 751 313 909 382; x_wconf 82' lang='lat' dir='ltr'><strong>SVENO.</strong></span> <span class='ocrx_word' id='word_1_2' title='bbox 929 357 934 368; x_wconf 90' lang='lat'>·</span> <span class='ocrx_word' id='word_1_3' title='bbox 956 305 966 370; x_wconf 69' lang='grc' dir='ltr'><strong>ἓ</strong></span> <span class='ocrx_word' id='word_1_4' title='bbox 1362 305 1443 382; x_wconf 75' lang='lat' dir='ltr'><strong>dol·</strong></span> 
     </span>
     <span class='ocr_line' id='line_1_2' title="bbox 175 519 1483 621; baseline -0.002 -25"><span class='ocrx_word' id='word_1_5' title='bbox 175 519 474 596; x_wconf 83' lang='lat' dir='ltr'><strong>oonverberutum</strong></span> <span class='ocrx_word' id='word_1_6' title='bbox 489 523 620 596; x_wconf 79' lang='lat' dir='ltr'><strong>belluae</strong></span> <span class='ocrx_word' id='word_1_7' title='bbox 644 537 752 620; x_wconf 82' lang='lat' dir='ltr'><strong>ceput</strong></span> <span class='ocrx_word' id='word_1_8' title='bbox 775 521 821 594; x_wconf 82' lang='lat' dir='ltr'><strong>sil</strong></span> <span class='ocrx_word' id='word_1_9' title='bbox 838 525 1044 621; x_wconf 78' lang='lat' dir='ltr'><strong>sanguinem</strong></span> <span class='ocrx_word' id='word_1_10' title='bbox 1069 541 1102 595; x_wconf 91' lang='lat' dir='ltr'><strong>et</strong></span> <span class='ocrx_word' id='word_1_11' title='bbox 1125 549 1249 596; x_wconf 87' lang='lat' dir='ltr'>necem</span> <span class='ocrx_word' id='word_1_12' title='bbox 1266 545 1383 620; x_wconf 85' lang='lat' dir='ltr'><strong>usque</strong></span> <span class='ocrx_word' id='word_1_13' title='bbox 1397 545 1483 594; x_wconf 82' lang='lat' dir='ltr'><strong>cre·-</strong></span> 
     </span>
     <span class='ocr_line' id='line_1_3' title="bbox 174 643 1482 743; baseline -0.005 -23"><span class='ocrx_word' id='word_1_14' title='bbox 174 647 249 720; x_wconf 88' lang='lat' dir='ltr'><strong>bris</strong></span> <span class='ocrx_word' id='word_1_15' title='bbox 266 649 399 716; x_wconf 89' lang='lat' dir='ltr'><strong>ictuum</strong></span> <span class='ocrx_word' id='word_1_16' title='bbox 416 644 637 741; x_wconf 81' lang='lat' dir='ltr'><strong>ponderibus</strong></span> <span class='ocrx_word' id='word_1_17' title='bbox 656 645 931 717; x_wconf 84' lang='lat' dir='ltr'><strong>contundebst¹.</strong></span> <span class='ocrx_word' id='word_1_18' title='bbox 984 647 1066 736; x_wconf 87' lang='lat' dir='ltr'><strong>Quo</strong></span> <span class='ocrx_word' id='word_1_19' title='bbox 1083 648 1237 743; x_wconf 84' lang='lat' dir='ltr'><strong>cognito,</strong></span> <span class='ocrx_word' id='word_1_20' title='bbox 1256 669 1329 734; x_wconf 83' lang='lat' dir='ltr'><strong>rex,</strong></span> <span class='ocrx_word' id='word_1_21' title='bbox 1350 643 1482 716; x_wconf 91' lang='lat' dir='ltr'><strong>ultione</strong></span> 
     </span>
     <span class='ocr_line' id='line_1_4' title="bbox 173 765 1482 865; baseline -0.005 -23"><span class='ocrx_word' id='word_1_22' title='bbox 173 773 209 844; x_wconf 90' lang='lat' dir='ltr'><strong>in</strong></span> <span class='ocrx_word' id='word_1_23' title='bbox 225 766 517 840; x_wconf 78' lang='lat' dir='ltr'><strong>admirationem²</strong></span> <span class='ocrx_word' id='word_1_24' title='bbox 535 791 648 855; x_wconf 86' lang='lat' dir='ltr'><strong>verse,</strong></span> <span class='ocrx_word' id='word_1_25' title='bbox 665 767 860 840; x_wconf 76' lang='lat' dir='ltr'><strong>fortitudini</strong></span> <span class='ocrx_word' id='word_1_26' title='bbox 880 766 1096 865; x_wconf 92' lang='lat' dir='ltr'><strong>supplicium</strong></span> <span class='ocrx_word' id='word_1_27' title='bbox 1116 769 1282 857; x_wconf 84' lang='lat' dir='ltr'><strong>remisit³,</strong></span> <span class='ocrx_word' id='word_1_28' title='bbox 1306 765 1482 840; x_wconf 83' lang='lat' dir='ltr'><strong>salutem·-</strong></span> 
     </span>
     <span class='ocr_line' id='line_1_5' title="bbox 174 889 1481 990; baseline -0.004 -25"><span class='ocrx_word' id='word_1_29' title='bbox 174 915 247 990; x_wconf 88' lang='lat' dir='ltr'><strong>que</strong></span> <span class='ocrx_word' id='word_1_30' title='bbox 260 890 471 962; x_wconf 78' lang='lat' dir='ltr'><strong>animositati</strong></span> <span class='ocrx_word' id='word_1_31' title='bbox 489 889 713 962; x_wconf 83' lang='lat' dir='ltr'>tribuendam</span> <span class='ocrx_word' id='word_1_32' title='bbox 734 892 882 987; x_wconf 79' lang='lat' dir='ltr'><strong>putavit.</strong></span> <span class='ocrx_word' id='word_1_33' title='bbox 943 893 1014 960; x_wconf 86' lang='lat' dir='ltr'><strong>Nec</strong></span> <span class='ocrx_word' id='word_1_34' title='bbox 1029 915 1176 986; x_wconf 85' lang='lat' dir='ltr'><strong>poenum</strong></span> <span class='ocrx_word' id='word_1_35' title='bbox 1193 895 1368 964; x_wconf 76' lang='lat' dir='ltr'>remisisse</span> <span class='ocrx_word' id='word_1_36' title='bbox 1387 913 1481 961; x_wconf 89' lang='lat' dir='ltr'><strong>con-</strong></span> 
     </span>
     <span class='ocr_line' id='line_1_6' title="bbox 171 1008 1482 1108; baseline -0.004 -21"><span class='ocrx_word' id='word_1_37' title='bbox 171 1029 306 1102; x_wconf 88' lang='lat' dir='ltr'><strong>tentus,</strong></span> <span class='ocrx_word' id='word_1_38' title='bbox 337 1008 474 1082; x_wconf 81' lang='lat' dir='ltr'><strong>addidit</strong></span> <span class='ocrx_word' id='word_1_39' title='bbox 497 1014 688 1084; x_wconf 84' lang='lat' dir='ltr'><strong>ceritatem.</strong></span> <span class='ocrx_word' id='word_1_40' title='bbox 756 1012 903 1108; x_wconf 82' lang='lat' dir='ltr'><strong>Navigio</strong></span> <span class='ocrx_word' id='word_1_41' title='bbox 928 1013 1018 1082; x_wconf 84' lang='lat' dir='ltr'><strong>enim</strong></span> <span class='ocrx_word' id='word_1_42' title='bbox 1050 1009 1299 1108; x_wconf 89' lang='lat' dir='ltr'><strong>stipendioque</strong></span> <span class='ocrx_word' id='word_1_43' title='bbox 1329 1011 1482 1082; x_wconf 80' lang='lat' dir='ltr'><strong>donatos</strong></span> 
     </span>
     <span class='ocr_line' id='line_1_7' title="bbox 172 1131 1480 1231; baseline -0.005 -22"><span class='ocrx_word' id='word_1_44' title='bbox 172 1136 272 1210; x_wconf 82' lang='lat' dir='ltr'><strong>abire</strong></span> <span class='ocrx_word' id='word_1_45' title='bbox 290 1131 456 1231; x_wconf 81' lang='lat' dir='ltr'><strong>permisit</strong></span> <span class='ocrx_word' id='word_1_46' title='bbox 509 1133 676 1230; x_wconf 86' lang='lat' dir='ltr'>Cumque</span> <span class='ocrx_word' id='word_1_47' title='bbox 697 1136 836 1206; x_wconf 81' lang='lat' dir='ltr'><strong>crimini</strong></span> <span class='ocrx_word' id='word_1_48' title='bbox 860 1133 1078 1231; x_wconf 85' lang='lat' dir='ltr'><strong>supplicium</strong></span> <span class='ocrx_word' id='word_1_49' title='bbox 1101 1133 1258 1220; x_wconf 78' lang='lat' dir='ltr'><strong>deberet,</strong></span> <span class='ocrx_word' id='word_1_50' title='bbox 1284 1131 1480 1206; x_wconf 82' lang='lat' dir='ltr'><strong>fortitudini</strong></span> 
     </span>
     <span class='ocr_line' id='line_1_8' title="bbox 171 1252 1344 1357; baseline -0.003 -27"><span class='ocrx_word' id='word_1_51' title='bbox 171 1257 342 1357; x_wconf 75' lang='lat' dir='ltr'><strong>pepercit,</strong></span> <span class='ocrx_word' id='word_1_52' title='bbox 368 1259 605 1357; x_wconf 85' lang='lat' dir='ltr'><strong>virtutemque</strong></span> <span class='ocrx_word' id='word_1_53' title='bbox 631 1255 751 1330; x_wconf 90' lang='lat' dir='ltr'><strong>colere</strong></span> <span class='ocrx_word' id='word_1_54' title='bbox 775 1279 885 1353; x_wconf 88' lang='lat' dir='ltr'><strong>quum</strong></span> <span class='ocrx_word' id='word_1_55' title='bbox 902 1252 1047 1352; x_wconf 86' lang='lat' dir='ltr'><strong>culpem</strong></span> <span class='ocrx_word' id='word_1_56' title='bbox 1066 1264 1195 1356; x_wconf 87' lang='lat' dir='ltr'><strong>punire</strong></span> <span class='ocrx_word' id='word_1_57' title='bbox 1212 1255 1344 1328; x_wconf 82' lang='lat' dir='ltr'><strong>moluit.</strong></span> 
     </span>
     <span class='ocr_line' id='line_1_9' title="bbox 302 1378 1480 1477; baseline -0.001 -28"><span class='ocrx_word' id='word_1_58' title='bbox 302 1381 481 1452; x_wconf 84' lang='lat' dir='ltr'><strong>Reversus</strong></span> <span class='ocrx_word' id='word_1_59' title='bbox 497 1381 676 1453; x_wconf 84' lang='lat' dir='ltr'><strong>Hareldus</strong></span> <span class='ocrx_word' id='word_1_60' title='bbox 687 1382 901 1477; x_wconf 84' lang='lat' dir='ltr'><strong>Norvsgiem</strong></span> <span class='ocrx_word' id='word_1_61' title='bbox 919 1385 1110 1474; x_wconf 78' lang='lat' dir='ltr'><strong>occupet⁴,</strong></span> <span class='ocrx_word' id='word_1_62' title='bbox 1129 1403 1243 1477; x_wconf 84' lang='lat' dir='ltr'><strong>eaque</strong></span> <span class='ocrx_word' id='word_1_63' title='bbox 1266 1378 1399 1476; x_wconf 88' lang='lat' dir='ltr'><strong>potitus</strong></span> <span class='ocrx_word' id='word_1_64' title='bbox 1415 1399 1480 1448; x_wconf 84' lang='lat' dir='ltr'><strong>nr-</strong></span> 
     </span>
     <span class='ocr_line' id='line_1_10' title="bbox 171 1495 1501 1598; baseline -0.006 -24"><span class='ocrx_word' id='word_1_65' title='bbox 171 1526 230 1574; x_wconf 80' lang='lat' dir='ltr'><strong>me</strong></span> <span class='ocrx_word' id='word_1_66' title='bbox 248 1505 284 1572; x_wconf 94' lang='lat' dir='ltr'><strong>in</strong></span> <span class='ocrx_word' id='word_1_67' title='bbox 301 1503 453 1572; x_wconf 84' lang='lat' dir='ltr'><strong>Deniem</strong></span> <span class='ocrx_word' id='word_1_68' title='bbox 472 1503 645 1576; x_wconf 77' lang='lat' dir='ltr'><strong>transfert.</strong></span> <span class='ocrx_word' id='word_1_69' title='bbox 697 1503 808 1598; x_wconf 80' lang='lat' dir='ltr'><strong>Igitur</strong></span> <span class='ocrx_word' id='word_1_70' title='bbox 825 1507 952 1590; x_wconf 89' lang='lat' dir='ltr'><strong>Sveno,</strong></span> <span class='ocrx_word' id='word_1_71' title='bbox 978 1505 1166 1576; x_wconf 84' lang='lat' dir='ltr'><strong>contractis</strong></span> <span class='ocrx_word' id='word_1_72' title='bbox 1191 1503 1292 1586; x_wconf 80' lang='lat' dir='ltr'><strong>lutis,</strong></span> <span class='ocrx_word' id='word_1_73' title='bbox 1317 1495 1501 1594; x_wconf 87' lang='lat' dir='ltr'><strong>cupidius.</strong></span> 
     </span>
     <span class='ocr_line' id='line_1_11' title="bbox 171 1621 1479 1723; baseline -0.005 -27"><span class='ocrx_word' id='word_1_74' title='bbox 171 1647 282 1722; x_wconf 86' lang='lat' dir='ltr'><strong>qoem</strong></span> <span class='ocrx_word' id='word_1_75' title='bbox 298 1621 553 1698; x_wconf 77' lang='lat' dir='ltr'><strong>consideratius</strong></span> <span class='ocrx_word' id='word_1_76' title='bbox 568 1624 666 1723; x_wconf 85' lang='lat' dir='ltr'><strong>opud</strong></span> <span class='ocrx_word' id='word_1_77' title='bbox 681 1627 864 1720; x_wconf 84' lang='lat' dir='ltr'><strong>Dyursem</strong></span> <span class='ocrx_word' id='word_1_78' title='bbox 887 1624 1055 1697; x_wconf 77' lang='lat' dir='ltr'><strong>fluvinm⁵</strong></span> <span class='ocrx_word' id='word_1_79' title='bbox 1084 1641 1195 1698; x_wconf 85' lang='lat' dir='ltr'><strong>totam</strong></span> <span class='ocrx_word' id='word_1_80' title='bbox 1224 1624 1479 1717; x_wconf 84' lang='lat' dir='ltr'><strong>Norrogiensi·</strong></span> 
     </span>
     <span class='ocr_line' id='line_1_12' title="bbox 172 1743 1480 1845; baseline -0.004 -26"><span class='ocrx_word' id='word_1_81' title='bbox 172 1771 235 1819; x_wconf 88' lang='lat' dir='ltr'><strong>um</strong></span> <span class='ocrx_word' id='word_1_82' title='bbox 250 1767 398 1816; x_wconf 74' lang='lat' dir='ltr'><strong>manum</strong></span> <span class='ocrx_word' id='word_1_83' title='bbox 415 1769 624 1843; x_wconf 80' lang='lat' dir='ltr'><strong>eggressus,</strong></span> <span class='ocrx_word' id='word_1_84' title='bbox 653 1762 691 1820; x_wconf 86' lang='lat' dir='ltr'><strong>ut</strong></span> <span class='ocrx_word' id='word_1_85' title='bbox 716 1747 850 1833; x_wconf 80' lang='lat' dir='ltr'><strong>classe,</strong></span> <span class='ocrx_word' id='word_1_86' title='bbox 878 1751 923 1819; x_wconf 85' lang='lat' dir='ltr'><strong>ito</strong></span> <span class='ocrx_word' id='word_1_87' title='bbox 945 1744 1043 1819; x_wconf 90' lang='lat' dir='ltr'><strong>bello</strong></span> <span class='ocrx_word' id='word_1_88' title='bbox 1065 1771 1214 1845; x_wconf 89' lang='lat' dir='ltr'><strong>quoque</strong></span> <span class='ocrx_word' id='word_1_89' title='bbox 1235 1744 1381 1816; x_wconf 85' lang='lat' dir='ltr'><strong>inferior</strong></span> <span class='ocrx_word' id='word_1_90' title='bbox 1402 1743 1480 1832; x_wconf 90' lang='lat' dir='ltr'><strong>fuit,</strong></span> 
     </span>
     <span class='ocr_line' id='line_1_13' title="bbox 170 1868 1481 1967; baseline -0.001 -26"><span class='ocrx_word' id='word_1_91' title='bbox 170 1873 357 1966; x_wconf 78' lang='lat' dir='ltr'><strong>copiarum</strong></span> <span class='ocrx_word' id='word_1_92' title='bbox 372 1891 524 1940; x_wconf 89' lang='lat' dir='ltr'><strong>numero</strong></span> <span class='ocrx_word' id='word_1_93' title='bbox 543 1869 781 1967; x_wconf 81' lang='lat' dir='ltr'><strong>respondente</strong></span> <span class='ocrx_word' id='word_1_94' title='bbox 794 1872 945 1943; x_wconf 80' lang='lat' dir='ltr'><strong>fortune.</strong></span> <span class='ocrx_word' id='word_1_95' title='bbox 998 1868 1181 1967; x_wconf 90' lang='lat' dir='ltr'><strong>Siquidem</strong></span> <span class='ocrx_word' id='word_1_96' title='bbox 1198 1869 1281 1956; x_wconf 62' lang='lat' dir='ltr'><strong>temss</strong></span> <span class='ocrx_word' id='word_1_97' title='bbox 1294 1869 1481 1943; x_wconf 84' lang='lat' dir='ltr'><strong>infeliciter</strong></span> 
     </span>
     <span class='ocr_line' id='line_1_14' title="bbox 170 1988 1479 2090; baseline 0.003 -30"><span class='ocrx_word' id='word_1_98' title='bbox 170 2015 281 2090; x_wconf 79' lang='lat' dir='ltr'><strong>quem</strong></span> <span class='ocrx_word' id='word_1_99' title='bbox 298 2004 429 2060; x_wconf 87' lang='lat' dir='ltr'><strong>temere</strong></span> <span class='ocrx_word' id='word_1_100' title='bbox 447 1988 660 2066; x_wconf 63' lang='lat' dir='ltr'><strong>dimicaritss.</strong></span> <span class='ocrx_word' id='word_1_101' title='bbox 713 1996 865 2065; x_wconf 78' lang='lat' dir='ltr'><strong>Monimo</strong></span> <span class='ocrx_word' id='word_1_102' title='bbox 891 1996 1053 2064; x_wconf 89' lang='lat' dir='ltr'><strong>Jutorum</strong></span> <span class='ocrx_word' id='word_1_103' title='bbox 1077 2015 1162 2088; x_wconf 83' lang='lat' dir='ltr'><strong>pars</strong></span> <span class='ocrx_word' id='word_1_104' title='bbox 1178 1989 1262 2064; x_wconf 85' lang='lat' dir='ltr'><strong>ferri</strong></span> <span class='ocrx_word' id='word_1_105' title='bbox 1285 2008 1380 2065; x_wconf 92' lang='lat' dir='ltr'><strong>metu</strong></span> <span class='ocrx_word' id='word_1_106' title='bbox 1401 1991 1479 2064; x_wconf 87' lang='lat' dir='ltr'><strong>flu-</strong></span> 
     </span>
     <span class='ocr_line' id='line_1_15' title="bbox 169 2109 1476 2214; baseline -0.002 -26"><span class='ocrx_word' id='word_1_107' title='bbox 169 2139 251 2188; x_wconf 89' lang='lat' dir='ltr'><strong>men</strong></span> <span class='ocrx_word' id='word_1_108' title='bbox 270 2109 413 2200; x_wconf 86' lang='lat' dir='ltr'><strong>insiluit,</strong></span> <span class='ocrx_word' id='word_1_109' title='bbox 438 2131 690 2214; x_wconf 70' lang='lat' dir='ltr'><strong>prsereptoque</strong></span> <span class='ocrx_word' id='word_1_110' title='bbox 705 2113 817 2188; x_wconf 88' lang='lat' dir='ltr'><strong>hostis</strong></span> <span class='ocrx_word' id='word_1_111' title='bbox 834 2114 959 2204; x_wconf 84' lang='lat' dir='ltr'><strong>officio,</strong></span> <span class='ocrx_word' id='word_1_112' title='bbox 986 2138 1051 2185; x_wconf 83' lang='lat' dir='ltr'><strong>sua</strong></span> <span class='ocrx_word' id='word_1_113' title='bbox 1072 2115 1106 2184; x_wconf 88' lang='lat' dir='ltr'><strong>vi</strong></span> <span class='ocrx_word' id='word_1_114' title='bbox 1121 2137 1229 2210; x_wconf 80' lang='lat' dir='ltr'><strong>quam</strong></span> <span class='ocrx_word' id='word_1_115' title='bbox 1246 2115 1363 2188; x_wconf 82' lang='lat' dir='ltr'><strong>aliena</strong></span> <span class='ocrx_word' id='word_1_116' title='bbox 1383 2139 1476 2188; x_wconf 86' lang='lat' dir='ltr'><strong>con·</strong></span> 
     </span>
     <span class='ocr_line' id='line_1_16' title="bbox 169 2231 1479 2336; baseline -0.002 -24"><span class='ocrx_word' id='word_1_117' title='bbox 169 2243 261 2312; x_wconf 86' lang='lat' dir='ltr'><strong>sumi</strong></span> <span class='ocrx_word' id='word_1_118' title='bbox 277 2235 388 2308; x_wconf 89' lang='lat' dir='ltr'><strong>tutius</strong></span> <span class='ocrx_word' id='word_1_119' title='bbox 404 2231 513 2306; x_wconf 78' lang='lat' dir='ltr'><strong>duxit.</strong></span> <span class='ocrx_word' id='word_1_120' title='bbox 567 2239 701 2336; x_wconf 83' lang='lat' dir='ltr'><strong>ltaque,</strong></span> <span class='ocrx_word' id='word_1_121' title='bbox 718 2236 820 2336; x_wconf 89' lang='lat' dir='ltr'><strong>quod</strong></span> <span class='ocrx_word' id='word_1_122' title='bbox 836 2236 884 2308; x_wconf 83' lang='lat' dir='ltr'><strong>ab</strong></span> <span class='ocrx_word' id='word_1_123' title='bbox 902 2234 1004 2308; x_wconf 91' lang='lat' dir='ltr'><strong>hoste</strong></span> <span class='ocrx_word' id='word_1_124' title='bbox 1020 2235 1181 2326; x_wconf 77' lang='lat' dir='ltr'><strong>timebat,</strong></span> <span class='ocrx_word' id='word_1_125' title='bbox 1206 2237 1367 2336; x_wconf 83' lang='lat' dir='ltr'><strong>sibiipsa</strong></span> <span class='ocrx_word' id='word_1_126' title='bbox 1384 2263 1479 2310; x_wconf 89' lang='lat' dir='ltr'><strong>con·-</strong></span> 
     </span>
     <span class='ocr_line' id='line_1_17' title="bbox 171 2356 1478 2457; baseline -0.004 -20"><span class='ocrx_word' id='word_1_127' title='bbox 171 2365 281 2454; x_wconf 75' lang='lat' dir='ltr'><strong>serit,</strong></span> <span class='ocrx_word' id='word_1_128' title='bbox 306 2361 419 2455; x_wconf 85' lang='lat' dir='ltr'><strong>inque</strong></span> <span class='ocrx_word' id='word_1_129' title='bbox 433 2360 576 2457; x_wconf 85' lang='lat' dir='ltr'><strong>gemino</strong></span> <span class='ocrx_word' id='word_1_130' title='bbox 594 2361 656 2432; x_wconf 82' lang='lat' dir='ltr'><strong>foti</strong></span> <span class='ocrx_word' id='word_1_131' title='bbox 674 2359 817 2434; x_wconf 90' lang='lat' dir='ltr'><strong>delectu</strong></span> <span class='ocrx_word' id='word_1_132' title='bbox 842 2356 939 2432; x_wconf 85' lang='lat' dir='ltr'><strong>unda</strong></span> <span class='ocrx_word' id='word_1_133' title='bbox 965 2383 1074 2455; x_wconf 86' lang='lat' dir='ltr'><strong>quem</strong></span> <span class='ocrx_word' id='word_1_134' title='bbox 1089 2361 1195 2432; x_wconf 81' lang='lat' dir='ltr'><strong>ermis</strong></span> <span class='ocrx_word' id='word_1_135' title='bbox 1213 2367 1331 2456; x_wconf 89' lang='lat' dir='ltr'><strong>perire</strong></span> <span class='ocrx_word' id='word_1_136' title='bbox 1345 2360 1478 2434; x_wconf 83' lang='lat' dir='ltr'><strong>maluit.</strong></span> 
     </span>
    </p>
   </div>
   <div class='ocr_carea' id='block_1_2' title="bbox 167 2650 799 4008">
    <p class='ocr_par' dir='ltr' id='par_1_2' title="bbox 170 2650 799 3052">
     <span class='ocr_line' id='line_1_18' title="bbox 218 2650 799 2736; baseline 0.003 -24"><span class='ocrx_word' id='word_1_137' title='bbox 218 2652 346 2712; x_wconf 76' lang='lat' dir='ltr'><strong>¹Bellene</strong></span> <span class='ocrx_word' id='word_1_138' title='bbox 360 2667 449 2736; x_wconf 77' lang='lat' dir='ltr'><strong>copul</strong></span> <span class='ocrx_word' id='word_1_139' title='bbox 466 2695 489 2712; x_wconf 86' lang='lat'><strong>..</strong></span> <span class='ocrx_word' id='word_1_140' title='bbox 512 2650 718 2734; x_wconf 78' lang='lat' dir='ltr'><strong>corstundebet]</strong></span> <span class='ocrx_word' id='word_1_141' title='bbox 738 2655 799 2714; x_wconf 85' lang='lat' dir='ltr'><strong>Pu·</strong></span> 
     </span>
     <span class='ocr_line' id='line_1_19' title="bbox 173 2755 799 2843; baseline 0.003 -25"><span class='ocrx_word' id='word_1_142' title='bbox 173 2779 264 2843; x_wconf 81' lang='lat' dir='ltr'><strong>gnam</strong></span> <span class='ocrx_word' id='word_1_143' title='bbox 279 2775 348 2817; x_wconf 88' lang='lat' dir='ltr'><strong>cum</strong></span> <span class='ocrx_word' id='word_1_144' title='bbox 367 2755 499 2818; x_wconf 82' lang='lat' dir='ltr'><strong>dracone</strong></span> <span class='ocrx_word' id='word_1_145' title='bbox 511 2756 622 2818; x_wconf 85' lang='lat' dir='ltr'><strong>islemli</strong></span> <span class='ocrx_word' id='word_1_146' title='bbox 635 2757 700 2820; x_wconf 81' lang='lat' dir='ltr'><strong>eliis</strong></span> <span class='ocrx_word' id='word_1_147' title='bbox 716 2779 799 2820; x_wconf 92' lang='lat' dir='ltr'><strong>com·</strong></span> 
     </span>
     <span class='ocr_line' id='line_1_20' title="bbox 170 2859 796 2938; baseline -0.002 -11"><span class='ocrx_word' id='word_1_148' title='bbox 170 2865 281 2927; x_wconf 68' lang='lat' dir='ltr'><strong>menes</strong></span> <span class='ocrx_word' id='word_1_149' title='bbox 293 2873 452 2938; x_wconf 76' lang='lat' dir='ltr'><strong>exornent,</strong></span> <span class='ocrx_word' id='word_1_150' title='bbox 470 2859 522 2922; x_wconf 86' lang='lat' dir='ltr'><strong>sed</strong></span> <span class='ocrx_word' id='word_1_151' title='bbox 537 2863 653 2926; x_wconf 87' lang='lat' dir='ltr'><strong>cultelli</strong></span> <span class='ocrx_word' id='word_1_152' title='bbox 669 2865 796 2926; x_wconf 89' lang='lat' dir='ltr'><strong>mentio-</strong></span> 
     </span>
     <span class='ocr_line' id='line_1_21' title="bbox 170 2965 795 3052; baseline -0.006 -18"><span class='ocrx_word' id='word_1_153' title='bbox 170 2981 279 3034; x_wconf 81' lang='lat' dir='ltr'><strong>nemet</strong></span> <span class='ocrx_word' id='word_1_154' title='bbox 288 2965 416 3032; x_wconf 86' lang='lat' dir='ltr'><strong>eundem</strong></span> <span class='ocrx_word' id='word_1_155' title='bbox 426 2989 538 3052; x_wconf 77' lang='lat' dir='ltr'><strong>pugneo</strong></span> <span class='ocrx_word' id='word_1_156' title='bbox 551 2971 664 3033; x_wconf 80' lang='lat' dir='ltr'><strong>exitum</strong></span> <span class='ocrx_word' id='word_1_157' title='bbox 672 2967 795 3032; x_wconf 83' lang='lat' dir='ltr'><strong>i’eciont.</strong></span> 
     </span>
    </p>

    <p class='ocr_par' dir='ltr' id='par_1_3' title="bbox 168 3073 798 3458">
     <span class='ocr_line' id='line_1_22' title="bbox 215 3073 797 3156; baseline -0.003 -18"><span class='ocrx_word' id='word_1_158' title='bbox 215 3073 484 3156; x_wconf 62' lang='lat' dir='ltr'><strong>maranensem]</strong></span> <span class='ocrx_word' id='word_1_159' title='bbox 507 3079 553 3138; x_wconf 81' lang='lat' dir='ltr'><strong>lte</strong></span> <span class='ocrx_word' id='word_1_160' title='bbox 576 3088 658 3140; x_wconf 86' lang='lat' dir='ltr'><strong>recte</strong></span> <span class='ocrx_word' id='word_1_161' title='bbox 672 3075 797 3138; x_wconf 84' lang='lat' dir='ltr'><strong>omnino</strong></span> 
     </span>
     <span class='ocr_line' id='line_1_23' title="bbox 170 3178 796 3266; baseline -0.005 -22"><span class='ocrx_word' id='word_1_162' title='bbox 170 3181 245 3266; x_wconf 76' lang='lat' dir='ltr'><strong>legit</strong></span> <span class='ocrx_word' id='word_1_163' title='bbox 259 3179 367 3264; x_wconf 74' lang='lat' dir='ltr'><strong>Stepln</strong></span> <span class='ocrx_word' id='word_1_164' title='bbox 381 3202 441 3264; x_wconf 87' lang='lat' dir='ltr'><strong>pro</strong></span> <span class='ocrx_word' id='word_1_165' title='bbox 454 3188 547 3245; x_wconf 82' lang='lat' dir='ltr'><strong>ertt&#39;rnt&#39;</strong></span> <span class='ocrx_word' id='word_1_166' title='bbox 556 3187 695 3246; x_wconf 78' lang='lat' dir='ltr'><strong>rationem</strong></span> <span class='ocrx_word' id='word_1_167' title='bbox 708 3181 740 3241; x_wconf 85' lang='lat' dir='ltr'><strong>in</strong></span> <span class='ocrx_word' id='word_1_168' title='bbox 750 3178 796 3242; x_wconf 80' lang='lat' dir='ltr'><strong>ed.</strong></span> 
     </span>
     <span class='ocr_line' id='line_1_24' title="bbox 168 3286 798 3374; baseline -0.002 -24"><span class='ocrx_word' id='word_1_169' title='bbox 168 3311 232 3373; x_wconf 80' lang='lat' dir='ltr'><strong>pn,</strong></span> <span class='ocrx_word' id='word_1_170' title='bbox 254 3308 324 3374; x_wconf 79' lang='lat' dir='ltr'><strong>quse</strong></span> <span class='ocrx_word' id='word_1_171' title='bbox 348 3286 441 3350; x_wconf 81' lang='lat' dir='ltr'><strong>rerba</strong></span> <span class='ocrx_word' id='word_1_172' title='bbox 466 3289 583 3350; x_wconf 91' lang='lat' dir='ltr'><strong>nullum</strong></span> <span class='ocrx_word' id='word_1_173' title='bbox 605 3287 655 3350; x_wconf 82' lang='lat' dir='ltr'><strong>hic</strong></span> <span class='ocrx_word' id='word_1_174' title='bbox 677 3308 798 3351; x_wconf 90' lang='lat' dir='ltr'><strong>sensum</strong></span> 
     </span>
     <span class='ocr_line' id='line_1_25' title="bbox 170 3393 324 3458; baseline -0.026 0"><span class='ocrx_word' id='word_1_175' title='bbox 170 3393 324 3458; x_wconf 77' lang='lat' dir='ltr'><strong>exhibent.</strong></span> 
     </span>
    </p>

    <p class='ocr_par' dir='ltr' id='par_1_4' title="bbox 167 3499 798 4008">
     <span class='ocr_line' id='line_1_26' title="bbox 215 3499 798 3588; baseline -0.005 -24"><span class='ocrx_word' id='word_1_176' title='bbox 215 3503 303 3564; x_wconf 69' lang='lat' dir='ltr'><strong>&#39;Rex</strong></span> <span class='ocrx_word' id='word_1_177' title='bbox 321 3545 343 3560; x_wconf 87' lang='grc'><strong>..</strong></span> <span class='ocrx_word' id='word_1_178' title='bbox 363 3505 535 3588; x_wconf 77' lang='lat' dir='ltr'><strong>supplicium</strong></span> <span class='ocrx_word' id='word_1_179' title='bbox 548 3499 672 3578; x_wconf 78' lang='lat' dir='ltr'><strong>remisit]</strong></span> <span class='ocrx_word' id='word_1_180' title='bbox 688 3503 721 3561; x_wconf 90' lang='lat' dir='ltr'><strong>ln</strong></span> <span class='ocrx_word' id='word_1_181' title='bbox 741 3499 798 3561; x_wconf 80' lang='lat' dir='ltr'><strong>huc</strong></span> 
     </span>
     <span class='ocr_line' id='line_1_27' title="bbox 169 3603 797 3690; baseline -0.005 -20"><span class='ocrx_word' id='word_1_182' title='bbox 169 3605 352 3670; x_wconf 76' lang='lat' dir='ltr'><strong>narrationis</strong></span> <span class='ocrx_word' id='word_1_183' title='bbox 367 3619 456 3690; x_wconf 82' lang='lat' dir='ltr'><strong>perte</strong></span> <span class='ocrx_word' id='word_1_184' title='bbox 472 3607 596 3668; x_wconf 89' lang='lat' dir='ltr'><strong>omnino</strong></span> <span class='ocrx_word' id='word_1_185' title='bbox 617 3607 649 3668; x_wconf 94' lang='lat' dir='ltr'><strong>in</strong></span> <span class='ocrx_word' id='word_1_186' title='bbox 670 3605 726 3668; x_wconf 82' lang='lat' dir='ltr'><strong>elie</strong></span> <span class='ocrx_word' id='word_1_187' title='bbox 738 3603 797 3667; x_wconf 91' lang='lat' dir='ltr'><strong>dis·</strong></span> 
     </span>
     <span class='ocr_line' id='line_1_28' title="bbox 168 3707 795 3789; baseline -0.005 -12"><span class='ocrx_word' id='word_1_188' title='bbox 168 3714 281 3778; x_wconf 86' lang='lat' dir='ltr'><strong>cedem</strong></span> <span class='ocrx_word' id='word_1_189' title='bbox 293 3709 412 3788; x_wconf 70' lang='lat' dir='ltr'><strong>lelandi,</strong></span> <span class='ocrx_word' id='word_1_190' title='bbox 427 3723 602 3789; x_wconf 80' lang='lat' dir='ltr'><strong>asserentes,</strong></span> <span class='ocrx_word' id='word_1_191' title='bbox 619 3707 795 3787; x_wconf 77' lang='lat' dir='ltr'><strong>lietaldum,</strong></span> 
     </span>
     <span class='ocr_line' id='line_1_29' title="bbox 168 3815 796 3906; baseline -0.01 -24"><span class='ocrx_word' id='word_1_192' title='bbox 168 3839 230 3906; x_wconf 86' lang='lat' dir='ltr'><strong>ope</strong></span> <span class='ocrx_word' id='word_1_193' title='bbox 243 3831 392 3882; x_wconf 76' lang='lat' dir='ltr'><strong>metrone</strong></span> <span class='ocrx_word' id='word_1_194' title='bbox 407 3817 563 3898; x_wconf 79' lang='lat' dir='ltr'><strong>cujusdem</strong></span> <span class='ocrx_word' id='word_1_195' title='bbox 583 3837 601 3881; x_wconf 89' lang='lat' dir='ltr'><strong>e</strong></span> <span class='ocrx_word' id='word_1_196' title='bbox 622 3835 744 3881; x_wconf 76' lang='lat' dir='ltr'><strong>earcere</strong></span> <span class='ocrx_word' id='word_1_197' title='bbox 760 3815 796 3876; x_wconf 90' lang='lat' dir='ltr'><strong>li-</strong></span> 
     </span>
     <span class='ocr_line' id='line_1_30' title="bbox 167 3923 797 4008; baseline -0.008 -19"><span class='ocrx_word' id='word_1_198' title='bbox 167 3927 319 4006; x_wconf 75' lang='lat' dir='ltr'><strong>berstum,</strong></span> <span class='ocrx_word' id='word_1_199' title='bbox 333 3923 452 4008; x_wconf 75' lang='lat' dir='ltr'><strong>egmine</strong></span> <span class='ocrx_word' id='word_1_200' title='bbox 466 3925 680 4008; x_wconf 72' lang='lat' dir='ltr'><strong>Vaeringerem</strong></span> <span class='ocrx_word' id='word_1_201' title='bbox 704 3924 797 4008; x_wconf 83' lang='lat' dir='ltr'><strong>stipe·</strong></span> 
     </span>
    </p>
   </div>
   <div class='ocr_carea' id='block_1_3' title="bbox 851 2649 1482 4007">
    <p class='ocr_par' dir='ltr' id='par_1_5' title="bbox 851 2649 1482 3347">
     <span class='ocr_line' id='line_1_31' title="bbox 853 2649 1478 2734; baseline 0.006 -23"><span class='ocrx_word' id='word_1_202' title='bbox 853 2661 916 2712; x_wconf 88' lang='lat' dir='ltr'><strong>tem</strong></span> <span class='ocrx_word' id='word_1_203' title='bbox 938 2649 1070 2734; x_wconf 88' lang='lat' dir='ltr'><strong>primum</strong></span> <span class='ocrx_word' id='word_1_204' title='bbox 1090 2649 1266 2714; x_wconf 79' lang='lat' dir='ltr'><strong>societatem</strong></span> <span class='ocrx_word' id='word_1_205' title='bbox 1290 2654 1391 2716; x_wconf 84' lang='lat' dir='ltr'><strong>iniisse</strong></span> <span class='ocrx_word' id='word_1_206' title='bbox 1410 2676 1478 2720; x_wconf 84' lang='lat' dir='ltr'><strong>cum</strong></span> 
     </span>
     <span class='ocr_line' id='line_1_32' title="bbox 852 2755 1479 2845; baseline 0.005 -25"><span class='ocrx_word' id='word_1_207' title='bbox 852 2759 992 2820; x_wconf 83' lang='lat' dir='ltr'><strong>Svenone</strong></span> <span class='ocrx_word' id='word_1_208' title='bbox 1010 2769 1050 2831; x_wconf 92' lang='lat' dir='ltr'><strong>et,</strong></span> <span class='ocrx_word' id='word_1_209' title='bbox 1078 2755 1191 2820; x_wconf 82' lang='lat' dir='ltr'><strong>viribus</strong></span> <span class='ocrx_word' id='word_1_210' title='bbox 1212 2777 1281 2820; x_wconf 90' lang='lat' dir='ltr'><strong>cum</strong></span> <span class='ocrx_word' id='word_1_211' title='bbox 1298 2781 1334 2823; x_wconf 89' lang='lat' dir='ltr'><strong>eo</strong></span> <span class='ocrx_word' id='word_1_212' title='bbox 1356 2761 1479 2845; x_wconf 90' lang='lat' dir='ltr'><strong>junctis,</strong></span> 
     </span>
     <span class='ocr_line' id='line_1_33' title="bbox 851 2863 1478 2948; baseline 0.008 -23"><span class='ocrx_word' id='word_1_213' title='bbox 851 2882 980 2946; x_wconf 80' lang='lat' dir='ltr'><strong>regnum</strong></span> <span class='ocrx_word' id='word_1_214' title='bbox 1018 2863 1122 2948; x_wconf 81' lang='lat' dir='ltr'><strong>Magni</strong></span> <span class='ocrx_word' id='word_1_215' title='bbox 1158 2885 1333 2948; x_wconf 80' lang='lat' dir='ltr'><strong>eggressum</strong></span> <span class='ocrx_word' id='word_1_216' title='bbox 1377 2865 1478 2945; x_wconf 85' lang='lat' dir='ltr'><strong>luisse,</strong></span> 
     </span>
     <span class='ocr_line' id='line_1_34' title="bbox 852 2967 1481 3057; baseline 0.013 -29"><span class='ocrx_word' id='word_1_217' title='bbox 852 2967 961 3032; x_wconf 84' lang='lat' dir='ltr'><strong>deinde</strong></span> <span class='ocrx_word' id='word_1_218' title='bbox 978 2989 1062 3045; x_wconf 80' lang='lat' dir='ltr'><strong>sero,</strong></span> <span class='ocrx_word' id='word_1_219' title='bbox 1087 2969 1208 3034; x_wconf 83' lang='lat' dir='ltr'><strong>dimidie</strong></span> <span class='ocrx_word' id='word_1_220' title='bbox 1218 2973 1378 3056; x_wconf 75' lang='lat' dir='ltr'><strong>Norvegin</strong></span> <span class='ocrx_word' id='word_1_221' title='bbox 1393 2985 1481 3057; x_wconf 82' lang='lat' dir='ltr'><strong>perte</strong></span> 
     </span>
     <span class='ocr_line' id='line_1_35' title="bbox 851 3071 1482 3158; baseline 0.01 -22"><span class='ocrx_word' id='word_1_222' title='bbox 851 3071 911 3136; x_wconf 88' lang='lat' dir='ltr'><strong>sibi</strong></span> <span class='ocrx_word' id='word_1_223' title='bbox 926 3097 942 3136; x_wconf 87' lang='lat' dir='ltr'><strong>e</strong></span> <span class='ocrx_word' id='word_1_224' title='bbox 956 3079 1067 3158; x_wconf 79' lang='lat' dir='ltr'><strong>Magno</strong></span> <span class='ocrx_word' id='word_1_225' title='bbox 1085 3075 1207 3153; x_wconf 74' lang='lat' dir='ltr'><strong>obluta,</strong></span> <span class='ocrx_word' id='word_1_226' title='bbox 1232 3080 1405 3142; x_wconf 75' lang='lat' dir='ltr'><strong>Sicuonem</strong></span> <span class='ocrx_word' id='word_1_227' title='bbox 1428 3078 1482 3142; x_wconf 82' lang='lat' dir='ltr'><strong>de·</strong></span> 
     </span>
     <span class='ocr_line' id='line_1_36' title="bbox 852 3178 1479 3266; baseline 0.014 -24"><span class='ocrx_word' id='word_1_228' title='bbox 852 3178 979 3242; x_wconf 84' lang='lat' dir='ltr'><strong>seruisse</strong></span> <span class='ocrx_word' id='word_1_229' title='bbox 998 3193 1034 3242; x_wconf 76' lang='lat' dir='ltr'><strong>et.</strong></span> <span class='ocrx_word' id='word_1_230' title='bbox 1045 3180 1083 3244; x_wconf 85' lang='lat' dir='ltr'><strong>ed</strong></span> <span class='ocrx_word' id='word_1_231' title='bbox 1099 3183 1225 3246; x_wconf 81' lang='lat' dir='ltr'><strong>classem</strong></span> <span class='ocrx_word' id='word_1_232' title='bbox 1239 3185 1341 3266; x_wconf 79' lang='lat' dir='ltr'><strong>Magni</strong></span> <span class='ocrx_word' id='word_1_233' title='bbox 1354 3205 1387 3248; x_wconf 88' lang='lat' dir='ltr'><strong>se</strong></span> <span class='ocrx_word' id='word_1_234' title='bbox 1406 3205 1479 3251; x_wconf 90' lang='lat' dir='ltr'><strong>con·</strong></span> 
     </span>
     <span class='ocr_line' id='line_1_37' title="bbox 853 3284 966 3347; baseline 0 -1"><span class='ocrx_word' id='word_1_235' title='bbox 853 3284 966 3347; x_wconf 86' lang='lat' dir='ltr'><strong>tulisse.</strong></span> 
     </span>
    </p>

    <p class='ocr_par' dir='ltr' id='par_1_6' title="bbox 851 3391 1479 4007">
     <span class='ocr_line' id='line_1_38' title="bbox 898 3391 1477 3476; baseline 0.014 -25"><span class='ocrx_word' id='word_1_236' title='bbox 898 3395 1073 3466; x_wconf 73' lang='lat' dir='ltr'><strong>‘Drursem</strong></span> <span class='ocrx_word' id='word_1_237' title='bbox 1105 3391 1238 3472; x_wconf 75' lang='lat' dir='ltr'><strong>fluuium]</strong></span> <span class='ocrx_word' id='word_1_238' title='bbox 1273 3397 1385 3476; x_wconf 78' lang='lat' dir='ltr'><strong>Dyrsas</strong></span> <span class='ocrx_word' id='word_1_239' title='bbox 1412 3411 1477 3459; x_wconf 75' lang='lat' dir='ltr'><strong>ecel</strong></span> 
     </span>
     <span class='ocr_line' id='line_1_39' title="bbox 852 3495 1478 3585; baseline 0.01 -26"><span class='ocrx_word' id='word_1_240' title='bbox 852 3496 948 3559; x_wconf 79' lang='lat' dir='ltr'><strong>omnis</strong></span> <span class='ocrx_word' id='word_1_241' title='bbox 962 3495 1054 3558; x_wconf 77' lang='lat' dir='ltr'><strong>Jutiae</strong></span> <span class='ocrx_word' id='word_1_242' title='bbox 1070 3500 1325 3581; x_wconf 80' lang='lat' dir='ltr'><strong>septentrionalis,</strong></span> <span class='ocrx_word' id='word_1_243' title='bbox 1345 3503 1431 3585; x_wconf 88' lang='lat' dir='ltr'><strong>cujus</strong></span> <span class='ocrx_word' id='word_1_244' title='bbox 1447 3505 1478 3576; x_wconf 83' lang='lat' dir='ltr'><strong>in</strong></span> 
     </span>
     <span class='ocr_line' id='line_1_40' title="bbox 853 3601 1479 3692; baseline 0.013 -30"><span class='ocrx_word' id='word_1_245' title='bbox 853 3603 932 3664; x_wconf 87' lang='lat' dir='ltr'><strong>ostio</strong></span> <span class='ocrx_word' id='word_1_246' title='bbox 941 3613 1061 3664; x_wconf 87' lang='lat' dir='ltr'><strong>centum</strong></span> <span class='ocrx_word' id='word_1_247' title='bbox 1072 3601 1136 3666; x_wconf 80' lang='lat' dir='ltr'><strong>lere</strong></span> <span class='ocrx_word' id='word_1_248' title='bbox 1145 3616 1176 3666; x_wconf 88' lang='lat' dir='ltr'><strong>et</strong></span> <span class='ocrx_word' id='word_1_249' title='bbox 1191 3607 1297 3690; x_wconf 81' lang='lat' dir='ltr'><strong>viginti</strong></span> <span class='ocrx_word' id='word_1_250' title='bbox 1308 3608 1394 3670; x_wconf 80' lang='lat' dir='ltr'><strong>annis</strong></span> <span class='ocrx_word' id='word_1_251' title='bbox 1408 3621 1479 3692; x_wconf 87' lang='lat' dir='ltr'><strong>post</strong></span> 
     </span>
     <span class='ocr_line' id='line_1_41' title="bbox 851 3705 1478 3798; baseline 0.013 -30"><span class='ocrx_word' id='word_1_252' title='bbox 851 3705 918 3769; x_wconf 80' lang='lat' dir='ltr'><strong>haec</strong></span> <span class='ocrx_word' id='word_1_253' title='bbox 933 3707 1041 3790; x_wconf 72' lang='lat' dir='ltr'><strong>elapsis</strong></span> <span class='ocrx_word' id='word_1_254' title='bbox 1062 3707 1171 3770; x_wconf 88' lang='lat' dir='ltr'><strong>iterum</strong></span> <span class='ocrx_word' id='word_1_255' title='bbox 1188 3714 1322 3798; x_wconf 81' lang='lat' dir='ltr'><strong>Norsegi</strong></span> <span class='ocrx_word' id='word_1_256' title='bbox 1337 3733 1405 3776; x_wconf 91' lang='lat' dir='ltr'><strong>cum</strong></span> <span class='ocrx_word' id='word_1_257' title='bbox 1418 3717 1478 3776; x_wconf 86' lang='lat' dir='ltr'><strong>Ds-</strong></span> 
     </span>
     <span class='ocr_line' id='line_1_42' title="bbox 851 3813 1478 3899; baseline 0.011 -26"><span class='ocrx_word' id='word_1_258' title='bbox 851 3813 898 3874; x_wconf 90' lang='lat' dir='ltr'><strong>nis</strong></span> <span class='ocrx_word' id='word_1_259' title='bbox 914 3813 1055 3896; x_wconf 84' lang='lat' dir='ltr'><strong>praelium</strong></span> <span class='ocrx_word' id='word_1_260' title='bbox 1075 3832 1293 3882; x_wconf 83' lang='lat' dir='ltr'><strong>conseruerunt</strong></span> <span class='ocrx_word' id='word_1_261' title='bbox 1312 3817 1387 3899; x_wconf 81' lang='lat' dir='ltr'><strong>(vid.</strong></span> <span class='ocrx_word' id='word_1_262' title='bbox 1399 3821 1478 3881; x_wconf 84' lang='lat' dir='ltr'><strong>Hist.</strong></span> 
     </span>
     <span class='ocr_line' id='line_1_43' title="bbox 851 3919 1479 4007; baseline 0.011 -27"><span class='ocrx_word' id='word_1_263' title='bbox 851 3937 916 4000; x_wconf 84' lang='lat' dir='ltr'><strong>reg.</strong></span> <span class='ocrx_word' id='word_1_264' title='bbox 931 3922 1062 4002; x_wconf 77' lang='lat' dir='ltr'><strong>Norreg.</strong></span> <span class='ocrx_word' id='word_1_265' title='bbox 1078 3921 1138 3984; x_wconf 83' lang='lat' dir='ltr'><strong>rol.</strong></span> <span class='ocrx_word' id='word_1_266' title='bbox 1157 3924 1196 3984; x_wconf 88' lang='lat' dir='ltr'><strong>iil</strong></span> <span class='ocrx_word' id='word_1_267' title='bbox 1216 3946 1246 4007; x_wconf 85' lang='lat' dir='ltr'><strong>p.</strong></span> <span class='ocrx_word' id='word_1_268' title='bbox 1264 3919 1350 4003; x_wconf 70' lang='grc'><strong>443).</strong></span> <span class='ocrx_word' id='word_1_269' title='bbox 1392 3927 1479 3988; x_wconf 87' lang='lat' dir='ltr'><strong>Nunc</strong></span> 
     </span>
    </p>
   </div>
   <div class='ocr_carea' id='block_1_4' title="bbox 166 4023 1478 4116">
    <p class='ocr_par' dir='ltr' id='par_1_7' title="bbox 166 4023 1478 4116">
     <span class='ocr_line' id='line_1_44' title="bbox 166 4023 1478 4116; baseline -0.002 -20"><span class='ocrx_word' id='word_1_270' title='bbox 166 4048 244 4113; x_wconf 85' lang='lat' dir='ltr'><strong>tum,</strong></span> <span class='ocrx_word' id='word_1_271' title='bbox 254 4031 470 4115; x_wconf 80' lang='lat' dir='ltr'><strong>imperatorem</strong></span> <span class='ocrx_word' id='word_1_272' title='bbox 483 4029 690 4114; x_wconf 81' lang='lat' dir='ltr'><strong>eximproriso</strong></span> <span class='ocrx_word' id='word_1_273' title='bbox 703 4029 799 4112; x_wconf 83' lang='lat' dir='ltr'><strong>cepis-</strong></span> <span class='ocrx_word' id='word_1_274' title='bbox 854 4023 964 4086; x_wconf 74' lang='lat' dir='ltr'><strong>dieitur</strong></span> <span class='ocrx_word' id='word_1_275' title='bbox 992 4025 1174 4091; x_wconf 80' lang='lat' dir='ltr'><strong>ltotlind-Aa</strong></span> <span class='ocrx_word' id='word_1_276' title='bbox 1204 4049 1303 4114; x_wconf 85' lang='lat' dir='ltr'><strong>prope</strong></span> <span class='ocrx_word' id='word_1_277' title='bbox 1331 4031 1478 4116; x_wconf 85' lang='lat' dir='ltr'><strong>oppidum</strong></span> 
     </span>
    </p>
   </div>
   <div class='ocr_carea' id='block_1_5' title="bbox 166 4147 796 4324">
    <p class='ocr_par' dir='ltr' id='par_1_8' title="bbox 166 4147 796 4324">
     <span class='ocr_line' id='line_1_45' title="bbox 166 4147 796 4219; baseline -0.006 -19"><span class='ocrx_word' id='word_1_278' title='bbox 166 4159 201 4200; x_wconf 86' lang='lat' dir='ltr'><strong>se</strong></span> <span class='ocrx_word' id='word_1_279' title='bbox 221 4151 253 4200; x_wconf 87' lang='lat' dir='ltr'><strong>et</strong></span> <span class='ocrx_word' id='word_1_280' title='bbox 272 4147 395 4219; x_wconf 82' lang='lat' dir='ltr'><strong>ceptum</strong></span> <span class='ocrx_word' id='word_1_281' title='bbox 416 4153 599 4212; x_wconf 77' lang='lat' dir='ltr'><strong>occaecssse,</strong></span> <span class='ocrx_word' id='word_1_282' title='bbox 627 4148 691 4197; x_wconf 91' lang='lat' dir='ltr'><strong>tum</strong></span> <span class='ocrx_word' id='word_1_283' title='bbox 712 4154 796 4212; x_wconf 84' lang='lat' dir='ltr'><strong>vero,</strong></span> 
     </span>
     <span class='ocr_line' id='line_1_46' title="bbox 166 4240 796 4324; baseline -0.01 -18"><span class='ocrx_word' id='word_1_284' title='bbox 166 4242 283 4306; x_wconf 82' lang='lat' dir='ltr'><strong>duobus</strong></span> <span class='ocrx_word' id='word_1_285' title='bbox 306 4240 430 4304; x_wconf 83' lang='lat' dir='ltr'><strong>neribus</strong></span> <span class='ocrx_word' id='word_1_286' title='bbox 452 4241 640 4316; x_wconf 84' lang='lat' dir='ltr'><strong>conscensis,</strong></span> <span class='ocrx_word' id='word_1_287' title='bbox 670 4253 796 4324; x_wconf 89' lang='lat' dir='ltr'><strong>portum</strong></span> 
     </span>
    </p>
   </div>
   <div class='ocr_carea' id='block_1_6' title="bbox 166 4345 796 4520">
    <p class='ocr_par' dir='ltr' id='par_1_9' title="bbox 166 4345 796 4520">
     <span class='ocr_line' id='line_1_47' title="bbox 166 4345 796 4440; baseline -0.013 -26"><span class='ocrx_word' id='word_1_288' title='bbox 166 4371 237 4414; x_wconf 88' lang='lat' dir='ltr'><strong>cnm</strong></span> <span class='ocrx_word' id='word_1_289' title='bbox 256 4352 317 4414; x_wconf 87' lang='lat' dir='ltr'><strong>suis</strong></span> <span class='ocrx_word' id='word_1_290' title='bbox 333 4345 455 4434; x_wconf 85' lang='lat' dir='ltr'><strong>liquisse</strong></span> <span class='ocrx_word' id='word_1_291' title='bbox 476 4359 507 4408; x_wconf 89' lang='lat' dir='ltr'><strong>et</strong></span> <span class='ocrx_word' id='word_1_292' title='bbox 527 4347 592 4440; x_wconf 77' lang='lat' dir='ltr'><strong>reis</strong></span> <span class='ocrx_word' id='word_1_293' title='bbox 610 4348 642 4408; x_wconf 91' lang='lat' dir='ltr'><strong>in</strong></span> <span class='ocrx_word' id='word_1_294' title='bbox 659 4346 796 4408; x_wconf 82' lang='lat' dir='ltr'><strong>Russism</strong></span> 
     </span>
     <span class='ocr_line' id='line_1_48' title="bbox 167 4449 795 4520; baseline -0.016 0"><span class='ocrx_word' id='word_1_295' title='bbox 167 4455 295 4520; x_wconf 82' lang='lat' dir='ltr'><strong>dedisse.</strong></span> <span class='ocrx_word' id='word_1_296' title='bbox 341 4456 389 4516; x_wconf 80' lang='lat' dir='ltr'><strong>De</strong></span> <span class='ocrx_word' id='word_1_297' title='bbox 408 4450 467 4514; x_wconf 83' lang='lat' dir='ltr'><strong>fide</strong></span> <span class='ocrx_word' id='word_1_298' title='bbox 484 4451 578 4514; x_wconf 82' lang='lat' dir='ltr'><strong>totius</strong></span> <span class='ocrx_word' id='word_1_299' title='bbox 603 4450 715 4514; x_wconf 74' lang='lat' dir='ltr'><strong>fabutae</strong></span> <span class='ocrx_word' id='word_1_300' title='bbox 736 4449 795 4512; x_wconf 80' lang='lat' dir='ltr'><strong>vid.</strong></span> 
     </span>
    </p>
   </div>
   <div class='ocr_carea' id='block_1_7' title="bbox 166 4561 796 4944">
    <p class='ocr_par' dir='ltr' id='par_1_10' title="bbox 166 4561 338 4627">
     <span class='ocr_line' id='line_1_49' title="bbox 166 4561 338 4627; baseline -0.017 -2"><span class='ocrx_word' id='word_1_301' title='bbox 166 4577 232 4627; x_wconf 86' lang='lat' dir='ltr'><strong>not.</strong></span> <span class='ocrx_word' id='word_1_302' title='bbox 252 4561 338 4625; x_wconf 83' lang='lat' dir='ltr'><strong>uber.</strong></span> 
     </span>
    </p>

    <p class='ocr_par' dir='ltr' id='par_1_11' title="bbox 166 4667 796 4944">
     <span class='ocr_line' id='line_1_50' title="bbox 212 4667 795 4746; baseline -0.014 -14"><span class='ocrx_word' id='word_1_303' title='bbox 212 4673 385 4732; x_wconf 69' lang='lat' dir='ltr'><strong>&#39;Reuersus</strong></span> <span class='ocrx_word' id='word_1_304' title='bbox 420 4669 577 4728; x_wconf 74' lang='lat' dir='ltr'><strong>Herelius</strong></span> <span class='ocrx_word' id='word_1_305' title='bbox 610 4667 795 4746; x_wconf 71' lang='lat' dir='ltr'><strong>Neroegiem</strong></span> 
     </span>
     <span class='ocr_line' id='line_1_51' title="bbox 166 4769 796 4862; baseline -0.013 -26"><span class='ocrx_word' id='word_1_306' title='bbox 166 4771 305 4862; x_wconf 82' lang='lat' dir='ltr'><strong>occupes]</strong></span> <span class='ocrx_word' id='word_1_307' title='bbox 324 4769 458 4834; x_wconf 73' lang='lat' dir='ltr'><strong>nescivit</strong></span> <span class='ocrx_word' id='word_1_308' title='bbox 476 4769 570 4853; x_wconf 81' lang='lat' dir='ltr'><strong>igitur</strong></span> <span class='ocrx_word' id='word_1_309' title='bbox 584 4773 704 4845; x_wconf 83' lang='lat' dir='ltr'><strong>Noster,</strong></span> <span class='ocrx_word' id='word_1_310' title='bbox 733 4771 796 4828; x_wconf 86' lang='lat' dir='ltr'><strong>He·</strong></span> 
     </span>
     <span class='ocr_line' id='line_1_52' title="bbox 166 4865 793 4944; baseline -0.013 0"><span class='ocrx_word' id='word_1_311' title='bbox 166 4878 285 4944; x_wconf 84' lang='lat' dir='ltr'><strong>reldum</strong></span> <span class='ocrx_word' id='word_1_312' title='bbox 308 4865 447 4942; x_wconf 77' lang='lat' dir='ltr'><strong>ellisssie</strong></span> <span class='ocrx_word' id='word_1_313' title='bbox 467 4898 547 4940; x_wconf 84' lang='lat' dir='ltr'><strong>enno</strong></span> <span class='ocrx_word' id='word_1_314' title='bbox 571 4867 651 4939; x_wconf 66' lang='lat'><strong>1045</strong></span> <span class='ocrx_word' id='word_1_315' title='bbox 668 4871 793 4938; x_wconf 80' lang='lat' dir='ltr'><strong>redeuu-</strong></span> 
     </span>
    </p>
   </div>
   <div class='ocr_carea' id='block_1_8' title="bbox 850 4127 1479 4957">
    <p class='ocr_par' dir='ltr' id='par_1_12' title="bbox 850 4127 1477 4314">
     <span class='ocr_line' id='line_1_53' title="bbox 851 4127 1477 4222; baseline 0.014 -33"><span class='ocrx_word' id='word_1_316' title='bbox 851 4131 969 4192; x_wconf 86' lang='lat' dir='ltr'><strong>Grenee</strong></span> <span class='ocrx_word' id='word_1_317' title='bbox 986 4127 1093 4210; x_wconf 79' lang='lat' dir='ltr'><strong>(Suhm</strong></span> <span class='ocrx_word' id='word_1_318' title='bbox 1107 4137 1227 4198; x_wconf 81' lang='lat' dir='ltr'><strong>Denslte</strong></span> <span class='ocrx_word' id='word_1_319' title='bbox 1244 4135 1323 4198; x_wconf 87' lang='lat' dir='ltr'><strong>llist.</strong></span> <span class='ocrx_word' id='word_1_320' title='bbox 1337 4136 1396 4200; x_wconf 84' lang='lat' dir='ltr'><strong>vol.</strong></span> <span class='ocrx_word' id='word_1_321' title='bbox 1411 4135 1433 4198; x_wconf 78' lang='lat'>4</span> <span class='ocrx_word' id='word_1_322' title='bbox 1447 4159 1477 4222; x_wconf 91' lang='lat' dir='ltr'><strong>p.</strong></span> 
     </span>
     <span class='ocr_line' id='line_1_54' title="bbox 850 4233 949 4314; baseline 0.02 -19"><span class='ocrx_word' id='word_1_323' title='bbox 850 4233 949 4314; x_wconf 61' lang='lat' dir='ltr'><strong>ml</strong></span> 
     </span>
    </p>

    <p class='ocr_par' dir='ltr' id='par_1_13' title="bbox 850 4343 1479 4957">
     <span class='ocr_line' id='line_1_55' title="bbox 895 4343 1479 4428; baseline 0.012 -26"><span class='ocrx_word' id='word_1_324' title='bbox 895 4343 909 4378; x_wconf 81' lang='lat'><strong>⁶</strong></span> <span class='ocrx_word' id='word_1_325' title='bbox 923 4347 993 4404; x_wconf 84' lang='lat' dir='ltr'><strong>Tam</strong></span> <span class='ocrx_word' id='word_1_326' title='bbox 1005 4343 1160 4428; x_wconf 62' lang='lat' dir='ltr'><strong>infeliciter</strong></span> <span class='ocrx_word' id='word_1_327' title='bbox 1174 4367 1259 4428; x_wconf 82' lang='lat' dir='ltr'><strong>quem</strong></span> <span class='ocrx_word' id='word_1_328' title='bbox 1275 4363 1378 4410; x_wconf 84' lang='lat' dir='ltr'><strong>temere</strong></span> <span class='ocrx_word' id='word_1_329' title='bbox 1395 4351 1479 4409; x_wconf 83' lang='lat' dir='ltr'><strong>ds&#39;mt&#39;·</strong></span> 
     </span>
     <span class='ocr_line' id='line_1_56' title="bbox 851 4445 1479 4538; baseline 0.01 -28"><span class='ocrx_word' id='word_1_330' title='bbox 851 4445 944 4528; x_wconf 75' lang='lat' dir='ltr'><strong>court]</strong></span> <span class='ocrx_word' id='word_1_331' title='bbox 961 4447 1072 4510; x_wconf 84' lang='lat' dir='ltr'><strong>lslendi</strong></span> <span class='ocrx_word' id='word_1_332' title='bbox 1090 4447 1194 4512; x_wconf 83' lang='lat' dir='ltr'><strong>tecent&#39;</strong></span> <span class='ocrx_word' id='word_1_333' title='bbox 1219 4448 1257 4512; x_wconf 89' lang='lat' dir='ltr'><strong>de</strong></span> <span class='ocrx_word' id='word_1_334' title='bbox 1276 4451 1377 4514; x_wconf 70' lang='lat' dir='ltr'><strong>,hocce</strong></span> <span class='ocrx_word' id='word_1_335' title='bbox 1399 4475 1479 4538; x_wconf 78' lang='lat' dir='ltr'><strong>pror·</strong></span> 
     </span>
     <span class='ocr_line' id='line_1_57' title="bbox 850 4555 1479 4639; baseline 0.008 -24"><span class='ocrx_word' id='word_1_336' title='bbox 850 4555 901 4616; x_wconf 90' lang='lat' dir='ltr'><strong>lio.</strong></span> <span class='ocrx_word' id='word_1_337' title='bbox 935 4557 1078 4616; x_wconf 80' lang='lat' dir='ltr'><strong>Fortasse</strong></span> <span class='ocrx_word' id='word_1_338' title='bbox 1091 4557 1225 4639; x_wconf 84' lang='lat' dir='ltr'><strong>pertinet</strong></span> <span class='ocrx_word' id='word_1_339' title='bbox 1245 4557 1283 4619; x_wconf 84' lang='lat' dir='ltr'><strong>sd</strong></span> <span class='ocrx_word' id='word_1_340' title='bbox 1297 4559 1382 4620; x_wconf 79' lang='lat' dir='ltr'><strong>initis</strong></span> <span class='ocrx_word' id='word_1_341' title='bbox 1395 4560 1479 4638; x_wconf 89' lang='lat' dir='ltr'><strong>belii,</strong></span> 
     </span>
     <span class='ocr_line' id='line_1_58' title="bbox 850 4659 1477 4747; baseline 0.006 -27"><span class='ocrx_word' id='word_1_342' title='bbox 850 4680 917 4722; x_wconf 87' lang='lat' dir='ltr'><strong>cum</strong></span> <span class='ocrx_word' id='word_1_343' title='bbox 931 4661 1002 4722; x_wconf 72' lang='lat' dir='ltr'><strong>filis</strong></span> <span class='ocrx_word' id='word_1_344' title='bbox 1016 4659 1165 4723; x_wconf 78' lang='lat' dir='ltr'><strong>&#39;lhorltilli</strong></span> <span class='ocrx_word' id='word_1_345' title='bbox 1181 4665 1286 4744; x_wconf 76' lang='lat' dir='ltr'><strong>chsm</strong></span> <span class='ocrx_word' id='word_1_346' title='bbox 1302 4663 1334 4724; x_wconf 85' lang='lat' dir='ltr'><strong>in</strong></span> <span class='ocrx_word' id='word_1_347' title='bbox 1350 4665 1477 4747; x_wconf 80' lang='lat' dir='ltr'><strong>captiti·</strong></span> 
     </span>
     <span class='ocr_line' id='line_1_59' title="bbox 850 4765 1478 4854; baseline 0.01 -26"><span class='ocrx_word' id='word_1_348' title='bbox 850 4777 943 4828; x_wconf 79' lang='lat' dir='ltr'><strong>tatem</strong></span> <span class='ocrx_word' id='word_1_349' title='bbox 958 4765 1044 4830; x_wconf 89' lang='lat' dir='ltr'><strong>luere</strong></span> <span class='ocrx_word' id='word_1_350' title='bbox 1058 4765 1197 4830; x_wconf 80' lang='lat' dir='ltr'><strong>obductas</strong></span> <span class='ocrx_word' id='word_1_351' title='bbox 1214 4769 1307 4844; x_wconf 84' lang='lat' dir='ltr'><strong>(Hist.</strong></span> <span class='ocrx_word' id='word_1_352' title='bbox 1321 4789 1384 4854; x_wconf 83' lang='lat' dir='ltr'><strong>reg.</strong></span> <span class='ocrx_word' id='word_1_353' title='bbox 1402 4777 1478 4834; x_wconf 83' lang='lat' dir='ltr'><strong>Nor-</strong></span> 
     </span>
     <span class='ocr_line' id='line_1_60' title="bbox 851 4869 1200 4957; baseline 0 -21"><span class='ocrx_word' id='word_1_354' title='bbox 851 4893 917 4956; x_wconf 76' lang='lat' dir='ltr'><strong>reg.</strong></span> <span class='ocrx_word' id='word_1_355' title='bbox 932 4874 992 4936; x_wconf 85' lang='lat' dir='ltr'><strong>rol.</strong></span> <span class='ocrx_word' id='word_1_356' title='bbox 1012 4877 1052 4936; x_wconf 90' lang='lat' dir='ltr'><strong>lll</strong></span> <span class='ocrx_word' id='word_1_357' title='bbox 1068 4897 1098 4957; x_wconf 89' lang='lat' dir='ltr'><strong>p.</strong></span> <span class='ocrx_word' id='word_1_358' title='bbox 1116 4869 1200 4948; x_wconf 84' lang='lat'>189).</span> 
     </span>
    </p>
   </div>
   <div class='ocr_carea' id='block_1_9' title="bbox 0 0 1796 5466">
    <p class='ocr_par' dir='ltr' id='par_1_14' title="bbox 0 0 1796 5466">
     <span class='ocr_line' id='line_1_61' title="bbox 0 0 1796 5466; baseline 0 2"><span class='ocrx_word' id='word_1_359' title='bbox 0 0 1796 5466; x_wconf 95' lang='lat' dir='ltr'><strong> </strong></span> 
     </span>
    </p>
   </div>
  </div>
 </body>
</html>
