3508 5460
671 203 999 276 watouatattus
1017 201 1040 272 l.
1389 201 1463 276 809

192 434 282 498 seur,
297 413 332 483 iu
349 433 453 482 amne
468 410 612 507 Dyursa
629 427 818 508 repertam,
830 411 1136 510 gubernatoribus
1155 435 1304 484 vacuam
1323 411 1428 484 facile
1441 411 1513 486 de·

189 529 340 622 bellant,
365 533 689 630 ipsiusque'Burisii
707 540 904 634 intercepto
927 539 1090 634 navigio,
1118 536 1279 632 protinus
1304 533 1351 606 ad
1379 539 1510 626 vicum,

189 655 255 752 qui
269 669 508 726 mercatorum
526 659 673 752 portus¹
697 658 920 748 nominatur,
956 656 1210 756 deproperant.
1268 661 1369 750 Quos
1387 655 1510 730 Absa-

187 773 366 879 lon,cu1n
382 774 673 852 Sialandcnsibus
695 805 908 870 occurrens,
933 782 1035 852 etiam
1063 777 1220 850 littorum
1239 801 1391 850 ascensu
1414 803 1509 876 pro-

188 895 319 970 hibuit.
371 903 440 992 Qui
466 923 549 970 cum
571 893 798 998 compertum
823 901 990 996 haberet,
1023 903 1279 998 Norvagienses
1310 897 1508 996 plurimum

187 1017 359 1118 praesidii'
376 1022 414 1093 in
442 1022 598 1096 arcubus
625 1021 774 1116 ducere,
808 1023 1033 1123 provocandi
1057 1029 1170 1124 gratia
1193 1049 1277 1094 cum
1303 1021 1506 1120 quindecim

185 1139 373 1240 peditibus
384 1147 420 1214 io
435 1141 531 1217 littus
546 1171 771 1244 progressus,
786 1148 882 1221 ultro
901 1173 939 1220 se
957 1173 1084 1219 eorum
1101 1147 1237 1245 sagittis
1262 1139 1505 1242 appetendum

186 1261 391 1363 praebebat,
413 1265 577 1362 prosectu
594 1268 782 1344 ostendere
806 1273 966 1368 cupiens,
992 1272 1027 1340 in
1047 1293 1159 1368 quam
1181 1292 1297 1364 parvo
1316 1275 1505 1366 praecipu-

186 1413 250 1458 am
265 1411 391 1461 eorum
407 1383 580 1462 fiduciam
597 1409 759 1489 poneret.
812 1395 924 1492 igitur
948 1396 1226 1493 Norvagienscs,
1252 1417 1327 1487 quo
1353 1392 1505 1489 propius

184 1510 284 1584 littus
299 1507 518 1602 accederent,
543 1513 692 1612 cymbas
712 1515 966 1604 conscendunt,
991 1513 1041 1587 ob
1064 1541 1220 1614 quarum
1237 1512 1506 1610 trepidationem

187 1633 362 1707 destinata
377 1640 483 1708 cortis
499 1634 627 1710 ictibus
642 1636 748 1710 scrire
768 1663 840 1710 non
856 1651 1027 1736 poterant.
1080 1640 1204 1734 ltaque
1228 1633 1296 1706 tela
1323 1634 1505 1732 partimin
1576 1717 1578 1720 ,

185 1753 354 1848 humum,
380 1753 508 1854 partim
532 1760 569 1828 in
589 1756 707 1832 undas
729 1765 882 1832 innocua
907 1757 1089 1832 cadebant
1141 1764 1192 1832 lta
1215 1763 1297 1832 artis
1316 1781 1391 1830 sum
1413 1755 1505 1828 effe-

184 1897 251 1954 ctu
273 1877 427 1953 fraudati
454 1883 657 1980 nostrisque
676 1879 833 1954 ludibrio
855 1881 979 1976 habiti,
1005 1887 1131 1981 ingenti
1158 1907 1240 1954 cum
1262 1879 1396 1952 rubore
1419 1903 1504 1950 ma-

182 2005 268 2100 jora
291 2004 431 2102 navigia
454 2019 631 2101 repetunt.
698 2010 822 2078 Postea
843 2031 925 2078 cum
947 2004 1150 2092 Absalone,
1177 2001 1259 2076 data
1282 2018 1504 2100 acceptaque
1616 2073 1619 2079 ,
1684 2019 1688 2034 ·

184 2125 273 2217 fide,
293 2125 425 2200 sociale
438 2125 662 2226 colloquium
677 2125 849 2202 habuere.
900 2135 931 2200 A
950 2153 1026 2226 quo
1042 2125 1174 2200 diutius
1190 2126 1260 2198 illic
1276 2129 1504 2222 acquiescere

182 2249 287 2346 jussi,
310 2272 384 2320 non
401 2251 503 2348 prius
518 2248 866 2346 obtemperaverunt,
892 2277 1002 2350 quam
1018 2247 1176 2324 Absalou
1192 2247 1304 2320 fidem
1319 2273 1421 2320 suam
1441 2249 1502 2316 in-

185 2371 427 2468 terposuisset,
452 2395 492 2444 se
507 2370 593 2444 nihil
609 2370 818 2444 insidiarum
835 2372 885 2446 eis
902 2389 995 2446 terra
1011 2387 1073 2444 aut
1089 2373 1177 2444 mari
1192 2371 1328 2443 interim
1350 2384 1503 2467 paratu-

180 2517 276 2566 rum.
328 2492 523 2585 llisfiuitis,
547 2492 788 2584 collocutores
814 2520 836 2568 a
862 2501 1073 2569 seinvicem
1099 2495 1312 2584 discessere,
1345 2492 1403 2565 die
1428 2517 1507 2596 po<

182 2631 281 2690 stcro
311 2615 573 2712 comparibus
604 2622 712 2692 armis
747 2617 877 2716 aequali
904 2624 1075 2693 comitum
1102 2640 1254 2688 numero
1281 2623 1502 2690 conventuri.

181 2739 352 2834 Cumque
366 2736 535 2836 Erlingus
553 2763 626 2810 uno
642 2742 843 2814 comitatior
857 2743 1024 2833 affuisset,
1048 2738 1219 2831 Absalon,
1236 2741 1503 2836 circumspectis

180 2859 364 2953 omnibus
388 2863 503 2933 Miror
518 2875 564 2951 te,
589 2863 712 2960 iuquit,
739 2863 894 2963 artingo,
919 2863 1102 2938 bominem
1118 2880 1221 2937 aetate
1238 2865 1441 2935 conlectum
1461 2885 1502 2932 ac

180 2989 287 3056 toties
303 2985 428 3083 gravia
444 3000 640 3082 expertum,
656 3011 729 3057 non
746 2984 838 3060 adeo
857 2990 1052 3086 sapientem
1070 3013 1180 3082 quam
1200 3011 1325 3058 senem
1343 2989 1502 3056 existere.

180 3109 274 3177 Nam
293 3131 377 3180 cum
393 3122 431 3180 tu
447 3105 582 3204 scapha
597 3105 796 3200 adveneris,
818 3136 887 3182 nos
909 3115 1012 3208 equis
1033 3109 1262 3212 insideamus,
1278 3124 1385 3206 teque
1402 3104 1502 3178 nullo

180 3234 340 3326 negotio,
370 3230 400 3301 si
420 3228 540 3321 libeat,
564 3232 770 3330 opprimere
795 3235 997 3330 possimne,
1029 3260 1094 3306 cur
1116 3233 1281 3306 condicto
1307 3231 1502 3304 comitatior

180 3347 380 3425 adversum
407 3368 513 3450 caput
543 3370 645 3426 tuum
676 3353 888 3461 rumpendae
920 3361 1020 3454 pacis
1043 3359 1271 3429 occasionem
1294 3353 1501 3449 fortioribus

178 3471 392 3572 praebuisti?
441 3477 511 3548 Nisi
535 3493 653 3548 autem
669 3475 761 3550 {ides
783 3495 903 3552 nostra
926 3493 1119 3576 praestaret,
1145 3478 1272 3551 solutae
1288 3475 1501 3553 conditionis
1541 3549 1551 3564 ,

178 3619 311 3692 poenas
327 3595 431 3668 exitio
450 3597 691 3694 persolvisses.
742 3603 843 3672 Tunc
858 3599 1037 3698 Erliogus,
1061 3606 1149 3672 inter
1172 3616 1306 3672 metum
1328 3615 1364 3671 et
1380 3598 1502 3672 rubo-a

176 3744 258 3792 rem
274 3721 541 3818 circumspectis
554 3721 761 3810 comitibus,
795 3747 879 3794 cum
908 3747 1027 3792 veram
1056 3721 1245 3796 Absalonis
1269 3725 1501 3798 assertionem

175 3841 489 3935 animadverteret,
515 3870 627 3916 unum
644 3871 684 3917 ex
703 3843 757 3919 his
775 3845 972 3944 objurgare
989 3847 1119 3941 coepit,
1145 3841 1248 3942 quod
1267 3869 1338 3915 non
1354 3859 1500 3942 rogatus

174 3963 371 4038 comitandi
388 3967 564 4064 rapuisset
590 3965 759 4041 ollicium.
818 3973 1013 4068 Postquam
1041 3964 1104 4038 diu
1128 3969 1360 4038 excusationis
1386 3965 1499 4037 verba

175 4090 381 4188 quoesierat,
407 4103 445 4162 ut
458 4089 681 4170 siticulosum
699 4108 875 4166 recrearet
893 4095 1103 4181 exercitum,
1120 4087 1286 4186 palustris
1302 4111 1407 4184 aquae
1426 4109 1499 4184 pe-

176 4363 256 4428 rideo
284 4363 368 4450 (quae
391 4379 479 4430 antea
506 4379 601 4452 nupta
626 4366 726 4430 fuerat
752 4371 814 4452 pri<
872 4370 974 4450 Quare
991 4369 1018 4430 ei
1032 4368 1112 4430 inter
1127 4365 1419 4449 Norvegossolitom
1434 4375 1499 4427 eret

176 4493 263 4534 mum
283 4474 421 4536 Hearico
438 4473 594 4550 Sltateler,
625 4471 733 4536 deinde
751 4479 812 4536 lla·
871 4493 1053 4557 cognomen,
1079 4475 1328 4556 Konongsbrddir.

175 4575 266 4644 raldo
300 4577 401 4658 Gillo,
432 4581 499 4666 regi
523 4565 733 4664 'Noriegiaeb‘
752 4578 813 4642 sra-
916 4585 1134 4642 ιΜινταιονιιιη
1146 4578 1499 4668 ρονιυε]1(]εεῑ,1(αιφ,-

174 4695 316 4772 tereret
344 4687 482 4752 uterinus
505 4709 599 4774 quum
621 4685 732 4748 Bur-itii
757 4708 810 4749 no·
868 4689 1056 4772 urartualuyn.
1099 4685 1160 4750 llic
1183 4688 1315 4773 primum
1336 4684 1368 4745 iu
1392 4703 1497 4745 monu-

171 4788 246 4872 atri,
261 4803 329 4856 uim
342 4795 421 4880 logii
435 4793 628 4880 primi,regis
641 4793 811 4878 ttorvegiae.
868 4795 978 4863 meotis
994 4794 1105 4862 uostris
1119 4795 1247 4856 llavuiao
1262 4791 1376 4855 mentio
1392 4789 1435 4850 lit.
