3508 5460
375 273 450 350 832
704 275 880 348 tttstott.
896 275 1001 346 DAN.
1019 277 1158 348 LIBER
1174 277 1265 349 xtv.

323 476 484 566 haberet,
516 479 648 550 serrum
671 476 736 550 sibi
761 501 805 552 ac
827 475 941 550 silices
962 495 1159 576 suppetere
1180 475 1383 578 respondit,
1407 488 1625 576 praemonito,

323 619 373 696 ut,
399 616 568 676 aestuante
585 597 759 692 incendio,
786 597 833 672 ab
860 599 986 672 iisdem
1010 598 1246 698 descensurus
1267 606 1501 700 exciperetur.
1554 607 1623 704 lgi-

322 744 381 803 tur
404 727 476 798 foci
507 728 720 796 nutrimenta
760 721 1139 821 circumspicientibus,
1169 721 1245 798 fors
1277 729 1460 798 materiam
1488 725 1625 800 obtulit.

323 855 426 924 Forte
445 853 538 920 enirn
553 843 700 944 quidam
724 843 771 918 ad
792 847 1011 920 necessarios
1027 869 1114 920 usus
1135 862 1306 924 onustum
1330 847 1462 945 stipula
1484 875 1625 924 currum

322 971 469 1072 agebat,
495 994 568 1067 qua
586 969 737 1067 direpta,
764 965 854 1042 alius
868 965 925 1038 alii
943 965 1131 1040 fasciculos
1143 969 1323 1065 jacientes,
1349 993 1485 1069 eosque
1502 977 1625 1072 cuspi-

321 1096 429 1170 dibus
444 1094 571 1168 affixos
588 1093 712 1191 juveni
726 1091 958 1189 porrigentes,
984 1087 1086 1164 brevi
1103 1089 1269 1187 patulum
1283 1093 1471 1190 replevere
1488 1116 1625 1180 cavum,

322 1223 427 1294 turris
446 1216 644 1294 desertione
661 1230 754 1288 tutos
776 1212 890 1288 aditus
911 1208 1028 1286 dante.
1089 1215 1178 1284 Nam
1199 1212 1402 1310 oppidanos
1422 1219 1556 1313 partim
1581 1218 1625 1288 rei

320 1346 529 1442 ignorantia,
555 1343 681 1437 partim
705 1337 811 1412 titrris
836 1338 981 1412 inanitas
1003 1333 1139 1426 fefellit,
1162 1336 1270 1434 cujus
1293 1337 1398 1412 etiam
1422 1341 1625 1436 prominens

230 1539 236 1551 ,
320 1463 467 1540 latitudo
491 1459 801 1562 oppugnatoribus
823 1459 871 1530 ab
894 1475 1048 1557 utroque
1075 1447 1186 1532 latere
1207 1457 1376 1555 praesidio
1401 1458 1477 1532 fuit.
1539 1463 1625 1554 Qua

321 1617 404 1664 cum
417 1588 691 1688 repentinoigne
705 1599 871 1680 correpta
885 1581 1108 1679 conflagrare
1126 1581 1303 1678 coepisset,
1329 1579 1478 1655 incendii
1496 1598 1625 1672 auctor,

321 1713 414 1787 lacto
436 1711 590 1786 victoriae
613 1705 748 1807 gradu,
774 1703 1030 1803 excipientibus
1050 1705 1174 1796 sociis,
1198 1704 1278 1779 solo
1303 1704 1472 1778 illabitur.
1525 1707 1626 1780 Con-

320 1849 443 1934 specta
458 1833 570 1922 sumo,
594 1827 777 1930 oppidani,
803 1829 1000 1926 improviso
1020 1826 1181 1926 periculo
1205 1829 1349 1920 attoniti,
1374 1829 1448 1928 igni
1464 1829 1568 1928 prius
1583 1853 1624 1900 an

317 1957 410 2032 hosti
429 1956 645 2043 resisterent,
669 1949 911 2050 ambigebant.
969 1948 1131 2024 Tandem
1154 1949 1308 2026 collectis
1329 1951 1466 2042 animis,
1489 1973 1625 2025 summa

319 2079 355 2152 vi
371 2075 536 2154 incendio
553 2089 755 2162 occurrunt,
781 2073 987 2170 omissoque
999 2072 1114 2162 hoste,
1137 2071 1276 2146 bellum
1292 2099 1375 2146 cum
1389 2071 1545 2149 flammis
1558 2101 1625 2176 ge·

319 2227 400 2276 rere
416 2215 622 2298 coeperunt,
647 2200 773 2270 nostris
796 2200 1040 2270 extinctionem
1062 2195 1258 2295 prohibere
1279 2196 1503 2290 conantibus,
1528 2213 1569 2273 ut
1585 2223 1623 2270 ex

271 2377 274 2384 -
319 2325 398 2425 pari
411 2321 465 2398 bis
481 2317 699 2420 reprimendi
710 2315 873 2408 incendii,
897 2315 964 2392 illis
985 2316 1200 2416 protegendi
1215 2318 1349 2418 cupido
1364 2324 1552 2396 incessisse
1570 2321 1624 2396 ri-

318 2447 474 2522 deretur.
523 2441 685 2540 Tandem
699 2463 795 2539 aqua
809 2437 935 2514 delecti
951 2439 1114 2516 flammas
1131 2439 1220 2514 lacte
1236 2465 1411 2540 sparsere,
1428 2467 1512 2540 quae
1528 2457 1621 2516 tanto

318 2568 561 2644 vehementius
584 2562 785 2640 incendium
815 2588 1030 2663 concepere,
1063 2580 1197 2664 quanto
1228 2563 1300 2638 hoc
1321 2552 1482 2663 liquoris
1497 2580 1622 2665 ¹genere
1719 2537 1720 2554 ἵ

317 2699 450 2792 saepius
473 2687 789 2791 perfundebantur.
814 2675 818 2682 ¹
847 2689 902 2760 Ea
930 2712 987 2762 res
1011 2688 1208 2788 plurimum
1228 2687 1435 2762 incrementi
1459 2685 1621 2762 incendio

317 2813 457 2915 adjecit.
510 2817 595 2886 Orto
611 2807 738 2884 deinde
754 2809 929 2900 clamore,
953 2835 1034 2903 rex,
1060 2809 1244 2908 spectandi
1264 2813 1379 2912 gratia
1398 2827 1497 2884 extra
1511 2827 1622 2884 castra

317 2959 549 3037 progressuS,
574 2931 752 3031 simulque
772 2948 918 3008 eventus
940 2931 1171 3008 admiratione
1197 2956 1410 3024 concussos,
1443 2959 1528 3010 cum
1550 2933 1621 3008 du-

315 3059 415 3134 bium
437 3057 602 3144 baberet,
628 3080 675 3128 an
692 3056 781 3155 ignis
803 3055 918 3130 ullum
937 3055 1191 3154 expugnationi
1206 3071 1427 3130 momentum
1444 3054 1620 3156 adjiceret,
1717 3155 1718 3160 Ἰ

316 3179 405 3280 quid
419 3180 514 3254 sactu
527 3179 752 3278 potissimum
769 3177 896 3268 soret¹,
921 3205 965 3254 ex
979 3177 1161 3252 Absalooe
1179 3179 1385 3277 perquirere
1399 3180 1532 3252 institit.
1562 3176 1619 3250 llle
1717 3161 1718 3174 ¹

315 3329 451 3404 regern,
476 3327 521 3374 nc
534 3324 572 3374 se
589 3297 790 3398 puerilibus
805 3303 933 3398 coeptis
946 3302 1115 3378 insereret
1133 3317 1195 3374 aut
1221 3305 1429 3399 quicquam,
1453 3301 1617 3404 inexplo-

315 3443 393 3500 rato
409 3423 563 3526 negotio,
586 3435 735 3520 repente
756 3423 1026 3524 aggrederetur,
1051 3421 1232 3512 hortatus,
1256 3449 1474 3524 magnopere
1495 3448 1618 3525 rogare
1716 3479 1717 3510 ,

316 3549 437 3646 coepit,
462 3563 502 3621 ut
516 3543 585 3620 sibi
600 3548 769 3644 primum,
793 3571 839 3618 an
854 3548 945 3646 ignis
960 3545 1136 3646 potiendae
1151 3545 1252 3622 urbis
1267 3545 1394 3620 efficax
1410 3563 1517 3640 esset,
1531 3571 1616 3646 spe-

314 3670 428 3746 culari
442 3670 669 3772 permitteret.
720 3672 793 3744 Nec
809 3695 886 3744 rem
909 3672 1121 3770 perscrutari
1145 3685 1349 3760 cunctatus,
1374 3668 1503 3768 clypeo
1526 3667 1638 3750 dun·-¹

313 3811 408 3888 taxat
422 3818 466 3868 ac
489 3791 592 3893 galea
608 3807 721 3866 tectus
737 3811 879 3890 portam
896 3801 1054 3884 accessit,
1076 3795 1301 3892 juvenesque
1313 3817 1393 3866 earn
1409 3815 1616 3893 oppugnare
1715 3829 1716 3850 ι

314 3933 480 3990 conantes
496 3913 630 3990 hortari
644 3915 691 3990 ad
704 3915 971 3992 confovendum
985 3914 1188 3992 incendium
1202 3922 1319 4015 caepit.
1355 3913 1477 4009 Quod,
1491 3939 1616 3990 acceu-

312 4043 360 4114 sis
374 4039 535 4138 undique
549 4039 769 4114 nutrimentis
784 4055 958 4130 evectum,
984 4040 1214 4139 postiumque
1230 4065 1272 4112 ac
1286 4038 1537 4114 columnarum
1552 4061 1614 4110 ro-

311 4161 465 4238 boribus
480 4161 614 4252 alitum,
638 4160 795 4260 ligneum
813 4168 917 4236 turris
930 4165 1174 4261 pavimentum
1190 4161 1401 4262 absumpsit,
1427 4187 1470 4236 ac
1484 4157 1617 4246 deinde,

313 4307 454 4358 summa
468 4286 676 4384 corripiens,
701 4285 881 4386 singulare
900 4285 1081 4360 simulacri
1100 4291 1243 4386 signum
1259 4287 1402 4386 aliaque
1417 4283 1613 4363 domesticae

312 4404 494 4506 religionis
506 4410 655 4514 insignia
668 4411 774 4484 cineri
791 4411 955 4509 aequarit.
1008 4407 1116 4502 Quod
1133 4425 1327 4508 postquam
1342 4437 1416 4501 rex,
1441 4415 1612 4489 ructante
1713 4421 1714 4426 ’

358 4709 368 4744 ¹
383 4705 467 4791 Quid
468 4709 560 4792 sactu
571 4709 859 4794 potissimumsoret]
870 4713 937 4774 Ste-
999 4709 1116 4775 addidit
1135 4736 1216 4800 opus.

312 4809 441 4896 phanias
455 4811 521 4876 sine
535 4811 642 4877 idonea
660 4833 748 4878 cauta
766 4827 837 4899 port
843 4817 935 4900 sactu
