3524 5460
525 287 674 364 SVENO
688 291 744 368 ΙΙΙ.
785 291 1004 366 ‚canutus
1021 292 1062 364 V.
1320 293 1394 371 ddi

143 497 398 590 estimatum,
418 521 497 594 qno
517 498 635 573 minus
654 495 883 596 voluptatum
901 520 1049 575 suerum
1069 499 1213 598 ignibus
1232 497 1447 598 indntgeret,

141 621 319 701 meritus.
377 618 436 694 tn
452 617 629 713 ultimum,
647 636 751 718 petro
770 635 807 696 et
819 618 959 718 populo
973 637 1079 694 tantae
1094 625 1295 699 temeritatis
1309 619 1445 699 facinus

142 757 334 832 metente,
357 757 550 842 utramque
564 743 707 818 rennuit.
745 741 874 836 'Quod
890 742 1069 844 flagitium
1090 746 1220 836 Sveno,
1239 739 1387 843 perinde
1401 769 1446 820 as
1511 770 1515 780 ·

141 889 328 940 commune
342 863 533 962 probrum,
546 868 583 941 in
599 889 707 940 omne
721 867 902 940 Svennum
915 891 1067 965 regnum
1088 865 1210 940 uleisei
1222 869 1353 958 statuit,
1366 891 1444 964 pu*

140 989 271 1062 lilinum
300 987 474 1065 ruborem
502 987 757 1064 eommunibns
785 990 893 1064 armis
921 987 1213 1064 submovendum
1234 993 1444 1068 existimans

140 1109 206 1186 Sed
227 1112 438 1210 nuptiarum
458 1111 636 1212 apparatu
660 1127 883 1211 praetentns,
914 1110 1064 1212 (quippe
1094 1114 1273 1188 Saxonum
1293 1127 1444 1210 satrapae

143 1233 316 1312 Conrndi¹
335 1234 456 1328 filinnr,
466 1257 584 1334 nuper
598 1233 827 1341 desponsam,
842 1233 1170 1310 uxoremdneturns
1184 1235 1284 1330 erat)
1294 1239 1445 1334 propior

139 1361 285 1458 privatae
317 1356 477 1457 eopulae,
519 1381 631 1456 qnam
653 1356 810 1455 publice
839 1355 1027 1450 vindictae,
1060 1355 1217 1430 nnlitiam
1239 1355 1444 1432 retentabat

138 1487 203 1559 rer
226 1479 321 1556 banc
343 1483 543 1558 Svenonem
564 1481 602 1554 in
627 1481 841 1580 peregrinos
859 1481 951 1570 ritus,
976 1477 1176 1554 adductum
1209 1475 1298 1555 salsa
1327 1475 1444 1577 plebis

139 1606 263 1704 opinio
284 1603 465 1701 referebat
489 1605 645 1704 ejusque
666 1627 777 1702 super
799 1600 1096 1677 consvetudinusn
1119 1607 1273 1676 novitate
1293 1599 1443 1676 consili-v
1521 1655 1526 1672 .

138 1753 198 1804 um
212 1727 417 1804 accusabat.

266 1855 336 1926 Per
358 1848 486 1926 eadem
506 1865 667 1949 tempora
688 1847 867 1941 Nicolans,
889 1847 992 1931 urbis
1007 1850 1131 1922 Rome
1147 1845 1345 1938 cardinalis,
1360 1847 1442 1918 Bri-

137 1974 315 2048 tannieum
335 1997 545 2073 permensus
568 1997 765 2064 oceanum,
803 1972 1031 2072 Norvagiam,
1052 1968 1298 2044 Lundensinm
1321 1967 1443 2042 adhue

136 2093 259 2170 ditioni
275 2111 471 2194 parentem,
495 2097 712 2188 inmunitate
737 2118 917 2182 concessa,
942 2095 1085 2166 maximi
1107 2093 1333 2192 pontificatus
1353 2094 1442 2166 titu-

136 2219 179 2294 lis
191 2221 404 2318 insignivit2.
466 2218 624 2314 Quodis
645 2219 758 2294 Svetia
778 2239 926 2316 qnoque
941 2214 1125 2316 legationis
1140 2231 1312 2314 potestate
1329 2238 1443 2314 pera·
1512 2233 1515 2240 ’

134 2367 220 2444 gere
236 2345 399 2440 cupiens,
422 2341 623 2420 Sveonibns
639 2358 675 2415 et
693 2339 821 2433 Gothis
833 2338 880 2413 de
899 2339 991 2416 urbe
1015 2355 1049 2412 et
1076 2363 1229 2438 persone
1244 2332 1339 2412 tanto
1355 2361 1443 2414 mu-

136 2463 349 2542 neriidonea
363 2463 582 2540 concordare
592 2462 872 2564 nequeuntibus,
897 2457 1080 2536 certamini
1090 2461 1200 2538 decus
1209 2463 1360 2562 negavit,
1374 2486 1442 2531 ru-

134 2587 296 2688 demque
316 2585 439 2663 adhue
465 2587 644 2687 religionis
674 2587 879 2660 barbariem
910 2581 1055 2660 surnrno
1085 2603 1272 2660 saerornm
1304 2580 1442 2658 honore

88 2770 92 2778 .
133 2709 304 2811 dignatus
317 2737 390 2786 non
402 2709 465 2787 est.
508 2714 642 2788 Verum
656 2714 817 2809 inspecto
833 2713 1001 2806 temporis
1016 2707 1153 2800 babitu,
1167 2734 1249 2782 curn
1264 2732 1330 2806 per
1353 2730 1442 2780 oce*

133 2859 245 2910 muru
263 2835 392 2908 reverti
404 2833 565 2910 hibernoe
581 2835 814 2933 navigationis
828 2847 926 2905 metu
943 2835 978 2903 in
995 2831 1160 2929 perieulis
1185 2830 1342 2920 duceret,
1360 2831 1442 2902 Da-

94 3041 103 3052 ,
132 2960 230 3032 n‘urn
247 2956 376 3032 reditui
384 2983 452 3032 suo
459 2957 751 3056 peroommodam
758 2955 959 3045 arbitratus,
974 2954 1144 3028 offensam
1154 2955 1232 3054 ejus
1247 2979 1290 3028 ex
1297 2955 1443 3026 Nerva-

132 3083 202 3182 gioe
217 3083 444 3181 promotione
460 3097 677 3157 contractam
691 3077 853 3152 beneficii
866 3076 1093 3152 delinimento
1108 3075 1235 3152 sedare
1256 3077 1442 3149 constituit

133 3203 314 3280 Eslrllltrnr
324 3205 432 3301 igitur
440 3203 613 3280 mandatis
628 3225 832 3302 aggressus,
848 3199 1044 3300 plusnovae
1053 3199 1238 3300 dignitatis,
1254 3223 1364 3297 qnam
1375 3221 1442 3270 ve·-

135 3328 215 3402 teris
234 3315 402 3420 amiserit,
426 3343 653 3426 recepturum
671 3327 851 3424 promittit,
871 3322 1102 3414 definiens,se
1117 3339 1247 3420 ereptae
1255 3321 1443 3418 Norvagite

134 3448 265 3523 daurna
283 3450 407 3524 Svetiei
422 3457 597 3550 primatus
618 3475 766 3524 munere
782 3448 1051 3546 pensaturum³.
1085 3447 1217 3544 Rapuit
1226 3445 1442 3544 promissum

133 3571 304 3664 Eskillus‚
319 3572 520 3672 cupideque
530 3574 637 3672 legati
653 3573 793 3670 copiam
803 3570 945 3669 flagitat
970 3570 1039 3662 Qui
1053 3575 1196 3642 veniens
1213 3566 1312 3666 apud
1325 3570 1442 3665 ipsum

133 3693 298 3770 luturnrn
316 3697 440 3768 Svetici
454 3695 640 3772 sacerdotii
655 3693 812 3794 insigne⁴
833 3691 1013 3788 deposuit,
1038 3689 1197 3764 dandum
1217 3694 1259 3782 ei,
1281 3693 1318 3764 in
1332 3713 1442 3787 quem

132 3841 283 3894 concors
304 3823 482 3892 Svennum
497 3817 776 3917 Gothorumque
796 3813 1008 3912 suffragium
1031 3817 1265 3889 convenisset.
1320 3811 1442 3884 statut

182 4133 351 4212 'Conradr'J
373 4136 556 4199 Marohionis
574 4135 611 4198 de
636 4135 761 4203 Vt'ittin
823 4131 958 4194 Historia
985 4133 1044 4196 rol.
1071 4129 1091 4194 Q
1117 4155 1147 4218 p.
1175 4129 1231 4194 136
1254 4149 1336 4212 aequ.
1364 4127 1442 4188 Nett-

134 4239 309 4316 (Helrnold.'
326 4239 402 4302 lih.l
419 4260 484 4327 cap.
496 4237 561 4316 84).
823 4261 913 4302 mann
930 4240 961 4300 in
975 4239 1099 4301 historia
1114 4241 1260 4322 primates
1275 4233 1442 4296 Lundensis

180 4351 391 4431 warengum
411 4391 437 4410 ..
454 4351 648 4436 pontficatns
668 4353 763 4410 titulis
823 4341 1142 4428 (Harn.1799)p.ffl
1161 4365 1242 4427 sequ.

132 4453 301 4536 assignet]
318 4453 405 4518 Cnfr.
420 4455 502 4519 nist.
515 4473 580 4536 reg.
592 4457 685 4516 Norv.
701 4454 762 4516 tol.
827 4483 831 4488 ¹

130 4559 175 4620 lll
190 4581 222 4642 p.
236 4558 308 4624 362.
866 4560 1000 4620 ‘Sentice'
1021 4559 1180 4621 sacerdotri
1199 4552 1325 4638 resigna]
1355 4551 1443 4614 lleud

181 4667 311 4729 'secreti
319 4670 466 4752 prtitores
488 4691 603 4728 munere
618 4681 761 4753 pensatu-
820 4661 910 4725 dubie
937 4661 1064 4746 pallium
1093 4659 1264 4746 episcopale
1290 4659 1443 4742 intelligit.

135 4766 215 4849 rum]
228 4770 313 4836 Cnsr.
329 4772 520 4858 Lagerbring
532 4771 564 4834 in
577 4773 653 4836 Suet
667 4769 759 4834 lliltes
820 4766 871 4850 (S)
