3524 5460
371 329 443 402 736
693 327 869 400 HISTOR.
885 329 991 400 DAN.
1007 329 1145 400 LIBER
1161 329 1253 404 xlv.

317 544 393 613 nuti
419 537 704 630 interfectoribus
727 539 910 612 remissius
940 537 1111 612 ultionem
1139 545 1280 638 exigere
1311 535 1506 630 videretur,
1537 563 1648 638 pror

318 665 534 761 scripturum
565 688 623 760 se,
655 685 749 761 quos
774 661 980 759 jussissent,
1011 664 1190 762 promisit,
1230 687 1298 735 nec
1321 661 1392 736 alio
1420 679 1525 762 pacto
1557 680 1632 762 pa-

236 779 238 783 ’
318 791 392 860 triae
416 784 657 874 redditurum,
693 787 847 884 quamsi
874 809 999 856 eorum
1026 785 1194 883 precibus
1222 801 1496 877 revocarentur,
1530 809 1631 883 quo-

317 936 398 982 rum
420 908 596 982 sententiis
619 905 721 980 exilio
743 904 859 980 adacti
881 907 1040 982 inissent.
1079 907 1240 982 ‘Sciebat
1262 909 1368 998 enim,
1392 905 1531 982 facilem
1554 904 1632 980 hu-

206 1115 208 1123 ,
318 1034 412 1105 mani
434 1031 539 1103 animi
564 1030 612 1103 ab
637 1029 721 1104 odio
739 1030 784 1103 ad
808 1030 958 1130 gratiam
973 1027 1151 1104 deflexum
1173 1033 1333 1123 existere,
1358 1055 1401 1104 ac
1416 1023 1633 1129 plerumque

318 1152 484 1230 mortales
518 1152 664 1228 affectus
705 1180 787 1226 cum
820 1158 898 1254 ipsa
926 1180 1046 1228 rerum
1072 1155 1237 1229 varietate
1262 1157 1491 1227 consentires
1537 1149 1632 1224 Nihil

317 1283 411 1356 enim
433 1286 467 1352 iu
488 1277 543 1352 his
558 1291 631 1349 tam
645 1300 814 1374 asperum
830 1279 999 1376 reperiri,
1024 1273 1127 1374 quod
1147 1289 1289 1373 tempus
1306 1293 1368 1349 aut
1392 1299 1498 1350 casus
1519 1272 1632 1346 lenire

316 1431 391 1479 non
407 1409 526 1503 possit
580 1398 722 1473 Caeteris
737 1398 897 1497 ejusdem
917 1399 1053 1500 gregis,
1079 1413 1118 1470 ut
1131 1395 1255 1471 iisdem
1271 1400 1390 1496 potius
1406 1399 1513 1474 bonis
1529 1396 1630 1470 mili·-

318 1529 411 1601 tibus
442 1540 620 1613 uteretur,
652 1547 763 1621 quam
790 1525 827 1594 in
862 1517 1262 1610 eos‘animadrerteret,
1295 1539 1462 1596 exoratus
1484 1522 1632 1622 ignorit,

317 1667 492 1746 tantoque
519 1671 558 1719 se
580 1645 658 1743 ejus
681 1646 829 1716 amicitia
854 1649 1060 1742 propiorem
1087 1641 1265 1736 exhibuit,
1294 1659 1429 1743 quanto
1455 1646 1554 1744 ipsos
1581 1642 1631 1716 ab

317 1773 412 1846 illius
428 1765 647 1868 parricidalis
663 1766 852 1842 commenti
871 1767 1086 1840 conscientia
1102 1773 1308 1842 remotiores
1330 1769 1484 1867 agnovit.

449 1895 512 1965 His
534 1894 581 1965 ita
605 1890 831 1989 compositis,
855 1906 895 1963 ut
918 1889 1019 1988 regui
1034 1890 1129 1962 initia
1146 1893 1295 1965 strenuis
1311 1891 1442 1964 militiae
1457 1887 1630 1988 operibus

320 2022 587 2116 auspicaretur,
613 2014 857 2112 patriamque,
881 2028 930 2085 tot
952 2017 1053 2088 annis
1080 2015 1228 2112 piratica
1243 2014 1432 2088 laceratam
1459 2036 1502 2084 ac
1517 2009 1633 2085 ferme

318 2140 420 2214 tertia
442 2167 485 2212 ex
509 2153 609 2236 parte
626 2132 673 2208 ad
690 2136 796 2209 situm
813 2152 848 2210 et
861 2135 1053 2225 uastitatem
1081 2161 1199 2236 usque
1213 2135 1404 2230 redactam,
1419 2137 1633 2234 injuriarum

318 2263 449 2338 ultione
463 2260 634 2352 reficeret,
659 2252 806 2356 publica
829 2256 940 2332 classe
959 2262 1113 2331 Masnet¹
1141 2257 1312 2351 insulam,
1333 2259 1469 2334 bellum
1493 2257 1632 2334 Sclnvis

318 2386 495 2478 facturus,
522 2379 669 2458 accedit.
721 2380 792 2454 Ubi
809 2377 898 2452 dum
916 2378 1097 2480 populum
1118 2385 1154 2450 in
1172 2389 1344 2458 concione
1371 2381 1633 2466 exhortaretur,
1714 2409 1727 2430 ·

319 2510 486 2600 seniores,
503 2506 640 2606 quibus
663 2505 870 2605 prorostris
895 2501 1035 2576 dicendi
1053 2527 1130 2577 mos
1155 2521 1250 2596 erat,
1275 2504 1422 2580 classem
1442 2523 1518 2582 tuto
1536 2531 1635 2606 pro-

259 2701 268 2706 .
317 2656 500 2708 cessuram
514 2629 703 2729 negabant.
758 2633 848 2702 Nam
872 2643 906 2699 et
929 2651 1016 2702 suos
1039 2628 1295 2704 commeatibus
1322 2627 1425 2704 defici
1451 2648 1487 2706 et
1507 2627 1636 2707 hostes

316 2773 541 2854 compertum
564 2761 658 2855 regis
672 2751 809 2826 habere
830 2753 1067 2848 propositum.
1125 2749 1358 2852 Aucupaudae
1374 2778 1462 2852 ergo
1482 2779 1635 2854 oppor-

318 2879 470 2954 tunitatis
490 2880 602 2978 gratia
619 2874 731 2949 dilatu
744 2899 838 2974 opus
856 2879 1013 2964 existere,
1039 2873 1159 2972 quoad
1178 2873 1303 2948 melior
1316 2875 1483 2975 gerendae
1499 2879 1551 2950 rei
1567 2877 1636 2951 ia-

318 3001 430 3075 cultas
445 2999 624 3073 incideret.
677 3001 856 3072 Caeterum
868 3023 941 3070 non
959 3021 1080 3096 parvae
1095 2999 1299 3072 temeritatis
1321 3023 1410 3092 esse,
1435 2998 1635 3075 adversum

318 3119 493 3220 providos
517 3136 551 3193 et
567 3126 799 3219 praemunitos
827 3143 1009 3194 armorum
1033 3119 1184 3218 experiri
1205 3119 1395 3194 fortunam.
1455 3125 1636 3198 Praeterea

318 3249 354 3316 in
371 3269 450 3317 eam
467 3241 617 3318 classem
633 3245 810 3318 Dacicum
826 3248 968 3342 penitus
983 3241 1095 3317 coisse
1117 3241 1248 3335 robur,
1274 3243 1375 3344 quod
1392 3247 1422 3319 si
1439 3244 1638 3344 periclitari

318 3366 549 3464 contingeret,
578 3365 739 3465 profecto
761 3365 906 3440 Sclavos
922 3365 1027 3440 unius
1043 3365 1196 3439 victoriae
1220 3366 1398 3442 beneficio
1423 3371 1536 3442 Dania
1550 3394 1636 3469 po·-

317 3494 454 3564 tituros.
514 3495 602 3562 Nam
618 3494 646 3564 si
663 3515 720 3565 res
737 3515 865 3589 parum
887 3515 929 3562 ex
945 3489 1116 3564 sententia.
1131 3487 1316 3582 cederent,
1339 3517 1460 3564 nonne
1474 3497 1638 3591 patriam

317 3615 457 3711 penitus
472 3616 508 3686 in
522 3639 648 3688 eorum
663 3614 789 3689 funere
803 3613 1019 3713 perituram?
1033 3613 1178 3684 Minime
1192 3613 1297 3713 igitur
1310 3614 1369 3686 uni
1382 3612 1506 3712 praelio
1520 3631 1637 3690 tantae

316 3735 509 3810 nobilitatis
524 3737 616 3811 vires
632 3736 840 3836 impendere
854 3735 997 3827 debere,
1011 3732 1209 3808 dummodo
1224 3735 1382 3810 victrices
1396 3761 1523 3836 parum
1539 3736 1640 3838 glo-

316 3861 397 3952 riae,
432 3861 533 3932 victae
559 3857 746 3935 dedecoris
768 3858 966 3959 plurimum
980 3867 1048 3930 sint
1065 3857 1199 3931 laturae.
1258 3861 1298 3930 In
1315 3857 1409 3934 hanc
1422 3866 1639 3936 seutentiam

316 3977 423 4056 totius
439 3982 618 4057 concionis
632 3983 801 4085 suffragia
821 3981 1075 4056 consonabant.
1137 3981 1250 4080 Cujus
1265 3980 1410 4054 arbitrio
1433 4008 1494 4058 rex
1510 4009 1639 4083 expe-

317 4099 488 4176 ditionem
501 4106 678 4178 remittere
696 4124 852 4198 coactus,
878 4108 1067 4204 proposito
1080 4125 1147 4179 suo
1168 4102 1316 4179 celerius
1331 4129 1441 4204 quam
1458 4102 1639 4204 cupidius

317 4230 457 4299 cessit&
523 4223 760 4326 Apud-quem
784 4228 953 4321 Absalon,
979 4234 1014 4300 in
1042 4252 1169 4302 navem
1197 4251 1417 4326 regressum,
1453 4225 1640 4305 desidiam

317 4347 397 4444 ejus
413 4347 580 4442 eludens,
607 4349 814 4426 facetissime
836 4352 1026 4426 cavillatus
1036 4366 1096 4424 est
1156 4353 1247 4423 Nam
1266 4375 1350 4425 cum
1372 4350 1496 4425 solutae
1512 4377 1641 4451 expe-

319 4463 456 4543 ditionis
473 4495 616 4546 causam
632 4479 866 4574 perquireret,
891 4473 1108 4573 dixissetque
1125 4497 1206 4547 rex:
1226 4496 1269 4546 ue
1277 4487 1328 4546 tot
1342 4472 1450 4548 sortes
1466 4475 1641 4574 periculo

271 4835 275 4840 -
364 4783 527 4869 ‘Masnctl
536 4788 636 4854 Insula
654 4801 701 4855 est
714 4809 813 4878 prope
832 4789 939 4856 urbem
1048 4795 1137 4856 2Ιίιε
1155 4823 1198 4842 ··-
1217 4789 1315 4871 cessit]
1335 4795 1413 4858 Haec
1437 4793 1538 4879 primo
1556 4813 1644 4864 tere

317 4893 512 4980 Orthuugam
528 4893 597 4958 situ.
999 4897 1070 4964 runi
1088 4893 1171 4964 1158
1185 4911 1360 4984 gestasset.
