3524 5460
377 280 451 353 662
711 273 888 348 HISTOR.
903 273 1010 346 DAN.
1024 273 1162 344 LtuER
1177 264 1290 350 XIV&

328 513 409 565 rum
424 489 575 581 autisteS,
601 490 664 584 qui
680 497 716 556 et
729 484 781 556 eis
798 480 956 554 cultioris
973 485 1053 555 vitae
1070 461 1222 556 somnam
1236 481 1549 586 perscdbetet¹4et
1562 459 1636 557 no-

328 635 384 687 vae
401 609 581 710 religionis
604 607 804 682 rudimenta
829 605 1060 679 contraderet.
1120 603 1188 678 Sed
1210 621 1294 702 post
1319 605 1528 680 abscessum
1544 611 1635 681 Erici

327 761 410 812 cum
426 736 576 808 antistite
589 728 695 830 pulsa
711 727 846 826 religio.
897 729 1077 826 Siquidem
1098 726 1358 822 Archoueuses,
1376 729 1517 828 abjecta
1530 729 1637 804 obsi·-

330 859 418 933 dum
434 859 586 945 caritate,
604 854 793 952 pristinum
811 865 936 923 statuae
958 849 1096 924 cultum
1120 865 1339 950 repetentes,
1365 877 1438 950 qua
1453 851 1526 925 fide
1539 853 1636 927 divi.

328 1005 416 1054 num
431 992 675 1074 susceperunt,
700 962 946 1072 prodiderunt

458 1106 543 1175 Post
564 1096 643 1170 baec
659 1099 798 1191 Ericus,
823 1097 993 1170 ordinatis
1009 1103 1044 1168 in
1061 1098 1175 1168 Daniu
1197 1096 1326 1189 rebus,
1361 1099 1460 1170 amici
1477 1104 1637 1190 curam²,

329 1225 593 1323 importunitate
625 1223 806 1313 omissam,
840 1236 987 1318 accepta
1014 1245 1136 1292 rerum
1158 1219 1408 1319 tranquillitate
1434 1225 1637 1322 resumpsit,
1747 1223 1748 1264 ³

328 1345 551 1448 jurandique
568 1347 679 1440 gratia
696 1345 775 1441 ejus
792 1343 920 1416 urbem
929 1343 1085 1436 Asloam,
1100 1346 1234 1440 Magno
1248 1341 1428 1432 devotam,
1446 1345 1566 1440 primo
1575 1345 1637 1416 di·
1747 1435 1748 1450 χ

329 1471 455 1569 ripuit,
490 1492 573 1539 mox
602 1469 674 1566 igni
696 1465 905 1542 subvertit³.
969 1466 1159 1562 interjecto
1186 1487 1299 1556 anno,
1327 1463 1485 1538 Haraldo
1509 1465 1638 1558 eidem,

330 1617 438 1692 opem
467 1595 592 1662 iterato
615 1596 794 1686 poscenti,
827 1591 1029 1662 universam
1056 1589 1181 1660 Daniae
1206 1588 1356 1660 classem
1389 1612 1458 1685 pro
1480 1586 1638 1686 supple-

329 1729 448 1787 mento
463 1713 662 1785 transmisit.
723 1710 861 1783 Collato
877 1711 985 1803 bello,
1000 1710 1134 1784 vitibus
1149 1713 1303 1809 Magnus
1326 1714 1471 1784 inferior
1492 1717 1639 1810 quitur.
1747 1753 1748 1770 ÷

263 1889 267 1899 -
331 1841 447 1930 Quem
461 1832 641 1906 Haraldus
661 1835 731 1907 vita
751 1833 824 1904 frui
840 1831 1076 1929 permissum,
1098 1833 1224 1906 oculis·
1237 1857 1280 1905 ao
1297 1834 1508 1932 genitalibus
1530 1859 1639 1908 care-

329 1986 370 2034 re
385 1961 624 2058 praecepique
641 1971 701 2028 aut
717 1953 895 2028 luminum
910 1955 1092 2054 voluptate
1108 1981 1260 2055 regnum
1279 1973 1461 2053 appeteret
1477 1975 1540 2030 aut
1562 1961 1640 2035 Vt-

330 2084 424 2156 neris
441 2105 507 2153 usu
525 2079 684 2151 ultricem
701 2083 754 2152 sui
772 2078 935 2152 sobolem
951 2063 1164 2176 procrearet.
1204 2081 1363 2152 Caecatus
1380 2081 1484 2178 igitar
1499 2095 1640 2153 castra-
1747 2095 1748 2164 J

331 2225 462 2304 tusque
478 2229 562 2276 cum
580 2203 873 2301 interrogaretur,
897 2227 1007 2300 quern
1025 2223 1068 2272 ex
1090 2205 1167 2273 suis
1190 2224 1336 2298 poenam
1357 2225 1481 2276 secum
1505 2201 1640 2276 oculo-

330 2357 412 2404 rum
428 2327 550 2403 subire
566 2325 689 2418 vellet,
714 2349 851 2422 paucos
870 2347 913 2394 ea
932 2347 971 2395 re
989 2321 1156 2394 delectari
1176 2323 1370 2421 respondit.
1430 2329 1535 2398 Tunc
1550 2331 1640 2425 qui-
1747 2333 1748 2338 ’

331 2453 415 2527 dam
440 2468 474 2524 et
493 2449 656 2522 formari
683 2445 881 2521 simillimus
907 2462 941 2520 et
967 2445 1123 2518 militiam
1147 2447 1223 2544 ejus
1246 2445 1415 2545 singulari
1437 2445 1510 2520 lide
1530 2473 1640 2521 com-

331 2576 468 2676 plexus,
493 2597 539 2645 ne
560 2597 603 2643 cx
625 2587 720 2643 tanta
742 2570 900 2643 clientela
917 2569 1074 2660 deesset,
1116 2575 1176 2666 qui
1202 2593 1286 2641 cum
1312 2567 1459 2640 domino
1485 2573 1640 2673 compati

331 2697 449 2789 vellet,
465 2694 559 2769 ultro
577 2717 615 2767 se
631 2693 809 2791 supplicio
824 2693 966 2783 obtulit,
992 2691 1171 2789 praefatus,
1197 2705 1235 2764 ut
1260 2688 1388 2764 videnti
1411 2691 1640 2786 simillimum,

330 2822 378 2894 ita
392 2816 590 2893 luminibus
612 2816 738 2889 orbato
765 2809 934 2889 loturum.
1012 2816 1082 2909 Qui
1096 2837 1208 2912 quum
1226 2813 1354 2887 virtute
1375 2817 1642 2889 venerationem
1747 2855 1748 2868 .

378 3051 599 3134 ¹Perscra'beret]
611 3048 658 3134 (L.
664 3049 870 3139 praescriberet.
876 3045 952 3134 tog.)
1011 3069 1064 3114 cus
1073 3047 1210 3113 Haraldo
1222 3045 1437 3132 prefecturam
1452 3061 1485 3112 et
1498 3061 1573 3114 octo
1588 3071 1644 3114 na·

377 3163 492 3224 'Amba'
501 3155 613 3238 aaron]
622 3155 731 3221 Refert
741 3156 858 3220 Snorro
870 3159 956 3220 star-

331 3267 532 3332 louvain!
554 3287 585 3348 p.
606 3261 679 3340 300,
697 3262 823 3326 Eriuum
842 3275 873 3325 et
894 3268 958 3328 Ha·

332 3369 631 3462 raldumfraternum
651 3367 757 3432 foedus
781 3382 887 3432 mutuo
909 3370 956 3452 ju·

332 3497 414 3542 reste
436 3477 517 3560 (ῥεῖν
528 3477 616 3561 boscio
629 3481 725 3538 suariz
740 3481 752 3538 ἰ
766 3477 957 3560 broedralag).

380 3586 522 3646 'Asinam
535 3585 649 3666 Magno
662 3583 793 3644 devotam
813 3586 878 3666 igni
892 3585 958 3645 sud·

333 3687 436 3772 vertit]
450 3691 569 3751 Asloam
583 3686 686 3772 posuit
699 3687 880 3770 Stephanius
895 3709 954 3773 pro

333 3797 424 3880 Asyla
445 3793 477 3856 in
492 3793 564 3856 edit.
586 3793 684 3878 princ.
729 3795 789 3855 Res
806 3794 955 3879 Norregi-

299 3955 301 3962 .
333 3919 382 3966 cas
396 3897 586 3986 quadriennii
606 3913 709 3962 noster
729 3901 772 3962 ita
788 3902 954 3980 contexuit,

333 4019 377 4086 ut,
401 4026 471 4070 uera
492 4003 575 4069 falsis
597 4007 701 4090 juncta
722 4025 880 4084 enarrans,
908 4007 955 4070 bi-

332 4111 457 4176 storiam
471 4112 595 4176 omnino
608 4109 786 4175 turbaverit.
840 4113 956 4178 Verum

334 4231 395 4296 est,
415 4220 540 4284 Ericum
564 4217 684 4283 modico
710 4215 819 4280 auxilio
846 4219 956 4280 Haral-

335 4321 404 4384 dum
430 4326 598 4391 sublevasse
616 4339 648 4389 et
665 4324 848 4408 Norregiam
870 4343 955 4409 mag-

333 4449 371 4490 na
388 4429 480 4492 classe
499 4433 636 4514 petiisse;
664 4452 770 4496 rerum
792 4442 846 4508 est,
867 4431 956 4494 Aslo-

334 4555 382 4595 am
395 4533 433 4595 ab
448 4534 540 4600 Erico
555 4537 806 4602 fuisseioeeusam
826 4549 856 4600 et
872 4541 957 4624 Mag·

333 4663 423 4722 num,
450 4644 558 4728 praelio
579 4645 701 4724 victum,
727 4646 834 4708 misere
861 4643 952 4708 fuisse

332 4761 513 4813 truncatum.
555 4749 614 4814 Sed
635 4751 701 4814 baec
717 4752 807 4834 longe
823 4752 883 4813 alio
905 4773 953 4814 re·

316 4855 399 4918 'rum
415 4877 493 4920 nexu
506 4857 671 4941 contigere.
688 4859 776 4920 Auno
795 4848 874 4923 1134
883 4858 952 4940 Ετί-1

1013 3175 1066 3222 ves
1102 3155 1224 3220 obtulit.
1292 3157 1384 3218 Aaou
1411 3170 1560 3241 sequente
1587 3178 1643 3222 rex

1014 3267 1140 3346 Magnus
1174 3261 1211 3324 ab
1238 3260 1374 3326 Haraldo
1399 3262 1496 3328 victus
1524 3277 1570 3327 est
1610 3277 1645 3328 et

1014 3370 1099 3453 jussu
1125 3367 1190 3452 ejus
1213 3380 1379 3431 truncatus.
1435 3371 1527 3434 Anno
1559 3367 1645 3435 1136

1015 3498 1032 3538 a
1058 3475 1226 3560 conjuratis
1258 3475 1374 3538 occisus
1403 3488 1449 3539 est
1487 3477 1648 3542 Haraldus

1015 3582 1105 3647 Gille.
1148 3579 1230 3645 1137
1253 3585 1380 3672 Magnus
1400 3586 1515 3662 Caecus,
1538 3584 1647 3669 quiin

1014 3689 1143 3752 Daniam
1160 3685 1357 3773 confugerat,
1382 3691 1508 3752 Erieum
1531 3689 1651 3754 incita-

1014 3796 1069 3876 tit,
1088 3809 1124 3858 ut
1138 3793 1358 3879 expeditionem
1373 3807 1480 3859 contra
1499 3797 1651 3882 impube-
1747 3807 1748 3886 3

1012 3921 1061 3964 res
1077 3899 1204 3963 Hareldi
1217 3901 1295 3964 filios
1309 3903 1493 3992 susciperet.¹
1515 3905 1549 3966 ln
1568 3903 1654 3966 bac-

1015 4028 1049 4071 ce
1072 4007 1193 4092 quidem
1212 4006 1404 4092 expeditione
1425 4011 1519 4073 Asloa
1539 4034 1557 4072 a
1578 4015 1655 4076 De·
1747 4071 1748 4088 ,

1017 4113 1063 4176 nis
1088 4115 1211 4176 incensa
1232 4126 1295 4191 est,
1321 4113 1374 4176 sed
1398 4115 1500 4177 omnia
1521 4117 1582 4178 alia
1610 4119 1657 4181 iis
1747 4133 1748 4200 l

1013 4219 1055 4282 ita
1089 4231 1255 4284 creuerunt
1273 4219 1442 4300 contraria,
1464 4233 1497 4283 ut
1516 4240 1552 4284 re
1575 4243 1659 4286 om·
1747 4205 1748 4288 l

1014 4327 1046 4389 ni
1063 4323 1175 4390 infecta
1191 4325 1346 4389 redierint.
1386 4329 1433 4392 Ex
1448 4327 1531 4390 bisce
1542 4343 1661 4414 patet,
1747 4407 1748 4410 Ἴ

1014 4431 1164 4496 Saxonem
1192 4431 1312 4516 quidem
1337 4455 1387 4498 res
1417 4435 1584 4498 nonnullas
1621 4439 1667 4502 in

1013 4535 1097 4600 iacto
1121 4539 1234 4622 petitas
1258 4537 1396 4604 habuisse
1419 4541 1573 4625 cognitas,
1615 4547 1668 4607 si·
1747 4589 1748 4600 ,

1014 4643 1078 4705 mul
1092 4661 1165 4705 rero
1179 4663 1256 4725 eum,
1278 4663 1384 4710 verum
1406 4665 1509 4709 earum
1528 4668 1669 4715 nexum

1012 4749 1212 4831 ignorantem,
1224 4771 1259 4813 ex
1273 4753 1418 4836 opinione
1428 4752 1558 4837 quadam
1569 4777 1670 4841 pro·

1012 4853 1106 4918 aaran
1123 4873 1171 4920 eas
1186 4858 1372 4943 conjungere
1387 4861 1528 4927 votuisse.
1747 4837 1748 4850 '
