3536 5462
362 293 437 370 924
708 295 882 368 HISTOR.
898 295 1004 368 DAN.
1018 297 1155 370 LIBER
1170 299 1261 370 xlv.

310 523 512 582 mentorum
544 507 813 604 oppugnatione
833 527 1062 602 permensus,
1103 508 1253 590 Camino
1282 504 1451 584 duntaxat
1476 507 1627 582 inaniter

310 645 490 719 attentato,
517 631 671 730 navigia,
690 635 773 726 quis
790 633 972 726 captivum
990 651 1104 726 pecus
1132 626 1288 720 veheret,
1312 629 1522 730 prendenda
1550 656 1626 706 eu·-

310 757 409 830 ravit.
461 755 548 826 Haec
571 767 644 824 tam
666 750 764 824 uber
785 750 924 848 pecoris
946 766 1228 848 opportunaque
1253 739 1514 828 commeatibus
1539 767 1626 842 erat,

309 895 349 952 ut
374 880 566 950 exercitum
588 891 751 950 nostrum
776 872 934 946 bimestri
958 870 1078 945 edulio
1107 872 1225 974 aleret
1276 879 1472 978 Legatiune
1494 873 1626 948 deinde

309 999 356 1074 ad
370 1000 564 1110 Hearicum
582 998 702 1086 missa,
726 1000 890 1095 praesenti
910 995 1040 1068 militiae
1058 995 1166 1070 finem
1182 998 1369 1098 imponere
1383 999 1489 1100 jubet
1501 1001 1532 1090 ¹,
1558 997 1624 1072 illo

309 1125 556 1215 obsidionem,
585 1146 694 1220 quam
731 1119 863 1192 irustra
904 1120 1067 1218 gesserit,
1108 1143 1221 1218 ocyus
1255 1121 1428 1204 soluturo.
1481 1121 1625 1214 Quibus

308 1252 489 1348 responsis
499 1250 664 1344 acceptis,
682 1245 921 1316 interlucentia
937 1264 1095 1340 quaeque
1118 1243 1246 1342 partim
1266 1243 1374 1334 semo,
1398 1249 1530 1341 partim
1548 1245 1624 1342 igni

307 1370 478 1461 adortus,
504 1395 572 1470 per
603 1391 781 1442 summam
812 1363 949 1437 hostilis
979 1370 1028 1440 rei
1063 1365 1336 1466 populationem
1376 1365 1624 1470 Walagostum

307 1493 451 1572 aceedit.
511 1497 593 1588 Quo
617 1495 714 1582 riso,
741 1485 1050 1586 Walagostenses,
1093 1488 1247 1563 Zulistro
1274 1489 1388 1584 duce,
1426 1501 1624 1564 extremam

234 1715 248 1722 ..
307 1619 517 1718 pontissui²
535 1630 673 1716 partem
691 1612 895 1686 convellere
908 1625 1110 1706 coeperunt,
1125 1615 1266 1711 nequis
1278 1610 1436 1688 hostium
1452 1637 1521 1710 per
1537 1637 1623 1684 eum

305 1745 531 1840 irrumperet,
548 1735 741 1810 inhibituri.
793 1736 906 1834 Cujus
922 1733 1127 1831 fragmentis
1141 1736 1249 1832 pauci
1263 1762 1307 1808 ex
1326 1737 1453 1810 nostris
1472 1733 1624 1834 perinde

202 1899 208 1908 ·
307 1891 350 1940 ao
373 1864 473 1940 scalis
499 1876 655 1950 utentes,
681 1855 1016 1932 adminiculantibus
1032 1857 1154 1951 sociis',
1179 1835 1330 1932 ascensu
1354 1856 1523 1956 obtento,
1547 1855 1624 1932 bo-

307 1991 414 2064 stium
431 1985 521 2058 urbe
536 1983 748 2056 exilientium
765 1981 961 2078 irruptione
975 1993 1154 2077 petuntur.
1185 1981 1329 2074 Quibus
1345 1979 1396 2054 ob
1405 1983 1623 2080 paucitatem

192 2187 200 2206 .
306 2085 468 2186 resistere
481 2104 760 2206 nequeuntibus,
785 2105 999 2200 Hemmingo
1021 2119 1184 2201 excepto,
1206 2129 1332 2208 omues
1351 2128 1498 2178 cessere.
1547 2101 1623 2176 ab·

305 2233 437 2310 salonis
454 2231 514 2305 hic
537 2232 693 2328 armiger
706 2245 800 2319 erat,
823 2225 964 2300 levibus
988 2230 1094 2298 armis
1117 2227 1320 2315 instructus,
1344 2226 1392 2300 ad
1416 2225 1623 2300 discrimina

305 2355 495 2434 subeunda
530 2355 819 2452 promptissimus
876 2372 1094 2447 semperque
1129 2375 1168 2424 sc
1201 2349 1371 2451 periculis
1405 2351 1624 2450 immergere

304 2482 441 2560 solitus.
490 2479 562 2571 Qui
575 2475 664 2548 dum
679 2497 718 2546 se
733 2469 887 2569 parvulo
904 2468 1006 2568 pedis
1020 2497 1189 2572 regressu
1203 2473 1415 2574 urgentibus
1431 2471 1624 2563 subtrahit,

306 2606 385 2681 talis
402 2601 532 2704 gladii,
558 2623 633 2698 quo
651 2597 786 2669 cinctus
807 2609 899 2685 erat,
924 2592 1146 2696 longitudine
1164 2595 1330 2688 offensis,
1354 2600 1505 2696 supinus
1523 2622 1622 2670 con-

304 2728 398 2804 cidit
458 2728 547 2821 Quo,
566 2721 668 2819 lapsu
694 2717 778 2818 plus
807 2718 931 2820 gloriae
965 2745 1076 2817 quam
1107 2719 1327 2794 incommodi
1359 2735 1527 2818 expertus
1557 2735 1622 2792 est.

303 2857 395 2928 Nam
412 2852 510 2944 inter
525 2844 674 2920 crebras
696 2840 854 2915 hostium
883 2840 1021 2934 hastas,
1062 2843 1196 2942 quibus
1221 2846 1393 2918 acerrime
1415 2841 1621 2942 petebatur,

303 2987 378 3048 uon
401 2989 474 3044 tam
500 2995 568 3045 suo
602 2992 711 3066 quam
740 2966 891 3040 fortunae
918 2963 1050 3064 clypeo
1077 2983 1281 3064 protectus,
1306 2981 1346 3038 ut
1363 2970 1521 3065 primum
1546 2991 1623 3063 ge-

303 3094 413 3170 nibus
442 3117 481 3165 se
509 3093 672 3190 excipere
703 3093 836 3186 potuit,
867 3086 1025 3161 districto
1056 3087 1151 3190 ferro
1175 3093 1386 3188 propiorum
1415 3088 1515 3160 tibias
1542 3112 1623 3186 ap-

304 3217 437 3320 petivit
496 3213 637 3308 Quibus
664 3211 850 3309 paulisper
883 3208 1012 3318 cedere
1032 3211 1248 3309 compulsis,
1281 3211 1446 3287 sublimis
1470 3209 1622 3301 desiliit,

303 3341 572 3436 sociorumque,
585 3334 728 3408 tandem
747 3359 790 3406 ex
809 3331 948 3430 pudore
964 3334 1204 3410 fortitudinem
1216 3323 1443 3435 capientium,
1464 3357 1623 3406 accursu

303 3463 452 3564 petitus,
478 3474 752 3560 oppugnatores
776 3455 904 3529 urbem
920 3473 1082 3555 repetere
1108 3463 1232 3559 coiigit.
1289 3463 1339 3532 Ita
1367 3457 1413 3531 ad
1434 3483 1520 3532 suos
1548 3455 1622 3526 re-

303 3608 468 3688 gressus,
494 3609 536 3657 ac
554 3599 628 3659 toto
645 3605 798 3680 corpore
820 3583 955 3682 integer
968 3581 1153 3681 rep'ertus,
1177 3581 1401 3656 admirationi
1420 3578 1623 3656 visentibus

302 3711 378 3786 fuit.
444 3712 557 3809 igitur
585 3732 661 3796 nou
684 3703 801 3780 solum
839 3701 1034 3780 fortitudini
1067 3708 1201 3804 ipsius,
1235 3705 1438 3780 sedetiam
1463 3703 1624 3776 fortunae

302 3833 484 3914 veneratio
507 3830 640 3906 tributa
662 3844 736 3903 est·
1143 3839 1145 3842 ’
1298 3921 1301 3924 ¹

406 3959 461 4028 Ea
477 3966 686 4053 tempestate
706 3952 864 4024 Romani
889 3948 1089 4026 schismatis
1111 3955 1375 4043 controversia,
1404 3947 1635 4050 astipulante‘

301 4085 445 4155 Caesare
467 4074 679 4166 arcuerim,
694 4107 698 4112 ·
710 4076 992 4172 pertinacissimo
1014 4075 1276 4146 Germanorum
1296 4097 1418 4148 errore
1442 4072 1628 4172 complu-

222 4255 225 4262 ,
300 4205 405 4280 ribus
428 4224 605 4278 annorum
619 4195 803 4272 curriculis
821 4195 923 4289 alita,
953 4199 1029 4274 reri
1050 4197 1227 4296 pontificis
1243 4196 1434 4270 Alexandri
1459 4195 1627 4298 pedibus

301 4407 447 4495 episcopo
466 4403 624 4483 urbam,
660 4401 818 4466 obsidione
843 4401 928 4465 ocius
1030 4408 1039 4442 ¹
1060 4401 1162 4482 lubet]
1183 4401 1233 4486 (L.
1244 4397 1376 4485 piabatur.
1396 4401 1473 4486 ΜΒ).

280 4515 419 4594 ¹stolata,
452 4515 483 4575 in
515 4511 677 4576 saxoniam
703 4509 928 4595 quamprimum
1028 4513 1174 4572 ²Pontis
1193 4505 1255 4586 sui]
1281 4507 1365 4572 idem
1393 4521 1439 4572 est
1464 4507 1631 4588 sortasse,

300 4619 402 4689 redire
438 4618 544 4684 soluit.
584 4617 670 4710 *Quo
703 4615 832 4681 masilia
862 4613 929 4700 regi
983 4616 1036 4702 qui
1057 4616 1135 4680 hano
1156 4615 1263 4680 urbem
1282 4635 1351 4680 cum
1372 4614 1632 4681 insuiaUsedom

300 4749 358 4815 per
397 4726 514 4809 legatos
553 4725 698 4810 cognito,
742 4719 928 4810 expeditioni
985 4721 1202 4807 conjungebat.
1232 4727 1331 4807 Supra
1349 4745 1381 4808 p.
1406 4715 1468 4785 798
1487 4721 1632 4788 etinfrs

299 4837 390 4902 finem
408 4834 565 4921 imponere
584 4829 748 4897 constituit.
984 4829 1095 4916 saepius
1116 4828 1208 4913 hujus
1227 4822 1332 4916 pontis
1352 4825 1467 4891 mentio
1486 4825 1532 4890 iit.
