3582 5466
369 265 445 344 sat
699 265 874 338 msnon
891 266 997 336 utu.
1012 229 1151 336 anna
1165 263 1255 336 xm

318 485 406 556 nus1
434 478 579 554 salutari
593 479 845 565 consueverim,
860 475 988 550 sinistri
1007 491 1111 550 tante
1129 475 1304 550 comitatis
1320 471 1533 569 interpretes
1554 467 1629 545 ali·-

319 629 395 676 enae
419 602 628 676 urbanitatis
661 597 848 672 occasione
875 597 1149 672 insimulationis
1183 595 1366 668 matemam
1391 610 1633 693 aucupantur,

317 727 460 824 ipsique
477 724 708 798 venerationis
723 716 839 792 oilicia
864 719 1083 820 negligentes
1101 723 1208 792 etiam
1223 713 1377 790 aliorum
1390 717 1487 814 justa
1502 720 1631 790 erimi-

230 933 238 954 Ι
318 861 449 920 uantur
461 845 645 944 obsequia.
688 845 769 941 Ego
782 865 869 916 vero
883 867 957 914 non
972 867 1136 942 regnum,
1154 857 1193 914 ut
1207 841 1294 931 aisti,
1317 837 1497 914 vocabulo
1515 863 1633 912 usur-

318 992 381 1066 po,
403 965 478 1058 sed,
491 979 687 1064 temperata
702 965 855 1039 nominis
868 962 1051 1063 dignitate,
1071 964 1274 1040 fastuosum
1289 961 1508 1036 salutationis
1517 961 1633 1034 decus

319 1089 436 1190 fugio,
464 1085 694 1162 invidendum
711 1085 860 1160 honoris
874 1085 1054 1186 fastigium
1070 1111 1213 1185 sperno.
1288 1089 1340 1160 lta
1368 1084 1509 1183 absque
1531 1089 1631 1158 omni

317 1212 509 1308 majestatis
534 1227 605 1284 tute
629 1205 840 1306 praejudicio
869 1188 1027 1284 barbara
1048 1213 1143 1282 circa
1165 1233 1224 1282 me
1245 1207 1394 1284 resultat
1419 1207 1634 1282 hnmanitas.

317 1337 435 1406 Meam
452 1359 537 1408 vero
553 1335 642 1406 inter
657 1331 791 1405 alienos
807 1332 1071 1406 venerationem
1085 1329 1234 1431 indigne
1253 1331 1385 1424 ferunt,
1406 1332 1471 1429 qui
1487 1345 1521 1404 et
1542 1327 1631 1402 mihi

318 1454 435 1530 luoem
458 1473 493 1530 et
520 1454 635 1530 fidum
652 1453 751 1528 lateri
766 1470 829 1530 tuo
843 1453 989 1528 militem
1005 1461 1143 1554 eripere
1156 1458 1318 1554 gestiunt.
1358 1455 1434 1528 Hos
1450 1477 1556 1552 teque
1577 1453 1634 1524 tui

319 1601 407 1652 usus
424 1604 465 1652 ac
491 1580 561 1652 mei
580 1579 705 1677 capitis
727 1577 850 1652 hostes
869 1576 1003 1676 judioo.
1050 1579 1149 1668 Esto,
1172 1577 1294 1652 vocati
1309 1601 1368 1648 me
1389 1579 1545 1676 regem²;
1568 1599 1632 1666 en,

318 1697 434 1772 filium
447 1715 548 1772 tuum
567 1705 738 1801 Magnum
753 1725 872 1798 nuper
892 1698 994 1800 apud
1016 1698 1184 1774 Gothiam
1200 1701 1289 1799 regii
1313 1697 1432 1772 cultus
1454 1713 1491 1770 et
1504 1701 1633 1772 nonai-

319 1825 373 1894 nis
399 1823 596 1920 insignibus
619 1827 771 1924 potitum
793 1825 1043 1922 comperimus.
1105 1820 1193 1896 Mihi
1211 1845 1362 1920 quoque
1386 1825 1505 1918 siper
1529 1818 1634 1918 apud

320 1940 493 2018 Sclaviam
508 1945 653 2020 lortnna
674 1948 830 2038 lavisset,
857 1963 951 2021 certe
968 1946 1062 2021 binis
1079 1969 1206 2046 regum
1221 1942 1404 2042 obsequiis
1418 1945 1475 2034 =uti
1491 1945 1631 2042 jucun-

320 2060 409 2140 dum
431 2064 563 2142 ducere
584 2067 781 2162 debueras,
806 2069 975 2170 idemque
999 2085 1081 2160 tnoe,
1102 2064 1205 2167 quod
1225 2091 1326 2157 meae,
1340 2066 1494 2140 fortunae
1508 2067 1632 2140 mote-

320 2204 479 2262 mentum
494 2197 702 2266 existimare.
758 2196 910 2292 Proprio
935 2217 1094 2291 namque
1131 2205 1234 2290 parta
1249 2192 1395 2289 negotio
1423 2205 1486 2264 tuo
1517 2213 1631 2288 mam

320 2310 523 2388 alacerrime
538 2315 781 2414 subjectarem
796 2299 948 2415 fastigio,
965 2314 1138 2414 foretque,
1151 2329 1192 2388 ut
1203 2309 1287 2384 inde
1300 2313 1527 2386 servitiorum
1542 2311 1630 2386 tru-

318 2451 416 2510 ctum
434 2436 653 2536 decerperes,
673 2437 769 2512 unde
785 2437 922 2537 alioqui
938 2436 1154 2511 damnorum
1170 2433 1320 2510 adversa
1334 2434 1521 2533 perferres.
1551 2437 1631 2508 ltn-

319 2583 393 2657 que
408 2557 493 2659 plus
515 2565 647 2635 amoris
669 2586 779 2660 quam
793 2558 865 2634 odii
894 2564 930 2630 in
953 2583 1034 2632 mea
1063 2559 1184 2634 fueras
1205 2557 1371 2632 felicitate
1393 2559 1630 2655 repositurus.

319 2681 432 2776 Adde,
452 2683 554 2782 quod
576 2709 645 2782 pro
667 2701 730 2756 tua
753 2705 796 2754 ac
813 2680 937 2780 patriae
959 2681 1200 2756 incolumitate
1214 2669 1394 2756 excubare
1417 2685 1514 2754 omni
1536 2694 1632 2752 sorte

318 2802 445 2898 laetius,
459 2806 556 2877 omni
571 2803 689 2880 studio
705 2805 903 2902 speciosius
917 2801 1012 2876 duxi.
1078 2807 1170 2902 lpse,
1188 2829 1235 2876 an
1252 2803 1437 2878 efficaciter
1449 2801 1631 2876 militave-

318 2931 403 3017 rim,
427 2929 530 3001 nosti.
574 2929 730 3018 Littora,
759 2928 869 3019 Dani,
894 2927 923 2999 si
937 2923 1068 3024 placet,
1090 2925 1274 3020 excolite³;
1296 2925 1507 3026 aequoribus
1529 2921 1630 2998 tedes

319 3047 540 3144 quantalibet
558 3050 824 3150 propinquitate
842 3051 1049 3150 jungantur.
1110 3052 1182 3148 lpsi
1198 3048 1313 3124 undas
1330 3066 1454 3124 cavete
1470 3073 1492 3120 a
1510 3049 1628 3121 mati·-

318 3169 419 3263 timis,
445 3195 514 3269 ego
528 3197 592 3246 vos
616 3169 888 3272 apraedonibus
904 3171 1084 3273 praestabo
1106 3195 1260 3248 securos.
1309 3177 1363 3264 Et,
1385 3175 1417 3246 si
1439 3173 1515 3247 veri
1531 3196 1628 3244 con-

319 3291 490 3366 fessorem
506 3319 613 3394 agere
626 3321 700 3370 non
715 3294 906 3386 erubescis,
922 3297 1001 3393 ipse
1016 3295 1245 3394 jampridem,
1263 3295 1409 3370 Slesvici
1423 3300 1628 3386 consistens,

316 3413 466 3490 salutem
480 3433 577 3490 tuam
602 3415 792 3492 adversum
814 3419 992 3491 Saxonum
1017 3421 1276 3492 excursationes
1299 3419 1446 3518 jugibus
1466 3416 1628 3492 excubiis

316 3535 449 3611 vallare
465 3563 609 3614 necesse
622 3536 789 3613 habuisti.
838 3544 893 3612 Eo
910 3541 940 3614 si
956 3566 1052 3614 nunc
1066 3540 1242 3616 divertere
1257 3541 1397 3616 libitum
1414 3557 1479 3631 est,
1492 3537 1628 3614 liberas

316 3677 415 3733 metu
435 3678 555 3735 noctes
579 3667 717 3762 exigere
739 3665 883 3760 poteris.
943 3657 1116 3738 Praeterea
1137 3667 1317 3764 angustias
1340 3665 1443 3763 regni
1460 3664 1522 3754 tui,
1547 3661 1626 3736 sola

315 3783 439 3856 Daciae
471 3787 697 3883 possessione
727 3801 928 3878 contentas,
962 3786 1132 3858 inusitatis
1161 3793 1393 3860 terminorum
1425 3787 1625 3884 augmentis

316 3903 477 4005 explicui.
530 3912 631 4002 Quos
646 3912 746 4005 prins
765 3909 922 3986 infensos
948 3908 1148 3998 habueras,
1172 3910 1327 3980 nuncin
1355 3909 1531 3983 tributum
1557 3909 1625 3981 acti

315 4044 378 4101 tuo
393 4053 460 4126 per
483 4056 542 4103 me
556 4028 772 4105 famulantur
793 4038 953 4132 imperio.
1004 4009 1138 4130 ltaque,
1155 4055 1311 4129 quarum
1327 4056 1397 4132 ego
1411 4058 1533 4106 rerum
1557 4055 1626 4107 se-

361 4214 414 4274 ¹A
428 4217 541 4277 sclavis
559 4213 704 4296 domiuus]
722 4214 856 4277 Canutus
877 4215 941 4279 for·
999 4216 1041 4276 Et
1057 4212 1184 4276 historia
1200 4217 1433 4301 Rhytlingorntn
1451 4235 1517 4302 cap.
1535 4211 1579 4279 86
1592 4228 1629 4280 et

315 4325 393 4376 tasse
418 4319 594 4382 vocabulum
611 4325 704 4383 Knees
725 4317 864 4384 adhibuit
889 4323 940 4388 vel
995 4320 1149 4384 Robertns
1165 4321 1203 4384 ab
1222 4322 1315 4406 Elgin
1330 4320 1459 4407 (Script.
1471 4342 1531 4386 rer.
1545 4325 1630 4387 Dan.

314 4421 419 4484 saltent
433 4422 470 4486 ad
484 4424 516 4486 id
536 4426 676 4511 respexit.
994 4427 1106 4495 vottv
1118 4425 1233 4513 pata)
1247 4441 1399 4493 testantur
1413 4431 1563 4492 Csnntnm
1575 4427 1627 4512 pi-

993 4525 1075 4596 r'atas
1093 4531 1214 4618 l'ugasse
1231 4545 1262 4596 et
1277 4535 1381 4598 littora
1392 4534 1531 4618 inprimis
1542 4533 1627 4596 Slat-

994 4638 1052 4702 uiei
1063 4651 1170 4703 contra
1184 4659 1236 4704 eoa
1245 4641 1414 4704 munivisse.
1429 4640 1625 4724 (Panlopost

993 4744 1052 4830 leg.
1074 4763 1184 4820 cauete,
1200 4773 1220 4810 a
1235 4751 1389 4812 maritimis
1408 4771 1462 4832 ego
1480 4771 1532 4810 uos
1541 4769 1622 4834 pro.

360 4847 498 4908 ³Littora
515 4850 608 4920 Doni,
627 4855 655 4912 st'
668 4854 782 4937 placet,
801 4851 935 4933 accolito]
992 4852 1112 4918 donibus
1125 4859 1177 4916 elc-
1197 4853 1272 4938 Mg)

359 4591 459 4660 ²Esto,
473 4599 576 4655 uocari
588 4621 630 4658 mc
647 4594 756 4680 iugem]
768 4597 889 4662 Scilicet
903 4597 933 4660 ln

302 4695 380 4758 ,aula
391 4695 584 4780 imperatoris
598 4713 629 4762 et
642 4723 658 4764 a
675 4701 851 4768 saxonibus.
