3582 5466
687 239 694 256 ’
747 283 918 360 emens.
1293 239 1296 246 ⁸
1354 283 1430 361 sos

173 493 228 566 cie
247 515 323 571 non
336 494 471 592 putruit,
494 491 609 570 eliens
632 493 757 570 mrito
775 491 916 592 placere
941 489 1071 583 volarit,
1104 493 1294 592 virtqnetn
1319 489 1478 571 serte-

172 630 269 694 tsum
283 613 406 693 colere
428 637 542 716 quem
563 613 717 694 lesionis
738 639 815 692 sue
839 613 1027 690 vindictam
1041 639 1148 716 agere
1170 615 1402 716 preoptavit,
1433 637 1480 689 ne

173 733 410 815 ohdedmum
432 736 561 820 ducem
587 737 810 838 turpitudinis
832 763 934 815 reum
969 755 1100 838 ageret.
1181 743 1318 822 Etenim
1349 741 1479 818 amoris

174 867 230 934 sut
245 861 419 958 raptrices
430 860 556 937 officiis
569 859 777 959 qumodiis
794 867 933 962 insequi
942 859 1252 960 speciosiusdurit.
1271 865 1479 960 itaqueuon

173 979 294 1057 solnm
311 985 426 1058 tuenti
438 983 608 1085 flagitium
623 983 902 1060 diuinulatione
924 985 1025 1073 terit,
1050 982 1114 1061 sed
1131 989 1234 1059 etiem
1257 982 1396 1082 absque
1412 1007 1477 1057 re-

174 1119 302 1202 spectu
323 1103 509 1204 pellicetus
535 1105 659 1180 odium
696 1105 911 1180 merentibus
949 1107 1097 1206 gratiam
1125 1127 1273 1206 erogate
1304 1104 1479 1198 sustinuit,

175 1229 401 1303 nmatione
423 1245 687 1329 contemptum,
720 1231 902 1330 obsequiis
916 1230 1081 1328 injuriam
1095 1252 1260 1328 pensans,
1283 1251 1401 1326 eoque
1415 1227 1477 1298 la·-

175 1363 238 1422 cto
258 1347 492 1428 οῑυίεείωιιω
514 1351 699 1430 muliebris
720 1357 895 1453 patientiae
919 1349 1122 1450 exemplum
1153 1351 1316 1450 prebuit.
1383 1353 1478 1443 Quin

177 1471 284 1547 etiam
296 1470 464 1572 singulari
479 1473 730 1552 moderationis
744 1473 920 1550 beneficio
937 1477 1128 1574 posteritati
1144 1475 1314 1574 insignem
1327 1476 1478 1551 norninis

174 1596 235 1670 sni
245 1600 454 1685 &morian
468 1596 738 1672 commendarit.
770 1601 886 1672 Fuere
901 1601 1006 1672 Erico
1019 1596 1101 1672 filii¹
1121 1595 1308 1688 Haraldus,
1322 1601 1478 1684 cnaeus

175 1733 213 1790 et
226 1720 369 1812 Ericasr
400 1716 465 1800 sed
480 1720 618 1818 primus
643 1720 862 1808 concubina,
887 1717 1066 1796 secundus
1087 1719 1326 1823 mauimonio,
1358 1723 1479 1797 tertius

179 1837 356 1917 adulterio
374 1857 474 1917 ortus
490 1839 660 1940 proditur.

309 1965 383 2036 Nec
410 1963 685 2048 mensvetudinis
708 1967 852 2064 spiritus
866 1971 958 2064 regis
988 1961 1180 2041 fortitudini
1205 1962 1334 2057 deluit,
1359 1967 1479 2066 quittt

174 2080 391 2160 crudelitatis
407 2085 560 2178 ebenus,
595 2093 640 2164 ita
662 2088 826 2164 socordia
851 2113 985 2162 vacuus
1007 2087 1166 2162 medium
1188 2090 1278 2164 inter
1304 2087 1478 2168 desidiam

175 2205 417 2306 ferociamque
432 2227 749 2310 temperamentum
765 2213 908 2285 renuit2.
961 2211 1132 2310 Ejusdem
1144 2235 1295 2312 quoquc
1306 2219 1478 2316 poteritne

175 2327 426 2430 bmiqnissime
441 2332 677 2434 popularibus
688 2332 795 2408 alluit
819 2336 872 2408 Ne
890 2335 983 2409 enim
995 2337 1338 2432 potentumararitia
1353 2342 1475 2436 tequi-

177 2457 259 2530 tatis
275 2453 458 2530 vinculum
473 2457 715 2546 labefactaret,
742 2453 1008 2556 petulantiaque
1025 2457 1114 2554 juris
1132 2454 1382 2533 hebetudinem
1401 2481 1475 2556 pa-

176 2590 286 2664 reret,
310 2571 505 2655 insolentiis
520 2581 676 2682 rigorem
692 2581 880 2677 opposuit,
905 2596 952 2672 et,
967 2603 1042 2678 quo
1059 2575 1141 2676 plus
1158 2603 1179 2652 a
1197 2584 1374 2677 perversis
1392 2579 1475 2659 loeo

178 2693 311 2791 distitit,
335 2696 406 2775 boc
422 2701 533 2800 magis
548 2727 613 2800 per
627 2703 814 2800 imperium
828 2701 955 2776 nocuit.
1012 2703 1165 2798 Quippe,
1179 2724 1262 2774 cunt
1277 2727 1298 2774 u
1314 2701 1476 2800 popula-

176 2824 272 2893 rium
286 2821 563 2920 oppressoribus
578 2849 707 2923 parum
723 2849 788 2923 per
806 2823 1001 2898 absentiam
1019 2829 1210 2915 timeretur,
1226 2821 1477 2900 eosdemsub-

173 2945 227 3016 lta
253 2941 443 3018 satellitum
475 2969 583 3018 manu
609 2945 821 3047 interceptos
838 2945 1032 3045 suspendio
1050 2945 1313 3022 consurrrendos
1329 2954 1479 3029 curavit.

177 3067 263 3158 Quo
275 3063 369 3140 facto
386 3065 476 3166 quid
491 3065 588 3140 aliud
610 3093 720 3168 quarn
742 3069 881 3167 injurias
897 3067 1042 3168 pondus
1062 3067 1210 3142 arboren
1225 3067 1326 3144 lance
1339 3095 1476 3168 pensuq
1545 3161 1548 3168 Ι

176 3191 250 3262 vit?
296 3185 538 3280 Quamobrem
568 3190 766 3289 majoribus
791 3189 1080 3284 lormidolosus³,
1121 3192 1318 3267 minoribus
1336 3219 1476 3292 ‚perca-

175 3337 242 3386 rus
265 3315 386 3402 erasit,
409 3335 493 3384 cum
510 3308 578 3386 hos
592 3330 739 3409 paterna
758 3313 991 3414 indulgentia,
1006 3310 1085 3388 illos
1101 3315 1198 3416 regin
1216 3317 1398 3390 severitate
1417 3324 1477 3391 in-

176 3452 393 3533 sequeretur.
413 3433 673 3536 Filiasquoque
689 3436 945 3536 compluresex
964 3437 1202 3510 concubinatu
1220 3435 1363 3532 lrabuit3
1379 3467 1475 3540 qua-

177 3581 260 3632 rum
277 3582 383 3630 unam
399 3557 566 3658 llaquiuo
589 3553 766 3651 cuidam⁴,
780 3559 983 3634 Beronianae
1008 3565 1103 3636 necis
1126 3559 1296 3634 ultionem
1307 3561 1476 3662 pollicito,

176 3681 318 3780 praemii
330 3683 473 3755 nomine
488 3694 642 3778 nuptum
657 3677 762 3754 dedit
797 3685 919 3756 Frater
933 3683 1108 3782 siquidem
1123 3685 1216 3758 Erici
1232 3687 1361 3774 Bero⁵,
1379 3686 1474 3763 Hol-

232 4020 343 4080 'Fuere
363 4020 449 4078 Erico
463 4011 538 4096 filii]
552 4018 602 4079 De
621 4015 704 4080 bisce
720 4015 798 4094 liliis,
856 4033 919 4084 tem
934 4019 1035 4086 laudat
1050 4031 1137 4083 autor
1154 4017 1289 4082 historie
1299 4019 1478 4106 llnytliogo·

175 4120 316 4186 lisreldo
346 4119 451 4197 llesia,
479 4123 597 4198 canuto
627 4121 744 4186 heard
768 4135 800 4186 et
856 4150 966 4211 rump.
983 4122 1127 4190 996398.
1369 4107 1383 4120 ”

176 4227 273 4293 Et'lco
291 4229 407 4304 Eun,
430 4227 524 4290 motta
552 4227 798 4312 insequentibus
904 4238 1061 4318 ‘Quorum
1082 4255 1168 4305 uetera
1190 4235 1326 4314 Hoqut'no
1347 4233 1477 4316 caldam]

176 4331 363 4398 afferantur.
859 4337 946 4402 ilaris
966 4338 1090 4400 historia
1112 4335 1341 4418 linytlingorum
1364 4363 1395 4424 p.
1415 4337 1472 4404 3ll

226 4435 372 4516 ΞΤειιιιιέ]
398 4435 455 4500 sd.
484 4459 530 4522 pr.
561 4436 652 4506 habet
678 4455 800 4516 terreret,
858 4442 1060 4528 ngnlrildrm
1111 4443 1260 4530 appellat,
1303 4445 1477 4530 Hequinum
1622 4432 1628 4441 .

175 4544 278 4608 miuus
293 4543 380 4608 bene.
858 4571 931 4612 sero
943 4551 1005 4614 rire
1014 4553 1166 4612 Haconrm
1180 4567 1291 4634 genere
1303 4555 1478 4638 Norr'eputn

224 4654 237 4689 ³
263 4651 427 4734 rllcjorr'dus
452 4649 679 4734 jorrsidotosus]
707 4654 799 4716 lusti·
857 4653 938 4720 lacit-

173 4758 250 4822 tiam
273 4755 355 4820 Esici
386 4777 446 4818 non
466 4757 563 4820 minus
582 4779 617 4820 ac
637 4756 800 4822 liberalita-
890 4747 1032 4826 ¹‘Furtu-
1044 4807 1064 4822 ..
1080 4760 1253 4842 EriciBero]
1265 4761 1475 4844 Mentiohujut
