3508 5460
353 302 428 376 aaa
535 269 539 276 ’
610 268 612 274 ’
691 298 867 370 rnsror.
881 296 989 368 nan.
1002 294 1143 368 ausa
1157 295 1251 367 xiv.

304 509 500 586 Slesvicutu
515 508 678 600 dimisso,
704 507 837 581 eximiis
852 508 1002 580 teraris
1023 501 1263 580 illectionibut
1282 519 1418 600 eaptus,
1442 499 1625 594 Ahalam

306 641 341 706 in
363 631 486 708 insulis
503 632 702 723 excubanti,
719 635 944 731 propositum
961 635 1085 728 aperit,
1111 651 1270 725 eumque
1284 627 1351 700 viae
1370 627 1535 700 cumdem
1551 623 1624 700 de-

305 758 428 855 poscit
462 759 564 830 Tunc
581 754 750 843 Absalon,
766 751 877 826 fidem
891 758 1042 828 Caesaris
1059 756 1300 850 astutiamque
1314 746 1536 835 damnando,
1550 745 1625 822 fal-
1727 833 1733 860 ,

190 879 196 888 '
306 879 401 952 laces
417 879 496 977 ejus
514 878 770 976 promissiones
794 873 888 948 fideli
912 900 978 974 spe
1002 872 1229 974 excipiendas
1259 871 1421 972 negabat.
1483 872 1625 962 Quine-

305 1003 391 1074 tiam
415 1001 490 1072 siue
515 999 695 1100 religionis
730 997 864 1075 violatu
887 997 1132 1072 familiaritatis
1160 997 1240 1094 ejus
1265 1017 1373 1067 usum
1394 989 1523 1066 haberi
1550 1019 1624 1068 noa
1687 1079 1692 1094 Ι

306 1148 432 1222 posse,
465 1121 567 1222 quod
590 1122 826 1196 schismaticae
848 1120 1011 1194 factionis
1035 1121 1151 1194 acritu
1173 1141 1284 1218 qnam
1306 1117 1435 1215 justior
1457 1115 1626 1197 defensor

307 1250 478 1319 existeret.
535 1247 580 1318 Se
597 1269 684 1318 vero
703 1262 780 1319 tum
797 1260 1063 1319 commeatuum
1080 1251 1237 1342 inopem,
1264 1242 1459 1314 tumetium
1474 1236 1627 1338 longin-

308 1393 392 1466 quoe
410 1369 702 1468 peregrinationis
717 1367 906 1444 laboribus
919 1370 1096 1466 imparem
1113 1361 1346 1438 memorabat.
1400 1363 1486 1453 Rex,
1501 1362 1626 1459 quoad

309 1490 378 1565 sibi
402 1507 623 1564 commeatus
643 1507 894 1590 suppeterent,
920 1491 1037 1562 cinon
1053 1486 1237 1560 defuturos
1256 1482 1450 1584 respoudit
1501 1485 1626 1560 abn-

310 1613 383 1703 lon,
397 1615 683 1712 quantiscunque
696 1613 953 1687 commeatibus
968 1608 1181 1702 abundaret,
1197 1607 1485 1707 haudquaquam
1504 1632 1544 1682 se
1562 1633 1627 1682 sa-

310 1735 424 1808 lutem
440 1737 584 1833 spiritus
605 1737 662 1811 sni
679 1735 927 1834 neglecturum
945 1731 1109 1808 affirmat.
1160 1736 1247 1826 Rex,
1265 1757 1339 1806 non
1353 1755 1395 1806 se
1407 1731 1526 1806 minus
1543 1735 1627 1804 aui-

311 1883 381 1932 mae
405 1883 482 1932 suoe
504 1856 705 1932 studiosum
722 1875 889 1949 testatus,
909 1857 959 1930 ob
981 1855 1052 1932 hoc
1067 1861 1220 1930 maxime
1237 1857 1318 1954 ejus
1337 1856 1549 1928 comiatum
1565 1851 1627 1926 af·-
1732 1887 1733 1894 ¹

310 1980 443 2054 fectare
468 1979 673 2078 respondit,
697 1997 749 2072 ut,
762 1987 790 2056 si
812 1982 943 2081 justitia
965 1994 1149 2079 posceret,
1169 2001 1236 2076 per
1252 2001 1338 2050 euna
1358 1974 1408 2050 ab
1423 1978 1626 2050 Octavianus

311 2108 422 2204 partis
438 2104 608 2177 societate
623 2101 823 2176 facesseret.
882 2100 1012 2175 Adhuc
1033 2098 1215 2186 absalone
1229 2101 1485 2201 profectionem
1504 2097 1628 2172 abnu-

312 2243 411 2317 ente,
437 2225 667 2326 publicaeque
690 2225 868 2328 religionis
898 2223 1021 2300 lrostes
1046 2223 1233 2298 adeundos
1260 2237 1431 2324 negante,
1455 2219 1628 2296 hactenm

312 2375 396 2426 eum
413 2375 435 2424 a
450 2375 489 2425 se
500 2374 579 2450 prae
593 2351 729 2424 caeteris
743 2347 892 2439 cultum,
918 2347 1161 2441 asseverabnt3
1185 2347 1292 2446 cujus
1309 2347 1341 2420 si
1356 2369 1453 2420 nunc
1470 2367 1543 2442 ope
1557 2341 1627 2416 de-
1732 2325 1733 2342 ¹

311 2475 488 2564 ficeretur,
513 2499 553 2548 se
568 2472 655 2546 nihil
669 2472 817 2547 ulterius
831 2496 933 2546 exeo
949 2469 1129 2546 commodi
1143 2486 1382 2568 speratarum.
1433 2466 1629 2540 Tuucslb-
1677 2457 1684 2470 ’
1732 2457 1733 2520 Ῡ

311 2596 424 2688 salon,
449 2595 703 2695 exprobratam
715 2596 784 2670 sibi
800 2595 849 2670 ab
865 2621 911 2669 eo
926 2599 1073 2695 ingratae
1088 2595 1214 2668 mentis
1231 2591 1351 2664 labem
1366 2587 1546 2689 judicans,
1571 2589 1627 2662 Ad
1732 2655 1733 2662 ,

313 2719 559 2811 deserendam,
583 2721 715 2816 iuquit,
741 2723 790 2792 tui
804 2720 958 2794 nominis
975 2720 1158 2792 amicitiam
1173 2713 1280 2790 nullis
1295 2717 1459 2813 corporis
1477 2717 1626 2814 pericu-
1732 2699 1733 2729 ¹

311 2842 354 2916 lis
376 2839 506 2916 adduci
528 2858 675 2940 potero;
700 2857 746 2932 at,
770 2865 856 2914 cum
875 2839 922 2913 de
937 2845 1064 2916 animae
1082 2843 1223 2943 negotio
1250 2837 1378 2936 agitur,
1402 2835 1564 2912 humano
1580 2844 1627 2911 ti-

314 2971 405 3040 mori
424 2965 585 3040 divinum
601 2963 768 3062 praeferre
788 2963 842 3037 fas
860 2981 923 3039 est
980 2969 1061 3064 Ego
1081 2988 1188 3054 vero,
1213 2959 1351 3034 tametsi
1366 2961 1629 3036 circumstantia

314 3087 448 3160 darum
473 3084 702 3186 pervideam,
734 3103 882 3180 umen,
902 3104 941 3162 ut
962 3093 1090 3161 animae
1117 3105 1187 3159 tuae
1219 3083 1482 3183 vestiginmab
1506 3109 1629 3158 errore

314 3207 550 3309 prohibeam,
577 3235 696 3283 meam
716 3210 886 3310 periculis
909 3209 1091 3308 implicare
1112 3231 1187 3280 non
1209 3223 1378 3280 metuam.
1439 3211 1543 3282 Tune
1558 3233 1630 3299 rex,

315 3349 502 3431 assumpto
522 3357 589 3425 eo,
622 3339 718 3408 viros
740 3358 874 3432 genere
890 3348 926 3406 et
947 3331 1131 3406 honestate
1152 3331 1254 3428 juxta
1274 3327 1431 3421 nobiles,
1454 3329 1590 3406 sedicet
1611 3357 1630 3404 e

315 3452 493 3526 Sialandia
517 3455 699 3530 Sunoncm
721 3473 756 3530 et
779 3455 1002 3550 Esbcruum,
1034 3481 1055 3528 e
1080 3455 1203 3528 Fiouia
1226 3453 1365 3528 Takam
1388 3469 1422 3526 et
1440 3455 1630 3554 Esgerum,

317 3579 463 3652 comites
484 3575 642 3653 adscivit
702 3581 861 3654 Burisius
886 3577 1074 3668 duntaxat,
1106 3602 1152 3650 ne
1178 3574 1269 3674 quid
1294 3578 1432 3651 interim
1452 3578 1489 3650 iu
1516 3581 1631 3676 patria

313 3716 481 3793 novaret,
507 3727 551 3775 ex
572 3709 781 3778 necessariis
806 3718 1021 3802 assumptus.
1078 3704 1151 3774 Nec
1176 3699 1342 3791 defuere,
1368 3725 1463 3800 qnos
1479 3701 1631 3774 exJutia

315 3825 543 3924 profectionis
560 3829 750 3923 participes
771 3825 918 3926 legeret
967 3823 1229 3922 attingentibus
1257 3822 1429 3897 Eidoram
1460 3824 1633 3924 principis

314 3946 558 4022 Holsatiorum
577 3944 737 4046 Adulphi
763 3955 907 4048 ignotus
930 3972 1044 4048 eques
1067 3946 1199 4022 obvius
1218 3951 1343 4038 extitit,
1368 3947 1631 4047 interrogatam-

315 4095 399 4169 quc,
421 4096 468 4144 an
491 4073 589 4168 ipsos
611 4088 868 4169 prosecuturus
889 4074 1058 4163 venisset,
1091 4069 1279 4144 dominum
1308 4095 1415 4144 suurn
1445 4067 1559 4170 hujus
1581 4070 1634 4142 rei

315 4192 530 4288 praestanda
546 4196 658 4295 gratia
673 4201 858 4269 transitum
874 4219 1000 4269 eorum
1017 4195 1053 4267 iu
1075 4196 1193 4268 vicino
1218 4191 1416 4291 praestolari
1433 4191 1635 4265 denunciat.

316 4316 432 4415 Cujus
446 4317 569 4392 ductui
583 4315 770 4392 fidendum
785 4316 987 4391 vetantibus
1011 4316 1170 4406 arbitris,
1196 4341 1270 4405 rex,
1294 4313 1445 4412 perinde
1462 4339 1506 4388 ac
1524 4318 1636 4414 inge-

316 4459 391 4510 nno
409 4435 503 4512 duce
523 4440 644 4534 fretus,
670 4445 809 4540 primus
826 4455 975 4540 pontem
993 4465 1089 4539 equo
1107 4438 1374 4539 transgreditur,
1400 4437 1635 4536 profectionis

318 4556 485 4632 aviditate
508 4579 643 4636 metum
670 4565 804 4664 pariter
828 4565 1059 4690 monitusque
1084 4578 1325 4636 contemnens.
1388 4564 1495 4636 Hunc
1516 4557 1637 4632 eoeteri

316 4680 597 4781 subsequentes,
620 4693 831 4762 sententiam
851 4713 954 4762 suam
970 4711 1081 4785 quarn
1102 4711 1223 4784 regem
1239 4685 1405 4760 deserere
1419 4681 1636 4756 maluerunt

316 4803 554 4884 Procedentcs
586 4808 776 4910 paululum
802 4807 997 4909 aldulphus
1026 4812 1181 4909 excepit,
1216 4807 1485 4909 salutatumque
1510 4828 1634 4906 regem
