3524 5460
689 273 921 348 lllCOLAUS.
1329 273 1404 350 649

142 481 244 561 itudo
259 485 385 556 mortis
399 486 713 582 generesptrttnm
736 481 919 576 redderet,
951 507 1060 582 quem
1078 509 1211 587 pugnae
1226 486 1365 558 lortiter
1379 490 1451 558 im-

140 602 300 702 pendere
317 602 525 682 dnbitasaet
575 611 711 682 Interea
728 605 973 696 Christicrnna,
990 631 1098 682 manu
1115 633 1197 684 cnm
1219 604 1369 680 Nicolao
1387 610 1449 680 in-

140 723 292 798 feliciter
306 742 477 820 comesta,
490 753 558 826 per
571 731 751 830 ingentem
767 753 915 804 enorum
931 745 1084 828 stragem
1101 722 1252 828 capitur,
1274 744 1308 804 et
1322 730 1358 802 in
1372 732 1452 806 ostii

139 847 368 924 Sloerioensn
387 851 605 951 ergastulum
618 851 828 952 relegatur&
885 843 1012 926 Ericnn
1029 877 1128 944 vero,
1150 856 1301 944 recentia
1316 876 1450 950 pugnae

139 969 540 1063 numentanam
563 998 807 1072 eorumquae
830 978 926 1046 circa
943 972 1197 1053 Christiernntn
1222 972 1449 1075 gerebantur,

138 1099 308 1195 ignarus,
332 1093 511 1192 potiendo
537 1099 640 1172 lutiae
672 1123 738 1196 ape
757 1121 857 1170 mare
875 1097 1072 1208 Jaymienm
1105 1095 1220 1170 elaeae
1247 1095 1449 1196 complevit.

139 1219 209 1292 Ubi
215 1241 314 1307 cnm,
328 1218 491 1314 expositis
505 1221 645 1294 incaute
660 1222 786 1320 copiis,
805 1235 841 1292 et
857 1217 1061 1292 christierni
1075 1215 1196 1318 sugam
1213 1233 1248 1290 et
1266 1221 1360 1320 regia
1374 1215 1447 1290 ad-

139 1342 379 1416 ventationem
395 1345 528 1416 nuncio
543 1339 734 1434 didicisset,
754 1342 838 1440 plns
853 1343 957 1416 antici
970 1340 1113 1417 fortuna
1127 1365 1321 1416 concussus
1336 1365 1447 1441 qnam

139 1467 289 1561 propria
313 1478 507 1554 recreatus,
533 1479 676 1562 recepto
701 1463 821 1554 milite,
845 1465 969 1538 reverti
996 1466 1195 1538 maturavit.
1262 1466 1317 1534 Ex
1340 1465 1447 1562 cnjus

139 1588 280 1683 agmine
299 1581 514 1680 complures,
532 1586 668 1660 tardius
685 1588 825 1685 navigia
840 1603 1050 1685 repetentes,
1074 1586 1123 1660 ab
1143 1586 1336 1660 imminenti
1353 1589 1447 1684 regia

138 1707 296 1778 exercitu
312 1703 566 1782 trucidantnr2.
624 1712 727 1784 Hune
741 1725 909 1784 eventum
930 1725 1074 1785 secutus
1093 1705 1273 1788 Haraldoa
1302 1704 1351 1781 ad
1376 1708 1445 1778 lli-

139 1827 296 1918 colanm,
313 1829 463 1907 occultis
488 1853 527 1904 se
548 1832 847 1930 promissionibus
873 1832 1085 1924 invitantem,
1100 1831 1240 1906 defecit
1289 1827 1376 1904 Plus
1391 1829 1446 1902 si-

138 1949 290 2049 quidem
303 1948 549 2051 indignationis
574 1981 617 2028 ex
633 1957 727 2029 Erici
752 1954 992 2028 dominatione
1024 1979 1136 2054 qnam
1157 1957 1219 2027 irae
1247 1977 1291 2028 ex
1316 1953 1444 2024 Canuti

136 2075 378 2148 internecione
399 2093 621 2173 conceperat,
645 2081 753 2176 eique
774 2076 889 2150 linter.
903 2077 1021 2160 fratris
1046 2097 1262 2176 oppressore
1282 2073 1446 2148 onustior

136 2215 223 2270 erat.
278 2198 371 2290 Quin
388 2203 492 2272 etiam
504 2202 668 2298 Magnus,
687 2215 725 2274 ut
746 2197 866 2274 lentum
882 2197 1017 2276 hostilia
1033 2198 1164 2272 militiae
1177 2200 1445 2291 incrementum,
1533 2211 1537 2220 '

135 2324 186 2398 ita
203 2321 339 2394 tristem
356 2344 433 2394 sum
451 2317 631 2398 delectum
647 2321 837 2418 aspiciens,
871 2323 1018 2396 fraterni
1034 2318 1223 2402 commilitii
1238 2319 1443 2397 societatem

135 2443 351 2519 labefactare
366 2441 530 2516 tentabat.
581 2443 778 2518 Haraldum
792 2446 923 2542 itaque,
946 2469 1055 2542 quem
1078 2444 1171 2516 Erici
1195 2457 1313 2540 partes
1329 2437 1443 2512 dubia

133 2567 209 2642 fide
230 2581 394 2642 secutum
422 2581 591 2657 noverat,
624 2569 806 2663 premaris
833 2565 1011 2666 dignitatis
1033 2567 1254 2640 incrementis
1278 2559 1442 2662 urgebat.

133 2685 463 2781 Nametllataldus,
474 2712 696 2788 quamquam
708 2690 796 2764 nam
804 2687 980 2790 obsequio
995 2703 1140 2789 tegeret,
1154 2686 1348 2762 incitatione
1357 2681 1442 2758 odio

179 2948 400 3012 wineramus
424 2989 449 3008 ..
477 2950 508 3008 r'u
524 2950 704 3030 ergastulum
718 2971 763 3010 ne·
864 2951 934 3014 ²Ab
960 2951 1120 3012 annuente·
1141 2949 1268 3010 orer-ertu
1292 2940 1442 3005 trucidan-

131 3050 265 3138 legntur]
280 3049 441 3117 consentit
454 3072 523 3116 eum
533 3055 647 3116 Nortro
659 3053 760 3116 Saeuo
819 3051 883 3132 tur]
903 3054 979 3116 ilaec
1001 3073 1103 3138 pugna
1126 3052 1220 3115 Erico
1240 3046 1372 3112 infausta
1394 3065 1442 3106 ea·

129 3158 271 3244 Aggonis
300 3158 366 3220 haec
395 3156 545 3218 scribens:
581 3161 709 3220 Prrinum
731 3163 761 3220 in
819 3154 1441 3242 demfnisserideturatqneca‚quamSte-

129 3268 299 3348 llyuebr'erg
322 3263 471 3347 (Rdrrberg
498 3265 530 3324 in
559 3265 639 3327 Jntia
661 3266 692 3327 in
713 3264 758 3325 di·
818 3287 859 3328 no
878 3266 1014 3350 aggonis
1036 3264 1074 3326 ad
1095 3276 1221 3350 pontem
1241 3257 1441 3338 Othcnshylle

130 3372 232 3434 oecmi
256 3367 401 3454 Ripensl,
426 3367 584 3452 toparchia
613 3369 759 3455 Ginding)
818 3369 925 3452 (hodie
952 3373 1059 3434 Ousrld
1070 3375 1143 3441 Bro,
1173 3369 1205 3429 in
1231 3377 1332 3428 tractu
1350 3362 1441 3426 Jntiae

127 3477 234 3564 proelro
254 3475 467 3538 decernentibus
488 3478 547 3536 r'llrkr
567 3467 705 3552 (Nicolao
728 3485 759 3536 ct
816 3466 1442 3560 Onsilddicto,oppidoHobroacric'utnm)

129 3579 254 3662 Erico),
272 3585 416 3644 Nicolnus
442 3583 584 3650 obtinuit,
619 3603 758 3662 ovumque
816 3582 951 3648 habitam
965 3581 1056 3646 initae
1069 3579 1184 3645 scribit.
1225 3581 1337 3640 Narrat
1350 3585 1441 3636 autor

129 3711 229 3748 meran
249 3689 455 3752 Clrr'str'sruum
471 3691 645 3773 caparitensi,
657 3689 757 3769 serre·
815 3689 951 3752 historia
967 3688 1211 3771 Rnytlingorm,
1218 3682 1342 3748 Ericum
1360 3697 1440 3742 anno

128 3798 214 3875 isque
224 3797 349 3854 umerum
368 3795 549 3879 compedibus
566 3795 608 3856 ad
629 3811 756 3856 cestrum
815 3793 889 3856 belli
900 3793 1033 3856 secundo
1047 3813 1147 3878 pugna
1163 3792 1194 3854 in
1213 3809 1321 3870 campo
1334 3783 1440 3848 tettin-

126 3899 278 3981 quoddam
302 3923 397 3985 prope
429 3901 584 3964 Slesnicum
621 3902 758 3962 custodite
815 3899 899 3984 genai
927 3898 1030 3962 habita
1059 3895 1151 3960 luisse
1177 3893 1333 3978 fugatum,
1367 3909 1441 3973 pm·

124 4007 355 4090 mancipandum
385 4005 536 4085 detegant.
598 4007 672 4067 Jure
701 4025 757 4068 suo
816 4025 930 4069 vocans
956 4003 1330 4083 adannalesDanorums
1354 3993 1440 4060 etin

123 4111 234 4174 Steno
256 4109 392 4194 aggonis
414 4108 508 4171 hoece
532 4111 671 4192 praelium
694 4111 757 4194 pri·
815 4110 973 4174 annalibus
985 4109 1106 4198 quidem
1121 4099 1441 4172 Euromentibusidem

123 4236 225 4294 mum,
236 4227 382 4280 terrestre
395 4215 521 4294 scilicet,
530 4219 756 4301 romrepotuit,
816 4218 943 4300 legimus
978 4215 1016 4278 ad
1043 4235 1155 4280 annum
1182 4209 1271 4276 1132.
1330 4213 1439 4295 Pugna

121 4319 468 4405 quodiaterNieolanm
481 4333 513 4384 et
522 4321 647 4384 Erienm
661 4319 756 4384 suerit
815 4321 911 4404 igitur
935 4333 988 4384 aut
1010 4343 1027 4384 a
1046 4323 1164 4384 Saxone
1186 4318 1295 4382 emim
1313 4329 1358 4382 est
1387 4327 1440 4380 sut

119 4439 311 4512 pugnatum.
367 4431 443 4490 Nam
458 4449 538 4490 anno
553 4422 705 4511 superiori
723 4428 756 4492 in
814 4427 854 4490 ad
866 4427 1054 4511 obidionem
1063 4425 1280 4490 Slestieentem
1296 4423 1439 4509 pertinet.

118 4531 213 4598 Jntia
230 4531 340 4596 Ericns
363 4553 427 4598 non
460 4535 541 4616 justo
566 4533 675 4618 prelio
701 4532 756 4598 sed
816 4531 1048 4600 Observandum
1058 4551 1130 4596 sero
1145 4543 1202 4611 est,
1215 4531 1439 4596 annalesEtro·

118 4635 253 4704 iacnt-su
268 4638 402 4704 hmtinm
417 4639 576 4726 inopinato
590 4637 690 4704 inerat
706 4637 754 4702 fu·
814 4659 932 4703 menses
948 4639 1073 4724 (script.
1094 4657 1153 4702 rcr.
1177 4641 1257 4706 Dan.
1283 4639 1378 4704 roll
1407 4659 1438 4722 p.

117 4753 226 4828 gaw-
814 4738 893 4826 240)
907 4745 940 4808 in
950 4745 1077 4810 historia
1094 4745 1278 4844 hujusObelli
1295 4763 1436 4808 enarran-

813 4851 997 4937 dagratiter
1017 4850 1205 4916 hallucinari.
1240 4912 1244 4920 .
