3536 5462
601 291 932 368 wasonuanus
951 292 976 364 r.
1115 290 1121 302 ·
1316 250 1389 370 ssa

127 494 275 602 aggredi
295 521 369 572 non
384 493 546 590 auderet,
571 500 663 576 inter
680 514 814 574 metum
841 495 1095 598 pudoremque
1110 491 1238 586 defixa,
1262 496 1444 574 sociorum

127 620 405 724 praestolabatur
419 619 625 699 adventum.
675 624 771 696 lnter
786 643 898 721 mam
915 635 951 697 et
965 618 1124 718 reliquas
1138 622 1249 694 nostri
1267 621 1444 698 exereitus

128 748 253 846 copias
277 741 501 844 palustribus
523 746 629 845 aquis
650 743 792 822 medius
808 743 956 832 fluebat,
980 768 1054 818 uno
1072 757 1211 816 mutum
1225 738 1320 814 vado
1337 767 1443 818 mea-

128 865 230 962 bilis,
255 869 365 943 rivus.
413 868 531 960 Quem
554 865 727 958 Ahsmon,
754 881 942 942 cunctante
962 863 1159 964 primipilo,
1186 863 1325 964 primus
1346 889 1444 966 equo

127 1009 389 1094 transgressus,
429 990 664 1088 sequentihus
693 987 909 1088 superandae
945 985 1162 1062 difficultatis
1186 987 1444 1094 compendium

128 1112 429 1214 praemonstravit.
480 1111 594 1210 Cujus
624 1117 673 1186 rei
703 1117 815 1213 ignari
842 1109 964 1184 hostes
988 1111 1147 1185 securius
1165 1135 1277 1209 quam
1304 1115 1444 1188 cautius

131 1233 427 1336 opperiebantur,
451 1235 670 1308 Danicorurn
687 1236 851 1333 equitum
868 1231 1060 1308 adventurn
1076 1232 1158 1306 editi
1182 1233 1310 1308 montis
1332 1234 1444 1310 inter-

125 1359 223 1458 jectu
240 1356 387 1432 celante.
435 1361 547 1458 lgitur
565 1359 630 1456 qui
647 1358 786 1456 priusa
805 1357 933 1432 nostris
951 1353 1081 1432 divulsi
1099 1356 1252 1448 fuerant,
1276 1383 1350 1432 non
1371 1383 1443 1434 ex-

34 1529 41 1536 ·
129 1497 273 1580 pectato
296 1484 480 1576 sociorum
502 1477 647 1570 auxilio,
661 1476 764 1579 quod
788 1477 854 1552 sibi
878 1496 952 1552 mm
975 1481 1225 1580 propinquum
1241 1480 1466 1580 cernebant,x

128 1603 235 1680 avide
256 1605 291 1678 in
313 1602 457 1678 hostem
481 1619 719 1702 procurrunt,
755 1627 803 1676 ne
827 1599 968 1676 bellum
993 1607 1146 1703 proprio
1170 1617 1268 1678 metu
1292 1601 1444 1680 dilatum

127 1726 244 1800 aliena
258 1729 388 1802 virtute
404 1738 569 1823 expetere
585 1722 800 1798 viderentur.
824 1726 1005 1818 Quorum
1021 1723 1139 1798 Sclavi
1154 1733 1334 1826 paucitate
1349 1751 1444 1803 con-

128 1865 277 1947 tempta,
291 1863 483 1946 postquam
500 1847 675 1946 majorem
691 1845 761 1920 bac
782 1851 908 1939 aciem,
930 1843 1182 1924 humilioribus
1199 1845 1289 1924 locis
1305 1847 1445 1944 relictis,

129 1972 259 2044 montis
270 1971 362 2070 juga
375 1993 548 2070 superare
562 1969 800 2068 conspiciunt,
825 1984 926 2070 terga
942 1986 1128 2060 vertentes,
1151 1971 1266 2064 abiis,
1286 1997 1444 2070 quorum

131 2094 224 2168 vires
245 2115 391 2168 summa
414 2096 522 2168 animi
544 2090 702 2191 dictique
724 2091 923 2188 petulantia
944 2091 1214 2188 lacessiverant,
1246 2092 1349 2167 nullo
1370 2119 1444 2170 ne-

127 2217 228 2316 gotio
243 2214 452 2304 funduntur.
478 2219 633 2310 Tantum
649 2237 793 2312 semper
814 2213 963 2288 ludibrii
977 2211 1172 2288 insolentiae
1187 2216 1303 2290 eritas
1317 2215 1446 2290 afferre

128 2339 324 2414 consuevit
375 2341 478 2412 Tune
504 2335 654 2438 quidam
678 2361 721 2410 ex
742 2342 884 2430 nostris,
909 2361 1004 2435 quos
1027 2361 1070 2412 ex
1093 2336 1312 2438 fugientibus
1326 2363 1444 2412 occu·
1488 2374 1492 2397 ·

129 2459 276 2562 pahant,
301 2460 401 2538 nuda
424 2460 609 2536 hastarum
626 2476 728 2560 parte
745 2463 848 2558 equis
866 2457 1057 2534 detrudere
1077 2461 1242 2551 contenti,
1267 2458 1318 2533 ob
1336 2486 1444 2535 com-

129 2609 275 2658 rnuncm
296 2582 506 2684 religionem
529 2582 627 2657 serro
648 2599 874 2682 prosternere
897 2585 993 2682 passi
1013 2607 1086 2655 non
1108 2597 1202 2674 sunt,
1227 2607 1273 2656 ne
1291 2607 1444 2683 perem-

126 2723 272 2804 ptorum
283 2705 401 2782 caedes
411 2705 858 2806 pluspercnssorisanimae
873 2723 1028 2796 noceret,
1046 2729 1158 2806 quam
1174 2704 1302 2807 gloriae
1320 2705 1443 2807 prod-

126 2843 229 2902 esset.
283 2831 401 2923 Quam
426 2830 594 2928 injuriam
619 2827 784 2902 beneficii
810 2828 895 2903 loco
923 2853 944 2901 a
968 2829 1083 2927 passis
1107 2843 1294 2927 acceptam
1317 2829 1444 2904 credi-

129 2949 255 3026 derim.
307 2955 442 3052 ingenti
472 2950 604 3027 deinde
628 2949 754 3052 praeda
769 2959 859 3046 acta,
883 2968 956 3026 tam
975 2949 1037 3023 diu
1057 2955 1093 3022 in
1108 2949 1225 3034 littore
1244 2968 1444 3051 perstatum

126 3089 193 3164 est,
220 3073 345 3174 quoad
358 3077 604 3176 Rugiauorum
620 3079 772 3176 navigia,
799 3099 882 3174 quae
900 3073 1106 3147 Rrammesii
1122 3071 1354 3168 violaverant,
1378 3101 1444 3150 re-

126 3195 332 3272 ficerentur.

261 3323 396 3394 Interea
404 3321 556 3394 ilenrico
573 3316 667 3397 duce
683 3319 784 3418 apud
800 3323 956 3394 Bavares
974 3319 1138 3416 agente¹‚
1155 3316 1312 3392 universi
1327 3320 1446 3392 Saxo-

122 3467 216 3516 num
245 3458 396 3541 satrapae
420 3441 569 3540 gerendi
592 3463 674 3516 cum
692 3444 804 3516 Danis
830 3440 916 3515 belli
936 3439 1152 3541 cupiditate,
1178 3439 1280 3541 quod
1297 3442 1446 3515 minimo

122 3561 395 3636 conficiendum
420 3569 566 3664 negotio
592 3563 870 3654 arbitrabantur,
894 3566 1069 3664 insignem
1094 3563 1231 3638 viribus
1255 3563 1447 3638 exercitum

122 3683 441 3785 amplificabant&
496 3689 567 3780 Qui
596 3688 631 3759 in
662 3688 800 3780 itinere,
829 3685 995 3786 profugis
1026 3685 1317 3778 occurrentibus,
1343 3687 1446 3761 acci-

119 3809 244 3908 piunt,
268 3809 393 3883 Danos
416 3835 489 3884 non
514 3809 645 3884 rustica
669 3824 728 3881 aut
746 3809 898 3910 ignobili
916 3826 1114 3901 armatura,
1139 3807 1204 3883 sed
1232 3833 1386 3908 operoso
1402 3833 1446 3882 ac

119 3929 270 4003 militari
289 3932 520 4008 instrumento
544 3931 644 4006 bella
672 3958 797 4034 gerere
823 3932 950 4024 solere,
975 3947 1154 4032 tantaeque
1175 3931 1211 4002 in
1226 3931 1446 4006 Christianos

118 4053 324 4128 clementiae
343 4079 433 4146 esse,
456 4071 496 4128 ut
522 4055 698 4156 fugientes
721 4054 885 4156 colaphis
909 4081 1024 4156 quum
1049 4057 1156 4128 armis
1179 4056 1345 4129 insectari
1360 4077 1446 4126 ma-

116 4178 270 4254 luerint.
322 4181 413 4252 Nam
430 4184 543 4254 aciem
560 4203 676 4268 suam,
695 4203 812 4278 quum
828 4177 942 4252 abeis
959 4179 1041 4277 capi
1057 4179 1293 4278 intercipique
1311 4193 1447 4276 posset,

117 4301 245 4400 equis,
267 4325 342 4376 non
357 4302 485 4401 spiritu
500 4299 710 4402 spoliatam3
734 4318 916 4376 auctorem
942 4327 1031 4376 vero
1052 4303 1206 4377 victoriae
1226 4298 1346 4375 solum
1362 4299 1446 4372 Sia-

174 4527 189 4560 ¹
206 4526 337 4586 Hearieo
352 4523 480 4587 duee...
493 4529 626 4590 Bavares
643 4523 763 4611 agente]
818 4520 911 4586 fuisse
932 4522 1069 4604 videtur3
1097 4546 1127 4588 v.
1159 4521 1267 4608 Origg.
1291 4519 1392 4588 Guell'.
1411 4525 1448 4586 Τ.

118 4629 286 4696 Henricm
323 4648 395 4692 vere
424 4630 495 4694 anni
521 4629 602 4698 1171
631 4632 764 4698 comitiis
819 4632 868 4692 111.
884 4651 916 4714 p.
938 4626 989 4693 73.
1006 4626 1078 4693 513.
1098 4626 1170 4693 517.

118 4735 291 4824 Hesper-gi
314 4736 348 4798 in
374 4737 504 4802 Bovario
531 4737 643 4804 habitis
669 4740 763 4803 inter·
865 4735 1136 4823 2Αιιφὶίβιιιόιιιιε]
1155 4741 1199 4803 lta
1216 4736 1262 4803 ed.
1276 4757 1324 4822 pr.
1340 4731 1448 4820 Steph.

436 4867 440 4877 “
820 4845 1019 4930 applicabant.
