3524 5460
371 281 444 353 636
685 280 860 350 ttls'roa.
877 279 983 350 DAN.
999 279 1136 348 LIBER
1154 278 1242 348 xltt
1266 283 1270 310 ¹

319 489 550 590 popularium
571 485 748 586 suffragiis
773 486 1049 584 pessumdant.
1132 485 1376 578 Quamobrem
1398 483 1532 558 debere
1557 509 1636 582 pa-

277 597 279 618 ’
320 631 410 687 trem
432 613 666 687 successionis
685 611 745 707 jus
760 615 910 718 proprio
924 615 1172 709 potiusquam
1186 609 1302 682 alieno
1333 606 1505 681 mandare
1524 606 1634 704 judi·-

317 738 393 828 cio,
425 733 711 828 destinatamque
733 729 869 804 haeredi
883 731 1007 806 locum
1023 731 1154 806 aemulo
1180 730 1425 823 vacuefacere,
1457 729 1544 804 dum
1563 729 1635 804 lilii

318 855 430 930 rebus
448 853 652 927 consultum
669 879 745 928 esse
761 855 853 927 velit.
888 859 1013 953 ltaque
1030 881 1158 954 sapere
1172 879 1271 944 eum,
1285 856 1315 928 si
1330 869 1533 952 suspectam
1548 855 1632 924 Ca-

319 984 394 1054 nuti
411 977 588 1050 fortunam
603 975 698 1050 ferro
719 1001 943 1074 praecurrere
967 977 1119 1050 studeat.
1158 982 1222 1050 llae
1240 1001 1347 1051 voces
1361 982 1492 1080 saepius
1504 975 1601 1048 laces

317 1106 371 1174 siti
388 1102 481 1198 regis
495 1099 664 1189 animum,
684 1097 966 1174 solicitudinibus
981 1100 1211 1198 implicatum,
1227 1103 1393 1202 graviori,
1410 1123 1519 1198 quarn
1534 1114 1632 1184 ante,

317 1223 518 1321 suspicione
531 1235 719 1294 torserunt.

447 1350 551 1420 Tunc
566 1348 738 1444 Magnus,
756 1343 905 1442 perinde
919 1371 964 1418 ac
990 1345 1144 1421 lortunae
1160 1371 1235 1420 suaa
1255 1345 1466 1418 consulendi
1490 1343 1630 1418 tollen-

316 1472 428 1568 dique
454 1468 574 1542 aemuli
598 1495 619 1540 a
645 1484 748 1565 patre
770 1467 944 1540 beandam
960 1485 1103 1559 nactus,
1136 1471 1278 1558 accitos,
1303 1470 1366 1567 qui
1394 1491 1435 1544 ae
1458 1470 1629 1566 superius

316 1597 469 1666 Henrico
493 1591 722 1666 scelestissimi
753 1590 886 1664 consilii
907 1589 1058 1689 collegio
1083 1592 1321 1684 sociaverant,
1354 1594 1475 1689 jurare
1499 1595 1629 1688 coegit,

317 1690 430 1790 lidum
446 1739 485 1788 se
498 1716 678 1790 commissi
693 1713 871 1786 silentium
894 1730 1048 1786 acturos.
1107 1711 1275 1812 adjectus
1293 1731 1344 1788 est
1360 1712 1627 1812 biallaquiuus,

315 1840 529 1937 cognomine
544 1855 577 1911 st
592 1839 852 1938 generalatus.
910 1838 1037 1932 Neque
1059 1840 1139 1910 voci
1155 1839 1233 1936 ejus
1250 1836 1325 1910 ulla
1351 1861 1394 1910 ex
1411 1853 1511 1936 parte
1526 1833 1627 1910 diffi-

316 1987 397 2035 sum
410 1977 474 2050 est,
490 1985 699 2058 quanquam
715 1959 840 2030 Canuti
856 1963 1036 2031 sororcm¹
1055 1961 1091 2030 in
1105 1962 1329 2050 matrimonio
1343 1960 1478 2034 habere
1490 1983 1626 2034 nosce·-

315 2101 423 2158 retur.
476 2087 588 2182 Igitur
611 2081 802 2178 conjurati,
824 2078 888 2153 diu
914 2105 1035 2156 seeum
1061 2087 1235 2182 taciteque
1259 2083 1463 2173 lustrantes,
1489 2081 1627 2180 quibus

314 2204 556 2306 periculorum
571 2202 737 2302 procellis
762 2227 885 2301 quove
901 2205 992 2276 exitii
1006 2204 1167 2302 pondere
1188 2205 1349 2280 divinum
1373 2209 1497 2280 Canuti
1515 2221 1626 2301 caput

313 2329 527 2420 obruerent,
552 2325 708 2425 pestiferi
732 2326 867 2401 consilii
887 2325 1038 2426 laqueos
1064 2328 1163 2402 humi
1188 2326 1401 2404 decubando
1423 2327 1626 2415 nectebant,

314 2471 365 2544 ut,
379 2457 408 2528 si
423 2477 498 2525 rem
516 2475 599 2524 casu
618 2449 733 2548 detegi
750 2453 964 2551 contigisset,
989 2429 1176 2550 nunquam
1193 2452 1317 2526 stando
1334 2449 1541 2529 sedmdove
1555 2473 1622 2522 sa·

312 2575 377 2650 luti
393 2579 504 2674 ipsias
520 2572 699 2650 insidiatos
714 2597 754 2644 se
771 2596 861 2664 esse,
874 2589 949 2646 tuto
964 2576 1085 2671 jurare
1098 2578 1249 2673 quirent,
1265 2575 1508 2674 presidioque
1532 2574 1621 2646 situs

313 2699 519 2788 innocentia²
538 2696 607 2772 sibi
624 2695 880 2768 munimentum
895 2697 1163 2789 consciscerent,
1187 2699 1401 2796 ignorantes,
1427 2697 1622 2772 verborum
1660 2733 1677 2754 ..

310 2822 457 2893 artifieio
480 2822 721 2918 juramentum
747 2816 911 2892 edentem
945 2819 1102 2916 periurio
1133 2820 1330 2895 obnoxium
1362 2822 1452 2894 fore.
1511 2823 1621 2912 Quo-

311 2969 392 3016 rum
419 2942 541 3016 sucosa
566 2957 674 3040 atque
698 2938 903 3012 errabunda
929 2939 1134 3039 simplicitas
1159 2943 1241 3042 plus
1281 2944 1435 3016 criminis
1464 2944 1499 3014 in
1523 2944 1621 3017 vocis

312 3093 424 3166 quam
437 3084 537 3140 actus
558 3064 735 3162 impietate
751 3064 923 3159 reposuit,
944 3089 1015 3136 non
1033 3067 1069 3137 in
1088 3091 1269 3159 manuum,
1285 3067 1350 3141 sed
1366 3066 1542 3139 labiorum
1558 3081 1620 3137 te-

310 3193 470 3264 meritate
494 3189 674 3286 religionis
689 3182 916 3259 violationem
936 3193 1160 3262 constituens
1231 3193 1324 3262 Cum
1338 3205 1458 3262 autem
1472 3189 1618 3286 llaqui-

309 3338 378 3386 nus
393 3317 497 3387 Jutus
515 3311 621 3407 coepti
635 3304 796 3380 modeste
812 3311 986 3382 sermonis
1003 3314 1144 3402 cutum,
1170 3315 1295 3386 Canuti
1311 3318 1381 3384 ne²
1407 3310 1512 3385 saluti
1528 3313 1621 3382 insi-

309 3437 452 3511 diosum
476 3435 690 3522 adverteret,
721 3435 885 3527 protinus
910 3431 1057 3530 cellcgio
1083 3460 1121 3506 sc
1147 3434 1323 3533 pestilerae
1348 3433 1620 3532 conspirationis

308 3558 462 3658 abrupit,
488 3554 730 3651 conclaveque
744 3555 899 3644 excessit,
924 3581 970 3627 ne
989 3554 1134 3630 latronis
1155 3559 1272 3655 potius
1295 3581 1406 3657 quam
1433 3562 1618 3630 necessarii

306 3698 428 3781 partes
446 3688 560 3783 egisse
574 3675 763 3751 videretur.
822 3678 933 3775 Igitur
953 3703 974 3750 a
998 3682 1248 3778 conjurationis
1260 3695 1418 3770 auctore,
1440 3703 1487 3750 ne
1502 3681 1618 3777 juris-

304 3804 449 3904 jurandi
466 3800 650 3879 vinculum
675 3817 934 3898 perrumperet,
951 3805 1123 3895 monitus,
1145 3828 1264 3901 neque
1288 3804 1463 3876 fautorem
1482 3797 1618 3874 consilii

305 3952 424 4026 neque
441 3925 663 4026 proditorem
682 3949 721 3997 se
746 3923 916 4016 futurum,
937 3925 1141 4025 respondit;
1167 3951 1375 4026 quanquam
1396 3929 1505 3998 satius
1524 3941 1620 3996 esset

306 4049 520 4124 immerentis
539 4045 741 4147 periculum
757 4047 885 4119 indicio
911 4074 1133 4146 praecurrere
1158 4074 1269 4150 quam
1290 4047 1428 4124 silentio
1445 4047 1618 4157 ,tolerare

304 4173 350 4242 Ut
381 4188 499 4244 autem
532 4174 688 4270 Magnus
711 4167 917 4242 insidiarum
946 4189 1151 4246 contextum
1178 4171 1417 4246 familiaritatis
1447 4167 1619 4270 praesidio

304 4289 517 4368 obscuraret
543 4309 782 4390 cunctamque
794 4293 1006 4390 suspicionis
1023 4314 1145 4370 notam
1162 4293 1355 4370 calliditatis
1373 4299 1538 4370 acumine
1555 4297 1618 4368 vi-

304 4428 405 4504 taret,
427 4432 506 4492 ante
520 4417 638 4488 omnia
653 4413 856 4490 consultum
874 4415 982 4510 duxit,
1008 4435 1048 4492 ut
1063 4445 1144 4492 curn
1163 4445 1225 4508 eo,
1250 4419 1357 4516 cujus
1373 4417 1622 4492 ardentissime

303 4559 469 4610 cruorem
483 4537 640 4630 sitiebat,
664 4538 783 4614 &tam
800 4541 958 4616 amicitiae
980 4541 1217 4641 equalitatem
1239 4539 1471 4640 jurisjurandi
1494 4545 1622 4638 pacti-

322 4757 329 4782 “
347 4761 357 4795 ¹
372 4759 485 4822 Cariati
496 4753 637 4836 summm]
652 4755 864 4841 Ragnbildam.
986 4763 1059 4842 Lag.
1077 4764 1186 4822 exitam
1200 4761 1313 4825 Conari
1323 4761 1369 4839 (v.
1385 4759 1557 4836 Canariae)
1571 4784 1625 4824 ru-

346 4867 494 4930 2Εαιιιιιὶ
509 4863 560 4947 ae]
587 4862 645 4930 Ed.
668 4885 715 4947 pt·
739 4867 852 4930 Canuti
875 4889 928 4928 aa.
986 4871 1044 4932 luti
1062 4882 1116 4930 etc.
1139 4863 1228 4950 (big).
