<?xml version="1.0" encoding="UTF-8"?>
<!DOCTYPE html PUBLIC "-//W3C//DTD XHTML 1.0 Transitional//EN"
    "http://www.w3.org/TR/xhtml1/DTD/xhtml1-transitional.dtd">
<html xmlns="http://www.w3.org/1999/xhtml" xml:lang="en" lang="en">
 <head>
  <title>
</title>
<meta http-equiv="Content-Type" content="text/html;charset=utf-8" />
  <meta name='ocr-system' content='tesseract 3.04.00' />
  <meta name='ocr-capabilities' content='ocr_page ocr_carea ocr_par ocr_line ocrx_word'/>
</head>
<body>
  <div class='ocr_page' id='page_1' title='image "./historiadanica01velsgoog_0189.png"; bbox 0 0 3524 5460; ppageno 0'>
   <div class='ocr_carea' id='block_1_1' title="bbox 686 305 1325 408">
    <p class='ocr_par' dir='ltr' id='par_1_1' title="bbox 686 305 1325 408">
     <span class='ocr_line' id='line_1_1' title="bbox 686 305 1325 408; baseline -0.023 -13"><span class='ocrx_word' id='word_1_1' title='bbox 686 305 985 396; x_wconf 69' lang='lat' dir='ltr'><strong>arsionum.</strong></span> <span class='ocrx_word' id='word_1_2' title='bbox 1006 311 1143 384; x_wconf 76' lang='lat' dir='ltr'><strong>ursan</strong></span> <span class='ocrx_word' id='word_1_3' title='bbox 1159 310 1251 382; x_wconf 83' lang='lat' dir='ltr'><strong>xtv.</strong></span> <span class='ocrx_word' id='word_1_4' title='bbox 1322 400 1325 408; x_wconf 17' lang='lat' dir='ltr'>y</span> 
     </span>
    </p>
   </div>
   <div class='ocr_carea' id='block_1_2' title="bbox 296 337 425 408">
    <p class='ocr_par' dir='ltr' id='par_1_2' title="bbox 296 337 425 408">
     <span class='ocr_line' id='line_1_2' title="bbox 296 337 425 408; baseline -0.008 0"><span class='ocrx_word' id='word_1_5' title='bbox 296 363 297 368; x_wconf 46' lang='lat'>¹</span> <span class='ocrx_word' id='word_1_6' title='bbox 353 337 425 408; x_wconf 71' lang='lat'><strong>726</strong></span> 
     </span>
    </p>
   </div>
   <div class='ocr_carea' id='block_1_3' title="bbox 235 511 1633 1860">
    <p class='ocr_par' dir='ltr' id='par_1_3' title="bbox 235 511 1633 1860">
     <span class='ocr_line' id='line_1_3' title="bbox 306 511 1621 631; baseline -0.028 -11"><span class='ocrx_word' id='word_1_7' title='bbox 306 548 417 619; x_wconf 69' lang='lat' dir='ltr'><strong>bute.</strong></span> <span class='ocrx_word' id='word_1_8' title='bbox 468 543 535 615; x_wconf 85' lang='lat' dir='ltr'><strong>Cui</strong></span> <span class='ocrx_word' id='word_1_9' title='bbox 550 531 791 631; x_wconf 81' lang='lat' dir='ltr'><strong>Radulphus2</strong></span> <span class='ocrx_word' id='word_1_10' title='bbox 813 524 933 600; x_wconf 90' lang='lat' dir='ltr'><strong>medio</strong></span> <span class='ocrx_word' id='word_1_11' title='bbox 951 523 1079 620; x_wconf 84' lang='lat' dir='ltr'><strong>ponte³</strong></span> <span class='ocrx_word' id='word_1_12' title='bbox 1102 519 1243 610; x_wconf 90' lang='lat' dir='ltr'><strong>obvius,</strong></span> <span class='ocrx_word' id='word_1_13' title='bbox 1259 535 1331 590; x_wconf 89' lang='lat' dir='ltr'><strong>tam</strong></span> <span class='ocrx_word' id='word_1_14' title='bbox 1353 515 1432 588; x_wconf 89' lang='lat' dir='ltr'><strong>tetri</strong></span> <span class='ocrx_word' id='word_1_15' title='bbox 1453 511 1621 584; x_wconf 87' lang='lat' dir='ltr'><strong>facinoris</strong></span> 
     </span>
     <span class='ocr_line' id='line_1_4' title="bbox 304 635 1623 748; baseline -0.029 -4"><span class='ocrx_word' id='word_1_16' title='bbox 304 695 379 744; x_wconf 91' lang='lat' dir='ltr'><strong>non</strong></span> <span class='ocrx_word' id='word_1_17' title='bbox 400 681 539 740; x_wconf 80' lang='lat' dir='ltr'>autores</span> <span class='ocrx_word' id='word_1_18' title='bbox 564 656 687 748; x_wconf 89' lang='lat' dir='ltr'><strong>modo,</strong></span> <span class='ocrx_word' id='word_1_19' title='bbox 720 649 783 726; x_wconf 89' lang='lat' dir='ltr'><strong>sed</strong></span> <span class='ocrx_word' id='word_1_20' title='bbox 813 651 917 722; x_wconf 89' lang='lat' dir='ltr'><strong>etiam</strong></span> <span class='ocrx_word' id='word_1_21' title='bbox 942 649 1105 718; x_wconf 89' lang='lat' dir='ltr'><strong>conscios</strong></span> <span class='ocrx_word' id='word_1_22' title='bbox 1122 639 1372 730; x_wconf 77' lang='lat' dir='ltr'>execrabatur,</span> <span class='ocrx_word' id='word_1_23' title='bbox 1405 636 1454 710; x_wconf 84' lang='lat' dir='ltr'><strong>ab</strong></span> <span class='ocrx_word' id='word_1_24' title='bbox 1478 635 1557 733; x_wconf 85' lang='lat' dir='ltr'><strong>ejus</strong></span> <span class='ocrx_word' id='word_1_25' title='bbox 1581 657 1623 706; x_wconf 90' lang='lat' dir='ltr'><strong>se</strong></span> 
     </span>
     <span class='ocr_line' id='line_1_5' title="bbox 235 757 1620 890; baseline -0.027 -23"><span class='ocrx_word' id='word_1_26' title='bbox 235 847 239 854; x_wconf 77' lang='lat'><em>·</em></span> <span class='ocrx_word' id='word_1_27' title='bbox 306 789 413 890; x_wconf 86' lang='lat' dir='ltr'><strong>culpa</strong></span> <span class='ocrx_word' id='word_1_28' title='bbox 432 785 683 861; x_wconf 90' lang='lat' dir='ltr'><strong>alienissimum</strong></span> <span class='ocrx_word' id='word_1_29' title='bbox 701 787 929 878; x_wconf 82' lang='lat' dir='ltr'><strong>protestatus.</strong></span> <span class='ocrx_word' id='word_1_30' title='bbox 973 771 1078 840; x_wconf 92' lang='lat' dir='ltr'><strong>Hunc</strong></span> <span class='ocrx_word' id='word_1_31' title='bbox 1093 770 1216 838; x_wconf 89' lang='lat' dir='ltr'><strong>Petms</strong></span> <span class='ocrx_word' id='word_1_32' title='bbox 1230 764 1441 860; x_wconf 84' lang='lat' dir='ltr'>cognomine</span> <span class='ocrx_word' id='word_1_33' title='bbox 1459 757 1620 831; x_wconf 81' lang='lat' dir='ltr'><strong>Thema⁴</strong></span> 
     </span>
     <span class='ocr_line' id='line_1_6' title="bbox 307 879 1626 1012; baseline -0.027 -24"><span class='ocrx_word' id='word_1_34' title='bbox 307 935 438 1012; x_wconf 81' lang='lat' dir='ltr'><strong>magno</strong></span> <span class='ocrx_word' id='word_1_35' title='bbox 452 924 597 983; x_wconf 86' lang='lat' dir='ltr'><strong>secutus</strong></span> <span class='ocrx_word' id='word_1_36' title='bbox 614 905 768 999; x_wconf 89' lang='lat' dir='ltr'><strong>impetu,</strong></span> <span class='ocrx_word' id='word_1_37' title='bbox 794 918 860 992; x_wconf 92' lang='lat' dir='ltr'><strong>per</strong></span> <span class='ocrx_word' id='word_1_38' title='bbox 875 889 1070 963; x_wconf 81' lang='lat' dir='ltr'><strong>ludibrium</strong></span> <span class='ocrx_word' id='word_1_39' title='bbox 1084 886 1256 960; x_wconf 87' lang='lat' dir='ltr'><strong>Absaloni</strong></span> <span class='ocrx_word' id='word_1_40' title='bbox 1272 883 1526 958; x_wconf 90' lang='lat' dir='ltr'><strong>comminando</strong></span> <span class='ocrx_word' id='word_1_41' title='bbox 1542 879 1626 954; x_wconf 90' lang='lat' dir='ltr'><strong>dis-</strong></span> 
     </span>
     <span class='ocr_line' id='line_1_7' title="bbox 309 1002 1626 1110; baseline -0.025 -1"><span class='ocrx_word' id='word_1_42' title='bbox 309 1037 422 1109; x_wconf 85' lang='lat' dir='ltr'><strong>cessit.</strong></span> <span class='ocrx_word' id='word_1_43' title='bbox 479 1035 523 1102; x_wconf 80' lang='lat' dir='ltr'><strong>At</strong></span> <span class='ocrx_word' id='word_1_44' title='bbox 550 1025 609 1098; x_wconf 89' lang='lat' dir='ltr'><strong>ille</strong></span> <span class='ocrx_word' id='word_1_45' title='bbox 633 1022 680 1096; x_wconf 84' lang='lat' dir='ltr'><strong>ad</strong></span> <span class='ocrx_word' id='word_1_46' title='bbox 703 1015 895 1094; x_wconf 85' lang='lat' dir='ltr'><strong>australem</strong></span> <span class='ocrx_word' id='word_1_47' title='bbox 921 1015 995 1086; x_wconf 86' lang='lat' dir='ltr'><strong>atrii</strong></span> <span class='ocrx_word' id='word_1_48' title='bbox 1021 1014 1197 1110; x_wconf 79' lang='lat' dir='ltr'><strong>portam⁵,</strong></span> <span class='ocrx_word' id='word_1_49' title='bbox 1228 1035 1302 1106; x_wconf 88' lang='lat' dir='ltr'><strong>quo</strong></span> <span class='ocrx_word' id='word_1_50' title='bbox 1327 1007 1501 1080; x_wconf 88' lang='lat' dir='ltr'><strong>Trinitatis</strong></span> <span class='ocrx_word' id='word_1_51' title='bbox 1526 1002 1626 1076; x_wconf 80' lang='lat' dir='ltr'><strong>aedes</strong></span> 
     </span>
     <span class='ocr_line' id='line_1_8' title="bbox 309 1129 1627 1250; baseline -0.023 -20"><span class='ocrx_word' id='word_1_52' title='bbox 309 1155 725 1250; x_wconf 68' lang='lat' dir='ltr'><strong>ambitur,&#39;progressus,</strong></span> <span class='ocrx_word' id='word_1_53' title='bbox 749 1139 878 1212; x_wconf 81' lang='lat' dir='ltr'><strong>infesto</strong></span> <span class='ocrx_word' id='word_1_54' title='bbox 903 1133 1090 1208; x_wconf 85' lang='lat' dir='ltr'><strong>satellitum</strong></span> <span class='ocrx_word' id='word_1_55' title='bbox 1107 1157 1260 1206; x_wconf 85' lang='lat' dir='ltr'><strong>occursu</strong></span> <span class='ocrx_word' id='word_1_56' title='bbox 1279 1136 1492 1228; x_wconf 74' lang='lat' dir='ltr'><strong>praeripitur.</strong></span> <span class='ocrx_word' id='word_1_57' title='bbox 1542 1129 1627 1201; x_wconf 87' lang='lat' dir='ltr'><strong>Cu·-</strong></span> 
     </span>
     <span class='ocr_line' id='line_1_9' title="bbox 307 1251 1628 1378; baseline -0.028 -24"><span class='ocrx_word' id='word_1_58' title='bbox 307 1281 367 1378; x_wconf 82' lang='lat' dir='ltr'><strong>jus</strong></span> <span class='ocrx_word' id='word_1_59' title='bbox 386 1292 491 1372; x_wconf 89' lang='lat' dir='ltr'><strong>caput</strong></span> <span class='ocrx_word' id='word_1_60' title='bbox 508 1271 709 1372; x_wconf 85' lang='lat' dir='ltr'><strong>gladiorum</strong></span> <span class='ocrx_word' id='word_1_61' title='bbox 723 1258 945 1338; x_wconf 88' lang='lat' dir='ltr'><strong>multitudine</strong></span> <span class='ocrx_word' id='word_1_62' title='bbox 965 1256 1238 1330; x_wconf 69' lang='lat' dir='ltr'><strong>circumfusurn⁶</strong></span> <span class='ocrx_word' id='word_1_63' title='bbox 1271 1253 1417 1352; x_wconf 88' lang='lat' dir='ltr'><strong>quidam</strong></span> <span class='ocrx_word' id='word_1_64' title='bbox 1441 1251 1628 1324; x_wconf 85' lang='lat' dir='ltr'><strong>sortecum</strong></span> 
     </span>
     <span class='ocr_line' id='line_1_10' title="bbox 312 1370 1630 1500; baseline -0.024 -27"><span class='ocrx_word' id='word_1_65' title='bbox 312 1399 387 1500; x_wconf 72' lang='lat' dir='ltr'><strong>aliis</strong></span> <span class='ocrx_word' id='word_1_66' title='bbox 416 1395 671 1494; x_wconf 89' lang='lat' dir='ltr'><strong>superveniens</strong></span> <span class='ocrx_word' id='word_1_67' title='bbox 692 1411 766 1460; x_wconf 89' lang='lat' dir='ltr'><strong>non</strong></span> <span class='ocrx_word' id='word_1_68' title='bbox 792 1385 912 1460; x_wconf 88' lang='lat' dir='ltr'><strong>solum</strong></span> <span class='ocrx_word' id='word_1_69' title='bbox 936 1381 1019 1454; x_wconf 88' lang='lat' dir='ltr'><strong>serri</strong></span> <span class='ocrx_word' id='word_1_70' title='bbox 1045 1377 1354 1476; x_wconf 84' lang='lat' dir='ltr'><strong>oorporisqnosui</strong></span> <span class='ocrx_word' id='word_1_71' title='bbox 1376 1378 1438 1472; x_wconf 89' lang='lat' dir='ltr'><strong>pio</strong></span> <span class='ocrx_word' id='word_1_72' title='bbox 1460 1370 1630 1445; x_wconf 87' lang='lat' dir='ltr'><strong>vindica-</strong></span> 
     </span>
     <span class='ocr_line' id='line_1_11' title="bbox 314 1477 1629 1618; baseline -0.024 -22"><span class='ocrx_word' id='word_1_73' title='bbox 314 1528 365 1596; x_wconf 88' lang='lat' dir='ltr'><strong>vit</strong></span> <span class='ocrx_word' id='word_1_74' title='bbox 382 1519 541 1618; x_wconf 87' lang='lat' dir='ltr'><strong>objectu,</strong></span> <span class='ocrx_word' id='word_1_75' title='bbox 566 1513 631 1590; x_wconf 90' lang='lat' dir='ltr'><strong>sed</strong></span> <span class='ocrx_word' id='word_1_76' title='bbox 655 1515 772 1603; x_wconf 90' lang='lat' dir='ltr'><strong>etiam,</strong></span> <span class='ocrx_word' id='word_1_77' title='bbox 788 1505 970 1608; x_wconf 85' lang='lat' dir='ltr'><strong>quendam</strong></span> <span class='ocrx_word' id='word_1_78' title='bbox 985 1529 1003 1575; x_wconf 89' lang='lat' dir='ltr'><strong>a</strong></span> <span class='ocrx_word' id='word_1_79' title='bbox 1021 1518 1167 1601; x_wconf 82' lang='lat' dir='ltr'><strong>pectore</strong></span> <span class='ocrx_word' id='word_1_80' title='bbox 1188 1477 1273 1574; x_wconf 89' lang='lat' dir='ltr'><strong>eum</strong></span> <span class='ocrx_word' id='word_1_81' title='bbox 1296 1494 1490 1570; x_wconf 86' lang='lat' dir='ltr'><strong>confodere</strong></span> <span class='ocrx_word' id='word_1_82' title='bbox 1511 1498 1629 1594; x_wconf 83' lang='lat' dir='ltr'><strong>gesti-</strong></span> 
     </span>
     <span class='ocr_line' id='line_1_12' title="bbox 314 1616 1632 1736; baseline -0.024 -18"><span class='ocrx_word' id='word_1_83' title='bbox 314 1660 431 1718; x_wconf 89' lang='lat' dir='ltr'><strong>entem</strong></span> <span class='ocrx_word' id='word_1_84' title='bbox 457 1663 584 1736; x_wconf 85' lang='lat' dir='ltr'><strong>poenas</strong></span> <span class='ocrx_word' id='word_1_85' title='bbox 610 1635 687 1723; x_wconf 90' lang='lat' dir='ltr'><strong>sibi,</strong></span> <span class='ocrx_word' id='word_1_86' title='bbox 713 1636 831 1706; x_wconf 90' lang='lat' dir='ltr'><strong>sinon</strong></span> <span class='ocrx_word' id='word_1_87' title='bbox 850 1629 1049 1716; x_wconf 86' lang='lat' dir='ltr'><strong>desisteret,</strong></span> <span class='ocrx_word' id='word_1_88' title='bbox 1082 1624 1251 1698; x_wconf 85' lang='lat' dir='ltr'><strong>daturum</strong></span> <span class='ocrx_word' id='word_1_89' title='bbox 1273 1625 1445 1710; x_wconf 89' lang='lat' dir='ltr'><strong>minatus,</strong></span> <span class='ocrx_word' id='word_1_90' title='bbox 1477 1616 1632 1692; x_wconf 82' lang='lat' dir='ltr'><strong>salutare</strong></span> 
     </span>
     <span class='ocr_line' id='line_1_13' title="bbox 318 1740 1633 1860; baseline -0.025 -20"><span class='ocrx_word' id='word_1_91' title='bbox 318 1772 348 1840; x_wconf 91' lang='lat' dir='ltr'><strong>ei</strong></span> <span class='ocrx_word' id='word_1_92' title='bbox 374 1761 562 1860; x_wconf 85' lang='lat' dir='ltr'><strong>diffugium</strong></span> <span class='ocrx_word' id='word_1_93' title='bbox 586 1756 793 1830; x_wconf 84' lang='lat' dir='ltr'><strong>conciliavit.</strong></span> <span class='ocrx_word' id='word_1_94' title='bbox 852 1748 1030 1824; x_wconf 82' lang='lat' dir='ltr'><strong>.Absalon</strong></span> <span class='ocrx_word' id='word_1_95' title='bbox 1064 1771 1213 1846; x_wconf 88' lang='lat' dir='ltr'><strong>quoque</strong></span> <span class='ocrx_word' id='word_1_96' title='bbox 1236 1745 1443 1843; x_wconf 79' lang='lat' dir='ltr'><strong>tempestiva</strong></span> <span class='ocrx_word' id='word_1_97' title='bbox 1470 1740 1633 1837; x_wconf 86' lang='lat' dir='ltr'><strong>corporis</strong></span> 
     </span>
    </p>
   </div>
   <div class='ocr_carea' id='block_1_4' title="bbox 322 2067 1635 2383">
    <p class='ocr_par' dir='ltr' id='par_1_4' title="bbox 322 2067 1635 2383">
     <span class='ocr_line' id='line_1_14' title="bbox 367 2067 1635 2164; baseline -0.021 -9"><span class='ocrx_word' id='word_1_98' title='bbox 367 2091 551 2154; x_wconf 82' lang='lat' dir='ltr'><strong>¹Salutorem</strong></span> <span class='ocrx_word' id='word_1_99' title='bbox 577 2092 652 2146; x_wconf 81' lang='lat' dir='ltr'><strong>inter</strong></span> <span class='ocrx_word' id='word_1_100' title='bbox 674 2085 769 2145; x_wconf 75' lang='lat' dir='ltr'><strong>hostes</strong></span> <span class='ocrx_word' id='word_1_101' title='bbox 799 2105 944 2164; x_wconf 78' lang='lat' dir='ltr'><strong>egressum</strong></span> <span class='ocrx_word' id='word_1_102' title='bbox 1052 2070 1552 2162; x_wconf 72' lang='lat' dir='ltr'><strong>³Med1·0p0nt0]AEd‘esregiae,in</strong></span> <span class='ocrx_word' id='word_1_103' title='bbox 1567 2067 1635 2152; x_wconf 84' lang='lat' dir='ltr'><strong>qui·</strong></span> 
     </span>
     <span class='ocr_line' id='line_1_15' title="bbox 322 2171 1635 2272; baseline -0.021 -13"><span class='ocrx_word' id='word_1_104' title='bbox 322 2193 433 2272; x_wconf 77' lang='lat' dir='ltr'><strong>lubuit]</strong></span> <span class='ocrx_word' id='word_1_105' title='bbox 449 2197 526 2255; x_wconf 85' lang='lat' dir='ltr'><strong>Haec</strong></span> <span class='ocrx_word' id='word_1_106' title='bbox 539 2187 581 2251; x_wconf 87' lang='lat' dir='ltr'><strong>ita</strong></span> <span class='ocrx_word' id='word_1_107' title='bbox 600 2201 721 2251; x_wconf 85' lang='lat' dir='ltr'><strong>enarrat</strong></span> <span class='ocrx_word' id='word_1_108' title='bbox 744 2199 831 2251; x_wconf 90' lang='lat' dir='ltr'><strong>autor</strong></span> <span class='ocrx_word' id='word_1_109' title='bbox 851 2185 947 2247; x_wconf 86' lang='lat' dir='ltr'><strong>ltisto-</strong></span> <span class='ocrx_word' id='word_1_110' title='bbox 1007 2183 1062 2245; x_wconf 88' lang='lat' dir='ltr'><strong>bus</strong></span> <span class='ocrx_word' id='word_1_111' title='bbox 1078 2181 1138 2244; x_wconf 89' lang='lat' dir='ltr'><strong>duo</strong></span> <span class='ocrx_word' id='word_1_112' title='bbox 1150 2201 1235 2267; x_wconf 81' lang='lat' dir='ltr'><strong>reges</strong></span> <span class='ocrx_word' id='word_1_113' title='bbox 1246 2180 1394 2243; x_wconf 71' lang='lat' dir='ltr'><strong>deserenti</strong></span> <span class='ocrx_word' id='word_1_114' title='bbox 1407 2175 1538 2252; x_wconf 80' lang='lat' dir='ltr'><strong>fuerant,</strong></span> <span class='ocrx_word' id='word_1_115' title='bbox 1550 2171 1635 2236; x_wconf 87' lang='lat' dir='ltr'><strong>haud</strong></span> 
     </span>
     <span class='ocr_line' id='line_1_16' title="bbox 323 2287 1469 2383; baseline -0.021 -17"><span class='ocrx_word' id='word_1_116' title='bbox 323 2295 695 2383; x_wconf 79' lang='lat' dir='ltr'><strong>riaelinytlingoruml.e.t</strong></span> <span class='ocrx_word' id='word_1_117' title='bbox 713 2291 947 2356; x_wconf 82' lang='lat' dir='ltr'><strong>&#39;&#39;Constantinus</strong></span> <span class='ocrx_word' id='word_1_118' title='bbox 1007 2289 1097 2354; x_wconf 87' lang='lat' dir='ltr'><strong>dubie</strong></span> <span class='ocrx_word' id='word_1_119' title='bbox 1118 2287 1196 2351; x_wconf 79' lang='lat' dir='ltr'><strong>fossa</strong></span> <span class='ocrx_word' id='word_1_120' title='bbox 1213 2299 1299 2349; x_wconf 87' lang='lat' dir='ltr'><strong>erant</strong></span> <span class='ocrx_word' id='word_1_121' title='bbox 1314 2287 1432 2348; x_wconf 77' lang='lat' dir='ltr'><strong>cinetae.</strong></span> <span class='ocrx_word' id='word_1_122' title='bbox 1467 2333 1469 2342; x_wconf 80' lang='grc'>,</span> 
     </span>
    </p>
   </div>
   <div class='ocr_carea' id='block_1_5' title="bbox 300 2397 960 3761">
    <p class='ocr_par' dir='ltr' id='par_1_5' title="bbox 300 2397 960 3761">
     <span class='ocr_line' id='line_1_17' title="bbox 322 2397 949 2490; baseline -0.029 -17"><span class='ocrx_word' id='word_1_123' title='bbox 322 2411 370 2474; x_wconf 78' lang='lat' dir='ltr'><strong>vir</strong></span> <span class='ocrx_word' id='word_1_124' title='bbox 391 2427 510 2490; x_wconf 72' lang='lat' dir='ltr'><strong>magna</strong></span> <span class='ocrx_word' id='word_1_125' title='bbox 540 2402 696 2488; x_wconf 84' lang='lat' dir='ltr'><strong>dignitatis</strong></span> <span class='ocrx_word' id='word_1_126' title='bbox 729 2417 766 2460; x_wconf 81' lang='lat' dir='ltr'><strong>ex</strong></span> <span class='ocrx_word' id='word_1_127' title='bbox 805 2397 949 2460; x_wconf 77' lang='lat' dir='ltr'><strong>comitatu</strong></span> 
     </span>
     <span class='ocr_line' id='line_1_18' title="bbox 324 2501 950 2584; baseline -0.027 -7"><span class='ocrx_word' id='word_1_128' title='bbox 324 2510 517 2584; x_wconf 86' lang='lat' dir='ltr'><strong>Waldemari</strong></span> <span class='ocrx_word' id='word_1_129' title='bbox 536 2525 567 2574; x_wconf 87' lang='lat' dir='ltr'><strong>et</strong></span> <span class='ocrx_word' id='word_1_130' title='bbox 584 2509 693 2572; x_wconf 86' lang='lat' dir='ltr'><strong>Canuti</strong></span> <span class='ocrx_word' id='word_1_131' title='bbox 714 2507 812 2571; x_wconf 85' lang='lat' dir='ltr'><strong>adhuc</strong></span> <span class='ocrx_word' id='word_1_132' title='bbox 833 2504 865 2566; x_wconf 89' lang='lat' dir='ltr'><strong>in</strong></span> <span class='ocrx_word' id='word_1_133' title='bbox 893 2501 950 2564; x_wconf 88' lang='lat' dir='ltr'><strong>tri-</strong></span> 
     </span>
     <span class='ocr_line' id='line_1_19' title="bbox 300 2607 951 2700; baseline -0.028 -15"><span class='ocrx_word' id='word_1_134' title='bbox 300 2620 417 2684; x_wconf 86' lang='lat' dir='ltr'><strong>¹olinio</strong></span> <span class='ocrx_word' id='word_1_135' title='bbox 441 2631 515 2682; x_wconf 86' lang='lat' dir='ltr'><strong>erat.</strong></span> <span class='ocrx_word' id='word_1_136' title='bbox 574 2614 708 2700; x_wconf 78' lang='lat' dir='ltr'><strong>Rogavit</strong></span> <span class='ocrx_word' id='word_1_137' title='bbox 745 2613 798 2678; x_wconf 90' lang='lat' dir='ltr'><strong>ille</strong></span> <span class='ocrx_word' id='word_1_138' title='bbox 822 2607 951 2672; x_wconf 80' lang='lat' dir='ltr'><strong>Absalo·</strong></span> 
     </span>
     <span class='ocr_line' id='line_1_20' title="bbox 325 2712 951 2806; baseline -0.027 -20"><span class='ocrx_word' id='word_1_139' title='bbox 325 2741 405 2806; x_wconf 83' lang='lat' dir='ltr'><strong>nem,</strong></span> <span class='ocrx_word' id='word_1_140' title='bbox 427 2732 460 2782; x_wconf 90' lang='lat' dir='ltr'><strong>ut</strong></span> <span class='ocrx_word' id='word_1_141' title='bbox 476 2720 533 2784; x_wconf 87' lang='lat' dir='ltr'><strong>sibi</strong></span> <span class='ocrx_word' id='word_1_142' title='bbox 550 2722 662 2784; x_wconf 84' lang='lat' dir='ltr'><strong>auxilio</strong></span> <span class='ocrx_word' id='word_1_143' title='bbox 680 2718 815 2792; x_wconf 81' lang='lat' dir='ltr'><strong>adesset,</strong></span> <span class='ocrx_word' id='word_1_144' title='bbox 842 2712 868 2774; x_wconf 89' lang='lat' dir='ltr'><strong>si</strong></span> <span class='ocrx_word' id='word_1_145' title='bbox 881 2731 951 2796; x_wconf 86' lang='lat' dir='ltr'><strong>pos·</strong></span> 
     </span>
     <span class='ocr_line' id='line_1_21' title="bbox 327 2815 951 2916; baseline -0.026 -24"><span class='ocrx_word' id='word_1_146' title='bbox 327 2841 380 2892; x_wconf 90' lang='lat' dir='ltr'><strong>set.</strong></span> <span class='ocrx_word' id='word_1_147' title='bbox 421 2827 592 2912; x_wconf 88' lang='lat' dir='ltr'><strong>Respondit</strong></span> <span class='ocrx_word' id='word_1_148' title='bbox 611 2825 764 2889; x_wconf 79' lang='lat' dir='ltr'><strong>Absalont</strong></span> <span class='ocrx_word' id='word_1_149' title='bbox 787 2815 951 2916; x_wconf 78' lang='lat' dir='ltr'><strong>Quomodo</strong></span> 
     </span>
     <span class='ocr_line' id='line_1_22' title="bbox 327 2925 953 3018; baseline -0.027 -19"><span class='ocrx_word' id='word_1_150' title='bbox 327 2933 385 2999; x_wconf 89' lang='lat' dir='ltr'><strong>tibi</strong></span> <span class='ocrx_word' id='word_1_151' title='bbox 399 2933 493 3017; x_wconf 81' lang='lat' dir='ltr'><strong>magis</strong></span> <span class='ocrx_word' id='word_1_152' title='bbox 516 2954 605 3018; x_wconf 88' lang='lat' dir='ltr'><strong>quam</strong></span> <span class='ocrx_word' id='word_1_153' title='bbox 628 2929 701 2994; x_wconf 87' lang='lat' dir='ltr'><strong>mihi</strong></span> <span class='ocrx_word' id='word_1_154' title='bbox 722 2925 868 3013; x_wconf 87' lang='lat' dir='ltr'><strong>opitulari</strong></span> <span class='ocrx_word' id='word_1_155' title='bbox 883 2941 953 3008; x_wconf 88' lang='lat' dir='ltr'><strong>pos·</strong></span> 
     </span>
     <span class='ocr_line' id='line_1_23' title="bbox 328 3031 952 3121; baseline -0.026 -18"><span class='ocrx_word' id='word_1_156' title='bbox 328 3039 416 3103; x_wconf 81' lang='lat' dir='ltr'><strong>aum?</strong></span> <span class='ocrx_word' id='word_1_157' title='bbox 437 3037 573 3112; x_wconf 87' lang='lat' dir='ltr'><strong>Ostium,</strong></span> <span class='ocrx_word' id='word_1_158' title='bbox 599 3057 688 3121; x_wconf 80' lang='lat' dir='ltr'><strong>rogo,</strong></span> <span class='ocrx_word' id='word_1_159' title='bbox 710 3047 814 3120; x_wconf 89' lang='lat' dir='ltr'><strong>petas,</strong></span> <span class='ocrx_word' id='word_1_160' title='bbox 841 3031 952 3112; x_wconf 88' lang='lat' dir='ltr'><strong>inquo</strong></span> 
     </span>
     <span class='ocr_line' id='line_1_24' title="bbox 329 3144 952 3221; baseline -0.024 -13"><span class='ocrx_word' id='word_1_161' title='bbox 329 3145 404 3208; x_wconf 90' lang='lat' dir='ltr'><strong>nulli</strong></span> <span class='ocrx_word' id='word_1_162' title='bbox 418 3157 499 3208; x_wconf 88' lang='lat' dir='ltr'><strong>stent</strong></span> <span class='ocrx_word' id='word_1_163' title='bbox 513 3144 641 3221; x_wconf 83' lang='lat' dir='ltr'><strong>milites,</strong></span> <span class='ocrx_word' id='word_1_164' title='bbox 670 3155 700 3205; x_wconf 91' lang='lat' dir='ltr'><strong>et</strong></span> <span class='ocrx_word' id='word_1_165' title='bbox 722 3160 783 3206; x_wconf 87' lang='lat' dir='ltr'><strong>uno</strong></span> <span class='ocrx_word' id='word_1_166' title='bbox 798 3145 952 3198; x_wconf 90' lang='lat' dir='ltr'><strong>momento</strong></span> 
     </span>
     <span class='ocr_line' id='line_1_25' title="bbox 331 3239 953 3318; baseline -0.034 0"><span class='ocrx_word' id='word_1_167' title='bbox 331 3273 476 3318; x_wconf 81' lang='lat' dir='ltr'><strong>exeamus.</strong></span> <span class='ocrx_word' id='word_1_168' title='bbox 517 3253 561 3312; x_wconf 91' lang='lat' dir='ltr'><strong>lta</strong></span> <span class='ocrx_word' id='word_1_169' title='bbox 584 3247 699 3312; x_wconf 85' lang='lat' dir='ltr'><strong>factum</strong></span> <span class='ocrx_word' id='word_1_170' title='bbox 730 3257 785 3308; x_wconf 88' lang='lat' dir='ltr'><strong>est.</strong></span> <span class='ocrx_word' id='word_1_171' title='bbox 817 3239 953 3304; x_wconf 77' lang='lat' dir='ltr'><strong>Absalon</strong></span> 
     </span>
     <span class='ocr_line' id='line_1_26' title="bbox 332 3349 953 3442; baseline -0.031 -18"><span class='ocrx_word' id='word_1_172' title='bbox 332 3361 413 3436; x_wconf 78' lang='lat' dir='ltr'><strong>exiit,</strong></span> <span class='ocrx_word' id='word_1_173' title='bbox 433 3357 484 3419; x_wconf 90' lang='lat' dir='ltr'><strong>ubi</strong></span> <span class='ocrx_word' id='word_1_174' title='bbox 501 3359 603 3442; x_wconf 86' lang='lat' dir='ltr'><strong>plures</strong></span> <span class='ocrx_word' id='word_1_175' title='bbox 623 3363 657 3417; x_wconf 83' lang='lat' dir='ltr'><strong>er</strong></span> <span class='ocrx_word' id='word_1_176' title='bbox 675 3349 822 3416; x_wconf 86' lang='lat' dir='ltr'><strong>militibus</strong></span> <span class='ocrx_word' id='word_1_177' title='bbox 838 3349 953 3410; x_wconf 84' lang='lat' dir='ltr'><strong>Sveno-</strong></span> 
     </span>
     <span class='ocr_line' id='line_1_27' title="bbox 332 3431 954 3545; baseline -0.031 -17"><span class='ocrx_word' id='word_1_178' title='bbox 332 3467 379 3528; x_wconf 88' lang='lat' dir='ltr'><strong>nia</strong></span> <span class='ocrx_word' id='word_1_179' title='bbox 399 3486 466 3530; x_wconf 92' lang='lat' dir='ltr'><strong>cum</strong></span> <span class='ocrx_word' id='word_1_180' title='bbox 488 3462 602 3526; x_wconf 88' lang='lat' dir='ltr'><strong>strictis</strong></span> <span class='ocrx_word' id='word_1_181' title='bbox 621 3459 728 3545; x_wconf 82' lang='lat' dir='ltr'><strong>gladiis</strong></span> <span class='ocrx_word' id='word_1_182' title='bbox 744 3467 813 3518; x_wconf 87' lang='lat' dir='ltr'><strong>ante</strong></span> <span class='ocrx_word' id='word_1_183' title='bbox 832 3431 954 3538; x_wconf 80' lang='lat' dir='ltr'><strong>portam</strong></span> 
     </span>
     <span class='ocr_line' id='line_1_28' title="bbox 332 3557 957 3650; baseline -0.03 -15"><span class='ocrx_word' id='word_1_184' title='bbox 332 3569 459 3635; x_wconf 81' lang='lat' dir='ltr'><strong>stabant.</strong></span> <span class='ocrx_word' id='word_1_185' title='bbox 499 3567 716 3650; x_wconf 70' lang='lat' dir='ltr'><strong>Egredientem</strong></span> <span class='ocrx_word' id='word_1_186' title='bbox 729 3561 840 3628; x_wconf 88' lang='lat' dir='ltr'><strong>milites</strong></span> <span class='ocrx_word' id='word_1_187' title='bbox 861 3557 957 3620; x_wconf 86' lang='lat' dir='ltr'><strong>inter-</strong></span> 
     </span>
     <span class='ocr_line' id='line_1_29' title="bbox 333 3665 960 3761; baseline -0.024 -19"><span class='ocrx_word' id='word_1_188' title='bbox 333 3681 426 3744; x_wconf 87' lang='lat' dir='ltr'><strong>imere</strong></span> <span class='ocrx_word' id='word_1_189' title='bbox 445 3677 621 3761; x_wconf 68' lang='lat' dir='ltr'><strong>noluerunt,</strong></span> <span class='ocrx_word' id='word_1_190' title='bbox 648 3672 702 3736; x_wconf 85' lang='lat' dir='ltr'><strong>aed</strong></span> <span class='ocrx_word' id='word_1_191' title='bbox 721 3671 811 3754; x_wconf 82' lang='lat' dir='ltr'><strong>Asley</strong></span> <span class='ocrx_word' id='word_1_192' title='bbox 835 3668 885 3751; x_wconf 85' lang='lat' dir='ltr'><strong>[ex</strong></span> <span class='ocrx_word' id='word_1_193' title='bbox 904 3665 960 3729; x_wconf 85' lang='lat' dir='ltr'><strong>alia</strong></span> 
     </span>
    </p>
   </div>
   <div class='ocr_carea' id='block_1_6' title="bbox 207 3771 959 3866">
    <p class='ocr_par' dir='ltr' id='par_1_6' title="bbox 207 3771 959 3866">
     <span class='ocr_line' id='line_1_30' title="bbox 207 3771 959 3866; baseline -0.024 -15"><span class='ocrx_word' id='word_1_194' title='bbox 207 3813 211 3826; x_wconf 81' lang='lat'><strong>·</strong></span> <span class='ocrx_word' id='word_1_195' title='bbox 332 3785 463 3850; x_wconf 78' lang='lat' dir='ltr'><strong>lectione</strong></span> <span class='ocrx_word' id='word_1_196' title='bbox 476 3777 707 3866; x_wconf 81' lang='lat' dir='ltr'><strong>Asgcir]aff1nis</strong></span> <span class='ocrx_word' id='word_1_197' title='bbox 725 3777 894 3854; x_wconf 74' lang='lat' dir='ltr'><strong>Absalonis,</strong></span> <span class='ocrx_word' id='word_1_198' title='bbox 906 3771 959 3836; x_wconf 85' lang='lat' dir='ltr'><strong>sed</strong></span> 
     </span>
    </p>
   </div>
   <div class='ocr_carea' id='block_1_7' title="bbox 334 3883 961 4607">
    <p class='ocr_par' dir='ltr' id='par_1_7' title="bbox 334 3883 961 4607">
     <span class='ocr_line' id='line_1_31' title="bbox 334 3883 956 3970; baseline -0.023 -15"><span class='ocrx_word' id='word_1_199' title='bbox 334 3891 448 3955; x_wconf 74' lang='lat' dir='ltr'><strong>mititte</strong></span> <span class='ocrx_word' id='word_1_200' title='bbox 469 3888 616 3952; x_wconf 85' lang='lat' dir='ltr'><strong>Svenonis</strong></span> <span class='ocrx_word' id='word_1_201' title='bbox 639 3885 819 3970; x_wconf 86' lang='lat' dir='ltr'><strong>adscriptus,</strong></span> <span class='ocrx_word' id='word_1_202' title='bbox 841 3883 956 3956; x_wconf 84' lang='lat' dir='ltr'><strong>aderat,</strong></span> 
     </span>
     <span class='ocr_line' id='line_1_32' title="bbox 334 3985 958 4083; baseline -0.021 -24"><span class='ocrx_word' id='word_1_203' title='bbox 334 3997 387 4083; x_wconf 90' lang='lat' dir='ltr'><strong>qui</strong></span> <span class='ocrx_word' id='word_1_204' title='bbox 404 4015 472 4058; x_wconf 91' lang='lat' dir='ltr'><strong>cum</strong></span> <span class='ocrx_word' id='word_1_205' title='bbox 488 4013 561 4056; x_wconf 85' lang='lat' dir='ltr'><strong>eum</strong></span> <span class='ocrx_word' id='word_1_206' title='bbox 579 3992 784 4080; x_wconf 79' lang='lat' dir='ltr'><strong>cognovisset,</strong></span> <span class='ocrx_word' id='word_1_207' title='bbox 807 3985 958 4061; x_wconf 84' lang='lat' dir='ltr'><strong>clamavit,</strong></span> 
     </span>
     <span class='ocr_line' id='line_1_33' title="bbox 336 4089 959 4178; baseline -0.022 -13"><span class='ocrx_word' id='word_1_208' title='bbox 336 4121 449 4166; x_wconf 83' lang='lat' dir='ltr'><strong>seeum</strong></span> <span class='ocrx_word' id='word_1_209' title='bbox 473 4120 544 4162; x_wconf 86' lang='lat' dir='ltr'><strong>mox</strong></span> <span class='ocrx_word' id='word_1_210' title='bbox 563 4099 742 4172; x_wconf 87' lang='lat' dir='ltr'><strong>occisurum,</strong></span> <span class='ocrx_word' id='word_1_211' title='bbox 765 4095 816 4178; x_wconf 93' lang='lat' dir='ltr'><strong>qui</strong></span> <span class='ocrx_word' id='word_1_212' title='bbox 841 4089 959 4174; x_wconf 81' lang='lat' dir='ltr'><strong>egredi·</strong></span> 
     </span>
     <span class='ocr_line' id='line_1_34' title="bbox 338 4195 959 4270; baseline -0.029 1"><span class='ocrx_word' id='word_1_213' title='bbox 338 4221 437 4270; x_wconf 88' lang='lat' dir='ltr'><strong>entem</strong></span> <span class='ocrx_word' id='word_1_214' title='bbox 454 4205 587 4269; x_wconf 79' lang='lat' dir='ltr'><strong>laesisset.</strong></span> <span class='ocrx_word' id='word_1_215' title='bbox 634 4207 679 4265; x_wconf 88' lang='lat' dir='ltr'><strong>lta</strong></span> <span class='ocrx_word' id='word_1_216' title='bbox 702 4199 794 4262; x_wconf 82' lang='lat' dir='ltr'><strong>erasit</strong></span> <span class='ocrx_word' id='word_1_217' title='bbox 816 4195 959 4260; x_wconf 77' lang='lat' dir='ltr'><strong>Absalon.</strong></span> 
     </span>
     <span class='ocr_line' id='line_1_35' title="bbox 337 4299 961 4391; baseline -0.021 -16"><span class='ocrx_word' id='word_1_218' title='bbox 337 4313 503 4374; x_wconf 82' lang='lat' dir='ltr'><strong>Thetlema</strong></span> <span class='ocrx_word' id='word_1_219' title='bbox 524 4330 596 4372; x_wconf 83' lang='lat' dir='ltr'><strong>vero</strong></span> <span class='ocrx_word' id='word_1_220' title='bbox 618 4307 752 4391; x_wconf 81' lang='lat' dir='ltr'><strong>sociique</strong></span> <span class='ocrx_word' id='word_1_221' title='bbox 775 4299 961 4367; x_wconf 86' lang='lat' dir='ltr'><strong>animadver-</strong></span> 
     </span>
     <span class='ocr_line' id='line_1_36' title="bbox 341 4416 961 4487; baseline -0.019 -7"><span class='ocrx_word' id='word_1_222' title='bbox 341 4431 442 4480; x_wconf 89' lang='lat' dir='ltr'><strong>terunt</strong></span> <span class='ocrx_word' id='word_1_223' title='bbox 449 4416 677 4482; x_wconf 86' lang='lat' dir='ltr'><strong>Constantinum</strong></span> <span class='ocrx_word' id='word_1_224' title='bbox 684 4422 866 4487; x_wconf 87' lang='lat' dir='ltr'><strong>currentem,</strong></span> <span class='ocrx_word' id='word_1_225' title='bbox 878 4428 961 4471; x_wconf 89' lang='lat' dir='ltr'><strong>eum·</strong></span> 
     </span>
     <span class='ocr_line' id='line_1_37' title="bbox 340 4517 726 4607; baseline -0.008 -22"><span class='ocrx_word' id='word_1_226' title='bbox 340 4542 398 4607; x_wconf 86' lang='lat' dir='ltr'><strong>que</strong></span> <span class='ocrx_word' id='word_1_227' title='bbox 417 4544 486 4585; x_wconf 85' lang='lat' dir='ltr'><strong>mox</strong></span> <span class='ocrx_word' id='word_1_228' title='bbox 502 4517 726 4606; x_wconf 77' lang='lat' dir='ltr'><strong>peremerunt.”</strong></span> 
     </span>
    </p>
   </div>
   <div class='ocr_carea' id='block_1_8' title="bbox 341 4639 962 4952">
    <p class='ocr_par' dir='ltr' id='par_1_8' title="bbox 341 4639 962 4952">
     <span class='ocr_line' id='line_1_38' title="bbox 386 4639 962 4739; baseline -0.03 -23"><span class='ocrx_word' id='word_1_229' title='bbox 386 4648 594 4739; x_wconf 82' lang='lat' dir='ltr'><strong>²Iladttlplms]</strong></span> <span class='ocrx_word' id='word_1_230' title='bbox 612 4652 694 4714; x_wconf 91' lang='lat' dir='ltr'><strong>ldem</strong></span> <span class='ocrx_word' id='word_1_231' title='bbox 715 4650 777 4726; x_wconf 89' lang='lat' dir='ltr'><strong>ille,</strong></span> <span class='ocrx_word' id='word_1_232' title='bbox 798 4644 884 4727; x_wconf 88' lang='lat' dir='ltr'><strong>cujus</strong></span> <span class='ocrx_word' id='word_1_233' title='bbox 906 4639 962 4702; x_wconf 89' lang='lat' dir='ltr'><strong>mi-</strong></span> 
     </span>
     <span class='ocr_line' id='line_1_39' title="bbox 342 4756 962 4846; baseline -0.019 -24"><span class='ocrx_word' id='word_1_234' title='bbox 342 4759 416 4824; x_wconf 74' lang='lat' dir='ltr'><strong>litias</strong></span> <span class='ocrx_word' id='word_1_235' title='bbox 434 4757 580 4843; x_wconf 88' lang='lat' dir='ltr'><strong>equestris</strong></span> <span class='ocrx_word' id='word_1_236' title='bbox 596 4756 735 4846; x_wconf 83' lang='lat' dir='ltr'><strong>peritiam</strong></span> <span class='ocrx_word' id='word_1_237' title='bbox 751 4765 855 4817; x_wconf 89' lang='lat' dir='ltr'><strong>noster</strong></span> <span class='ocrx_word' id='word_1_238' title='bbox 872 4769 962 4834; x_wconf 87' lang='lat' dir='ltr'><strong>supra</strong></span> 
     </span>
     <span class='ocr_line' id='line_1_40' title="bbox 341 4861 656 4952; baseline -0.032 -18"><span class='ocrx_word' id='word_1_239' title='bbox 341 4889 376 4952; x_wconf 62' lang='lat' dir='ltr'><strong>p«</strong></span> <span class='ocrx_word' id='word_1_240' title='bbox 394 4861 455 4933; x_wconf 86' lang='grc'><strong>705</strong></span> <span class='ocrx_word' id='word_1_241' title='bbox 475 4862 656 4926; x_wconf 78' lang='lat' dir='ltr'><strong>laudaverat.</strong></span> 
     </span>
    </p>
   </div>
   <div class='ocr_carea' id='block_1_9' title="bbox 1009 2383 1663 4936">
    <p class='ocr_par' dir='ltr' id='par_1_9' title="bbox 1009 2383 1647 3436">
     <span class='ocr_line' id='line_1_41' title="bbox 1052 2383 1637 2478; baseline -0.022 -19"><span class='ocrx_word' id='word_1_242' title='bbox 1052 2401 1182 2458; x_wconf 70' lang='lat' dir='ltr'><strong>*Petrus</strong></span> <span class='ocrx_word' id='word_1_243' title='bbox 1202 2399 1370 2478; x_wconf 80' lang='lat' dir='ltr'><strong>cognomine</strong></span> <span class='ocrx_word' id='word_1_244' title='bbox 1394 2385 1513 2468; x_wconf 69' lang='lat' dir='ltr'><strong>Uoema]</strong></span> <span class='ocrx_word' id='word_1_245' title='bbox 1542 2383 1637 2448; x_wconf 80' lang='lat' dir='ltr'><strong>Hand</strong></span> 
     </span>
     <span class='ocr_line' id='line_1_42' title="bbox 1009 2493 1640 2583; baseline -0.017 -19"><span class='ocrx_word' id='word_1_246' title='bbox 1009 2501 1100 2564; x_wconf 86' lang='lat' dir='ltr'><strong>dubie</strong></span> <span class='ocrx_word' id='word_1_247' title='bbox 1115 2501 1206 2578; x_wconf 83' lang='lat' dir='ltr'><strong>idem,</strong></span> <span class='ocrx_word' id='word_1_248' title='bbox 1227 2499 1339 2583; x_wconf 88' lang='lat' dir='ltr'><strong>dequo</strong></span> <span class='ocrx_word' id='word_1_249' title='bbox 1353 2499 1385 2560; x_wconf 92' lang='lat' dir='ltr'><strong>in</strong></span> <span class='ocrx_word' id='word_1_250' title='bbox 1401 2493 1528 2558; x_wconf 83' lang='lat' dir='ltr'><strong>historia</strong></span> <span class='ocrx_word' id='word_1_251' title='bbox 1541 2493 1640 2574; x_wconf 80' lang='lat' dir='ltr'><strong>ttnyt-</strong></span> 
     </span>
     <span class='ocr_line' id='line_1_43' title="bbox 1010 2601 1641 2692; baseline -0.013 -22"><span class='ocrx_word' id='word_1_252' title='bbox 1010 2609 1163 2692; x_wconf 83' lang='lat' dir='ltr'><strong>lingorum</strong></span> <span class='ocrx_word' id='word_1_253' title='bbox 1177 2607 1244 2672; x_wconf 81' lang='lat' dir='ltr'><strong>lraec</strong></span> <span class='ocrx_word' id='word_1_254' title='bbox 1261 2609 1418 2690; x_wconf 76' lang='lat' dir='ltr'><strong>leguntur:</strong></span> <span class='ocrx_word' id='word_1_255' title='bbox 1441 2605 1549 2664; x_wconf 77' lang='lat' dir='ltr'><strong>Petrus</strong></span> <span class='ocrx_word' id='word_1_256' title='bbox 1564 2601 1641 2662; x_wconf 75' lang='lat' dir='ltr'><strong>The-</strong></span> 
     </span>
     <span class='ocr_line' id='line_1_44' title="bbox 1011 2711 1638 2794; baseline -0.014 -20"><span class='ocrx_word' id='word_1_257' title='bbox 1011 2719 1062 2776; x_wconf 85' lang='lat' dir='ltr'><strong>nia</strong></span> <span class='ocrx_word' id='word_1_258' title='bbox 1089 2717 1185 2776; x_wconf 79' lang='lat' dir='ltr'><strong>dictus</strong></span> <span class='ocrx_word' id='word_1_259' title='bbox 1206 2731 1249 2776; x_wconf 84' lang='lat' dir='ltr'><strong>est</strong></span> <span class='ocrx_word' id='word_1_260' title='bbox 1275 2716 1321 2775; x_wconf 83' lang='lat' dir='ltr'><strong>illa</strong></span> <span class='ocrx_word' id='word_1_261' title='bbox 1336 2717 1395 2783; x_wconf 84' lang='lat' dir='ltr'><strong>ut&#39;r,</strong></span> <span class='ocrx_word' id='word_1_262' title='bbox 1416 2711 1638 2794; x_wconf 75' lang='lat' dir='ltr'><strong>qur&#39;mast&#39;rnum</strong></span> 
     </span>
     <span class='ocr_line' id='line_1_45' title="bbox 1012 2820 1641 2902; baseline -0.019 -18"><span class='ocrx_word' id='word_1_263' title='bbox 1012 2825 1153 2884; x_wconf 78' lang='lat' dir='ltr'><strong>auxilinm</strong></span> <span class='ocrx_word' id='word_1_264' title='bbox 1167 2823 1218 2881; x_wconf 94' lang='lat' dir='ltr'><em>W</em></span> <span class='ocrx_word' id='word_1_265' title='bbox 1213 2821 1361 2883; x_wconf 84' lang='lat' dir='ltr'><strong>aldemaro</strong></span> <span class='ocrx_word' id='word_1_266' title='bbox 1376 2820 1441 2902; x_wconf 77' lang='lat' dir='ltr'><strong>regi</strong></span> <span class='ocrx_word' id='word_1_267' title='bbox 1452 2830 1522 2901; x_wconf 81' lang='lat' dir='ltr'><strong>post</strong></span> <span class='ocrx_word' id='word_1_268' title='bbox 1542 2835 1641 2874; x_wconf 80' lang='lat' dir='ltr'><strong>necem</strong></span> 
     </span>
     <span class='ocr_line' id='line_1_46' title="bbox 1014 2923 1643 3014; baseline -0.016 -25"><span class='ocrx_word' id='word_1_269' title='bbox 1014 2927 1125 2989; x_wconf 83' lang='lat' dir='ltr'><strong>Canuti</strong></span> <span class='ocrx_word' id='word_1_270' title='bbox 1138 2928 1274 3014; x_wconf 74' lang='lat' dir='ltr'><strong>prebuit,</strong></span> <span class='ocrx_word' id='word_1_271' title='bbox 1295 2947 1382 3008; x_wconf 81' lang='lat' dir='ltr'><strong>equos</strong></span> <span class='ocrx_word' id='word_1_272' title='bbox 1400 2923 1643 2990; x_wconf 72' lang='lat' dir='ltr'><strong>subministrans,</strong></span> 
     </span>
     <span class='ocr_line' id='line_1_47' title="bbox 1011 3029 1645 3116; baseline -0.013 -23"><span class='ocrx_word' id='word_1_273' title='bbox 1011 3035 1275 3116; x_wconf 81' lang='lat' dir='ltr'><strong>quihusansoanr</strong></span> <span class='ocrx_word' id='word_1_274' title='bbox 1289 3048 1388 3092; x_wconf 82' lang='lat' dir='ltr'><strong>uectus</strong></span> <span class='ocrx_word' id='word_1_275' title='bbox 1404 3046 1457 3090; x_wconf 85' lang='lat' dir='ltr'><strong>est.</strong></span> <span class='ocrx_word' id='word_1_276' title='bbox 1474 3029 1578 3089; x_wconf 78' lang='lat' dir='ltr'><strong>Thema</strong></span> <span class='ocrx_word' id='word_1_277' title='bbox 1593 3037 1645 3085; x_wconf 83' lang='lat' dir='ltr'><strong>est</strong></span> 
     </span>
     <span class='ocr_line' id='line_1_48' title="bbox 1012 3130 1645 3215; baseline -0.014 -15"><span class='ocrx_word' id='word_1_278' title='bbox 1012 3159 1124 3202; x_wconf 89' lang='lat' dir='ltr'><strong>nomen</strong></span> <span class='ocrx_word' id='word_1_279' title='bbox 1137 3139 1217 3202; x_wconf 89' lang='lat' dir='ltr'><strong>inter</strong></span> <span class='ocrx_word' id='word_1_280' title='bbox 1227 3130 1645 3215; x_wconf 76' lang='lat' dir='ltr'><strong>Boreales,inauditum,qua·</strong></span> 
     </span>
     <span class='ocr_line' id='line_1_49' title="bbox 1012 3227 1647 3322; baseline -0.011 -15"><span class='ocrx_word' id='word_1_281' title='bbox 1012 3267 1045 3308; x_wconf 83' lang='lat' dir='ltr'><strong>re</strong></span> <span class='ocrx_word' id='word_1_282' title='bbox 1061 3245 1121 3308; x_wconf 86' lang='lat' dir='ltr'><strong>hoc</strong></span> <span class='ocrx_word' id='word_1_283' title='bbox 1131 3239 1239 3308; x_wconf 86' lang='lat' dir='ltr'><strong>nomen</strong></span> <span class='ocrx_word' id='word_1_284' title='bbox 1253 3261 1356 3306; x_wconf 86' lang='lat' dir='ltr'><strong>errore</strong></span> <span class='ocrx_word' id='word_1_285' title='bbox 1366 3227 1557 3322; x_wconf 23' lang='lat' dir='ltr'><strong>librarii-pro</strong></span> <span class='ocrx_word' id='word_1_286' title='bbox 1567 3239 1598 3298; x_wconf 92' lang='grc' dir='ltr'><em>Τ</em></span> <span class='ocrx_word' id='word_1_287' title='bbox 1592 3239 1647 3300; x_wconf 79' lang='lat' dir='ltr'><strong>he·</strong></span> 
     </span>
     <span class='ocr_line' id='line_1_50' title="bbox 1013 3339 1320 3436; baseline -0.01 -21"><span class='ocrx_word' id='word_1_288' title='bbox 1013 3359 1064 3416; x_wconf 84' lang='lat' dir='ltr'><strong>nia</strong></span> <span class='ocrx_word' id='word_1_289' title='bbox 1076 3353 1222 3436; x_wconf 86' lang='lat' dir='ltr'><strong>scriptum</strong></span> <span class='ocrx_word' id='word_1_290' title='bbox 1236 3339 1320 3436; x_wconf 74' lang='lat' dir='ltr'><strong>pute.</strong></span> 
     </span>
    </p>

    <p class='ocr_par' dir='ltr' id='par_1_10' title="bbox 1016 3445 1652 3976">
     <span class='ocr_line' id='line_1_51' title="bbox 1059 3445 1649 3543; baseline -0.019 -19"><span class='ocrx_word' id='word_1_291' title='bbox 1059 3462 1133 3523; x_wconf 67' lang='lat' dir='ltr'><strong>‘Ad</strong></span> <span class='ocrx_word' id='word_1_292' title='bbox 1149 3461 1306 3524; x_wconf 83' lang='lat' dir='ltr'><strong>attstralcm</strong></span> <span class='ocrx_word' id='word_1_293' title='bbox 1324 3459 1399 3522; x_wconf 77' lang='lat' dir='ltr'><strong>atrii</strong></span> <span class='ocrx_word' id='word_1_294' title='bbox 1410 3445 1542 3543; x_wconf 80' lang='lat' dir='ltr'><strong>portam]</strong></span> <span class='ocrx_word' id='word_1_295' title='bbox 1560 3449 1649 3514; x_wconf 70' lang='lat' dir='ltr'><strong>Atri-</strong></span> 
     </span>
     <span class='ocr_line' id='line_1_52' title="bbox 1016 3559 1649 3642; baseline -0.016 -15"><span class='ocrx_word' id='word_1_296' title='bbox 1016 3588 1066 3628; x_wconf 90' lang='lat' dir='ltr'><strong>um</strong></span> <span class='ocrx_word' id='word_1_297' title='bbox 1090 3579 1135 3628; x_wconf 90' lang='lat' dir='ltr'><strong>est</strong></span> <span class='ocrx_word' id='word_1_298' title='bbox 1154 3586 1223 3629; x_wconf 87' lang='lat' dir='ltr'><strong>area</strong></span> <span class='ocrx_word' id='word_1_299' title='bbox 1238 3563 1294 3627; x_wconf 89' lang='lat' dir='ltr'><strong>illo</strong></span> <span class='ocrx_word' id='word_1_300' title='bbox 1316 3562 1431 3626; x_wconf 84' lang='lat' dir='ltr'><strong>ambitu</strong></span> <span class='ocrx_word' id='word_1_301' title='bbox 1449 3559 1649 3642; x_wconf 77' lang='lat' dir='ltr'><strong>(Korsgang)</strong></span> 
     </span>
     <span class='ocr_line' id='line_1_53' title="bbox 1020 3661 1651 3774; baseline -0.024 -34"><span class='ocrx_word' id='word_1_302' title='bbox 1020 3677 1129 3774; x_wconf 68' lang='lat' dir='ltr'><strong>cincta,</strong></span> <span class='ocrx_word' id='word_1_303' title='bbox 1147 3693 1238 3759; x_wconf 88' lang='lat' dir='ltr'><strong>quam</strong></span> <span class='ocrx_word' id='word_1_304' title='bbox 1255 3670 1357 3731; x_wconf 90' lang='lat' dir='ltr'><strong>Sueno</strong></span> <span class='ocrx_word' id='word_1_305' title='bbox 1374 3667 1534 3754; x_wconf 85' lang='lat' dir='ltr'><strong>episcopus</strong></span> <span class='ocrx_word' id='word_1_306' title='bbox 1553 3661 1651 3743; x_wconf 77' lang='lat' dir='ltr'><strong>adin-</strong></span> 
     </span>
     <span class='ocr_line' id='line_1_54' title="bbox 1020 3769 1652 3863; baseline -0.027 -14"><span class='ocrx_word' id='word_1_307' title='bbox 1020 3799 1109 3850; x_wconf 83' lang='lat' dir='ltr'><strong>vante</strong></span> <span class='ocrx_word' id='word_1_308' title='bbox 1126 3798 1199 3863; x_wconf 84' lang='lat' dir='ltr'><strong>rege</strong></span> <span class='ocrx_word' id='word_1_309' title='bbox 1219 3779 1337 3860; x_wconf 87' lang='lat' dir='ltr'><strong>Canuto</strong></span> <span class='ocrx_word' id='word_1_310' title='bbox 1350 3783 1552 3850; x_wconf 82' lang='lat' dir='ltr'><strong>exstruxerat3</strong></span> <span class='ocrx_word' id='word_1_311' title='bbox 1580 3769 1652 3834; x_wconf 78' lang='lat' dir='ltr'><strong>rid.</strong></span> 
     </span>
     <span class='ocr_line' id='line_1_55' title="bbox 1016 3883 1131 3976; baseline -0.035 -24"><span class='ocrx_word' id='word_1_312' title='bbox 1016 3915 1046 3976; x_wconf 83' lang='lat' dir='ltr'><strong>p.</strong></span> <span class='ocrx_word' id='word_1_313' title='bbox 1061 3883 1131 3951; x_wconf 83' lang='grc'>598.</span> 
     </span>
    </p>

    <p class='ocr_par' dir='ltr' id='par_1_11' title="bbox 1019 3983 1663 4936">
     <span class='ocr_line' id='line_1_56' title="bbox 1062 3983 1655 4066; baseline -0.022 -11"><span class='ocrx_word' id='word_1_314' title='bbox 1062 3993 1257 4055; x_wconf 77' lang='lat' dir='ltr'><strong>⁸Glodiorum</strong></span> <span class='ocrx_word' id='word_1_315' title='bbox 1277 3983 1463 4051; x_wconf 78' lang='lat' dir='ltr'><strong>multitudine</strong></span> <span class='ocrx_word' id='word_1_316' title='bbox 1488 3985 1655 4066; x_wconf 81' lang='lat' dir='ltr'><strong>circumsu-</strong></span> 
     </span>
     <span class='ocr_line' id='line_1_57' title="bbox 1019 4091 1657 4182; baseline -0.027 -16"><span class='ocrx_word' id='word_1_317' title='bbox 1019 4097 1094 4182; x_wconf 84' lang='lat' dir='ltr'><strong>sum]</strong></span> <span class='ocrx_word' id='word_1_318' title='bbox 1104 4103 1208 4162; x_wconf 88' lang='lat' dir='ltr'><strong>Hocce</strong></span> <span class='ocrx_word' id='word_1_319' title='bbox 1223 4093 1403 4181; x_wconf 87' lang='lat' dir='ltr'><strong>periculum,</strong></span> <span class='ocrx_word' id='word_1_320' title='bbox 1418 4112 1434 4152; x_wconf 87' lang='lat' dir='ltr'><strong>a</strong></span> <span class='ocrx_word' id='word_1_321' title='bbox 1450 4091 1566 4152; x_wconf 85' lang='lat' dir='ltr'><strong>Saxone</strong></span> <span class='ocrx_word' id='word_1_322' title='bbox 1589 4108 1657 4172; x_wconf 80' lang='lat' dir='ltr'><strong>po-</strong></span> 
     </span>
     <span class='ocr_line' id='line_1_58' title="bbox 1021 4191 1657 4272; baseline -0.025 0"><span class='ocrx_word' id='word_1_323' title='bbox 1021 4222 1134 4272; x_wconf 84' lang='lat' dir='ltr'><strong>stremo</strong></span> <span class='ocrx_word' id='word_1_324' title='bbox 1156 4206 1225 4267; x_wconf 90' lang='lat' dir='ltr'><strong>loco</strong></span> <span class='ocrx_word' id='word_1_325' title='bbox 1249 4210 1537 4272; x_wconf 86' lang='lat' dir='ltr'><strong>commemoratum,</strong></span> <span class='ocrx_word' id='word_1_326' title='bbox 1562 4191 1657 4256; x_wconf 89' lang='lat' dir='ltr'><strong>idem</strong></span> 
     </span>
     <span class='ocr_line' id='line_1_59' title="bbox 1023 4299 1660 4390; baseline -0.022 -13"><span class='ocrx_word' id='word_1_327' title='bbox 1023 4314 1114 4377; x_wconf 84' lang='lat' dir='ltr'><strong>fuisse</strong></span> <span class='ocrx_word' id='word_1_328' title='bbox 1128 4309 1258 4387; x_wconf 83' lang='lat' dir='ltr'><strong>ridetur,</strong></span> <span class='ocrx_word' id='word_1_329' title='bbox 1280 4321 1370 4390; x_wconf 88' lang='lat' dir='ltr'><strong>atque</strong></span> <span class='ocrx_word' id='word_1_330' title='bbox 1382 4301 1470 4380; x_wconf 88' lang='lat' dir='ltr'><strong>illud,</strong></span> <span class='ocrx_word' id='word_1_331' title='bbox 1491 4299 1573 4386; x_wconf 87' lang='lat' dir='ltr'><strong>quod</strong></span> <span class='ocrx_word' id='word_1_332' title='bbox 1598 4321 1660 4364; x_wconf 84' lang='lat' dir='ltr'><strong>au-</strong></span> 
     </span>
     <span class='ocr_line' id='line_1_60' title="bbox 1023 4406 1660 4496; baseline -0.031 -10"><span class='ocrx_word' id='word_1_333' title='bbox 1023 4435 1075 4488; x_wconf 87' lang='lat' dir='ltr'><strong>tor</strong></span> <span class='ocrx_word' id='word_1_334' title='bbox 1089 4418 1223 4483; x_wconf 74' lang='lat' dir='ltr'><strong>historias</strong></span> <span class='ocrx_word' id='word_1_335' title='bbox 1240 4413 1475 4496; x_wconf 78' lang='lat' dir='ltr'><strong>Ilnytlingorum</strong></span> <span class='ocrx_word' id='word_1_336' title='bbox 1492 4406 1660 4485; x_wconf 72' lang='lat' dir='ltr'><strong>thadoni,</strong></span> 
     </span>
     <span class='ocr_line' id='line_1_61' title="bbox 1025 4507 1662 4614; baseline -0.024 -24"><span class='ocrx_word' id='word_1_337' title='bbox 1025 4547 1118 4614; x_wconf 88' lang='lat' dir='ltr'><strong>quum</strong></span> <span class='ocrx_word' id='word_1_338' title='bbox 1136 4523 1266 4609; x_wconf 87' lang='lat' dir='ltr'><strong>primum</strong></span> <span class='ocrx_word' id='word_1_339' title='bbox 1286 4517 1451 4582; x_wconf 89' lang='lat' dir='ltr'><strong>triclinium</strong></span> <span class='ocrx_word' id='word_1_340' title='bbox 1465 4507 1662 4598; x_wconf 81' lang='lat' dir='ltr'><strong>reliquisset,</strong></span> 
     </span>
     <span class='ocr_line' id='line_1_62' title="bbox 1024 4617 1662 4697; baseline -0.025 1"><span class='ocrx_word' id='word_1_341' title='bbox 1024 4637 1205 4697; x_wconf 88' lang='lat' dir='ltr'><strong>intentatum</strong></span> <span class='ocrx_word' id='word_1_342' title='bbox 1225 4627 1315 4690; x_wconf 85' lang='lat' dir='ltr'><strong>fuisse</strong></span> <span class='ocrx_word' id='word_1_343' title='bbox 1331 4623 1445 4688; x_wconf 86' lang='lat' dir='ltr'><strong>statuit.</strong></span> <span class='ocrx_word' id='word_1_344' title='bbox 1480 4619 1567 4684; x_wconf 86' lang='lat' dir='ltr'><strong>Utin</strong></span> <span class='ocrx_word' id='word_1_345' title='bbox 1582 4617 1662 4696; x_wconf 92' lang='lat' dir='ltr'><strong>illo,</strong></span> 
     </span>
     <span class='ocr_line' id='line_1_63' title="bbox 1024 4727 1663 4818; baseline -0.02 -15"><span class='ocrx_word' id='word_1_346' title='bbox 1024 4743 1066 4804; x_wconf 88' lang='lat' dir='ltr'><strong>ita</strong></span> <span class='ocrx_word' id='word_1_347' title='bbox 1081 4737 1187 4800; x_wconf 83' lang='lat' dir='ltr'><strong>in-hoc</strong></span> <span class='ocrx_word' id='word_1_348' title='bbox 1200 4753 1320 4818; x_wconf 83' lang='lat' dir='ltr'><strong>quoque</strong></span> <span class='ocrx_word' id='word_1_349' title='bbox 1340 4727 1583 4793; x_wconf 82' lang='lat' dir='ltr'><strong>adversariorum</strong></span> <span class='ocrx_word' id='word_1_350' title='bbox 1601 4728 1663 4791; x_wconf 84' lang='lat' dir='ltr'><strong>ali·</strong></span> 
     </span>
     <span class='ocr_line' id='line_1_64' title="bbox 1022 4821 1444 4936; baseline -0.024 -27"><span class='ocrx_word' id='word_1_351' title='bbox 1022 4846 1088 4936; x_wconf 86' lang='lat' dir='ltr'><strong>quis</strong></span> <span class='ocrx_word' id='word_1_352' title='bbox 1100 4843 1188 4908; x_wconf 89' lang='lat' dir='ltr'><strong>saluti</strong></span> <span class='ocrx_word' id='word_1_353' title='bbox 1201 4839 1267 4922; x_wconf 88' lang='lat' dir='ltr'><strong>ejus</strong></span> <span class='ocrx_word' id='word_1_354' title='bbox 1287 4821 1444 4905; x_wconf 78' lang='lat' dir='ltr'><strong>consuluit.</strong></span> 
     </span>
    </p>
   </div>
   <div class='ocr_carea' id='block_1_10' title="bbox 0 0 1805 5460">
    <p class='ocr_par' dir='ltr' id='par_1_12' title="bbox 0 0 1805 5460">
     <span class='ocr_line' id='line_1_65' title="bbox 0 0 1805 5460; baseline 0 0"><span class='ocrx_word' id='word_1_355' title='bbox 0 0 1805 5460; x_wconf 95' lang='lat' dir='ltr'><strong> </strong></span> 
     </span>
    </p>
   </div>
  </div>
 </body>
</html>
