3536 5462
688 289 1016 364 thottttattth
1039 295 1060 362 l.
1405 293 1477 364 905

211 515 283 588 tus,
307 521 354 568 an
371 510 505 568 tantum
532 493 672 570 fiducia
694 502 729 570 in
747 500 946 572 innocentia
970 521 1033 571 sua
1051 481 1251 594 reponeret,
1276 489 1314 572 ul
1332 495 1443 596 hujus
1459 523 1526 586 ex-

210 620 398 720 perimenti
420 616 549 692 indicio
570 641 671 716 spem
691 617 906 692 defensionis
923 635 1043 720 petere
1060 618 1228 706 auderet,
1254 644 1385 718 anceps
1402 619 1439 692 id
1454 647 1525 720 ge-

207 767 278 816 nus
300 767 370 814 nee
399 765 543 840 semper
561 741 735 815 miraculo
759 741 948 842 praeditum
967 740 1096 839 ajebat,
1122 743 1222 840 quod
1248 740 1467 840 plerumque
1493 755 1526 814 et

207 871 363 940 insontes
386 861 558 936 damnare
583 879 616 934 et
646 869 773 938 noxios
795 865 986 940 absolvere
1003 862 1127 953 soleat,
1152 865 1388 961 fortuitosque
1408 865 1525 938 maxi-

206 1015 266 1062 me
292 991 613 1086 experimentorum
640 1004 789 1060 eventus
814 987 956 1059 habeat.
1008 991 1133 1086 Neque
1155 989 1248 1058 euim
1267 984 1424 1078 divinam
1448 1013 1525 1085 po·-

206 1119 352 1188 tentiam
368 1127 462 1184 tanta
481 1109 682 1184 mortalium
699 1135 786 1184 cura
801 1109 971 1206 flagrare,
1002 1125 1041 1180 ut
1065 1106 1288 1206 quibuslibet
1309 1135 1434 1182 eorum
1451 1097 1524 1183 vo·
1591 1189 1593 1193 ,

205 1238 250 1312 tis
280 1259 399 1308 rerum
431 1251 594 1306 naturam
616 1230 745 1306 cedere
769 1230 970 1328 compellat.
1043 1232 1216 1328 Suspecta
1250 1230 1431 1331 plerisque
1456 1255 1523 1304 re·-

208 1362 357 1458 sponsio
376 1355 451 1426 luit.
502 1359 596 1427 Tum
620 1355 725 1444 duce,
752 1378 862 1454 quarn
887 1377 907 1424 a
930 1379 969 1426 se
987 1379 1093 1452 opem
1117 1379 1265 1450 sperare
1291 1353 1433 1440 debeat,
1458 1357 1520 1452 qui

205 1483 291 1554 tanti
312 1478 466 1552 criminis
486 1477 724 1574 objectionem
743 1484 867 1576 patriis
887 1477 1047 1550 institutis
1066 1475 1228 1550 refellere
1242 1475 1363 1566 nollet,
1387 1479 1521 1550 arctius

204 1609 447 1702 perquirente,
472 1597 561 1700 quid
578 1617 711 1700 ageret,
728 1605 894 1684 incertus,
912 1596 1136 1696 aliquamdiu
1153 1601 1316 1694 responsi
1337 1600 1520 1672 cunctati-

201 1749 310 1800 onem
324 1722 491 1796 exhibuit
543 1720 703 1794 Tandem
728 1721 901 1794 ulterioris
919 1719 1092 1820 profugii¹
1115 1721 1316 1794 'dillideutia
1334 1719 1522 1814 adductus,

202 1846 295 1922 ultro
319 1869 439 1944 regem
456 1841 635 1918 aditurum
658 1869 698 1918 se
714 1842 810 1932 dixit,
837 1844 866 1915 si
883 1843 963 1934 sibi,
990 1869 1247 1942 quemcunque
1266 1869 1374 1920 causa
1390 1849 1519 1920 exitum

200 1971 404 2059 sortiretur,
429 1971 645 2064 impunitatis
662 1965 752 2040 fides
778 1964 933 2040 daretur.
986 1971 1026 2038 ln
1046 1967 1151 2064 cujus
1171 1965 1310 2040 liduuiae
1335 1964 1522 2041 certitudi-

200 2119 284 2168 nem
309 2089 525 2168 stabularius
547 2091 748 2188 sponsionis
773 2113 849 2162 suae
872 2095 1003 2188 pignus
1029 2088 1156 2160 offerre
1179 2092 1306 2186 erepit,
1340 2090 1521 2188 praelatus,

199 2215 341 2314 capitali
364 2215 511 2287 erimine
528 2211 701 2286 damnatis
718 2213 841 2311 patriae
863 2208 952 2310 legIs
974 2213 1131 2284 instituto
1155 2209 1338 2284 dilabendi
1362 2212 1521 2290 inducias

201 2337 557 2436 tribui‚‚iisdernque
579 2361 600 2410 e
627 2337 776 2434 vestigio
803 2331 1020 2432 supplicium
1044 2337 1205 2430 irrogari,
1236 2334 1333 2408 netas
1358 2333 1521 2408 lraberi2.

204 2465 285 2554 Qua
299 2463 453 2560 Magnus
472 2458 654 2533 oblatione
670 2472 887 2554 contempta,
913 2455 1028 2530 solam
1043 2454 1233 2530 Absaloais
1252 2457 1362 2530 fidem
1376 2481 1415 2554 se
1434 2459 1522 2554 pig·

201 2587 300 2660 noris
320 2583 399 2656 loco
413 2597 646 2682 recepturum
663 2581 821 2654 asseruit.
871 2585 961 2673 Quae
980 2605 1061 2654 oum
1081 2604 1142 2652 rer
1160 2607 1201 2652 ua
1220 2579 1338 2680 legato
1357 2577 1519 2676 cogn'ns-

202 2725 275 2799 aet,
302 2702 452 2806 epistola
476 2703 558 2777 duci
581 2700 759 2793 redditur,
807 2727 879 2800 qua
903 2705 1036 2800 Magno
1060 2701 1130 2774 sub
1160 2701 1348 2776 Alisalonis
1371 2701 1520 2776 obtentu
1548 2755 1551 2768 .

201 3001 299 3073 Lose,
318 3001 356 3074 V,
377 2991 423 3072 4),
443 2997 485 3058 ita
506 2993 569 3056 iera
595 2994 834 3058 latiaereddea·
890 2995 949 3078 ptis
981 2992 1056 3078 legis
1084 2997 1259 3073 castrensis,
1295 3014 1331 3058 ex
1360 2994 1395 3056 iis
1426 3003 1521 3076 patet,

202 3105 273 3170 dus:
302 3105 418 3190 Quodsi
437 3105 600 3185 injudicio
625 3110 834 3192 comparuerit,
889 3121 957 3204 (μαῖ’
982 3101 1061 3164 Saxo
1091 3113 1193 3180 noster
1212 3121 1303 3185 supra
1330 3123 1360 3184 p.
1383 3095 1520 3162 530-539

200 3229 359 3296 atquem
381 3208 496 3285 (aeter)
521 3209 643 3272 duorum
663 3213 833 3272 cominilr‘to·
890 3205 926 3268 de
965 3205 1020 3268 hae
1048 3207 1282 3292 proscriptionis
1310 3207 1428 3269 ratione
1462 3203 1521 3266 dis·

202 3341 269 3382 aum
282 3319 458 3388 testimonio,
469 3317 663 3398 jurejurando
678 3321 832 3404 ritterposr‘·
886 3311 991 3382 seruit,
1016 3311 1136 3388 additis,
1159 3335 1227 3398 quae
1249 3325 1410 3398 supersunt
1431 3307 1519 3389 (inid.

200 3423 615 3508 to,err'urinatioaemprodare
628 3427 738 3506 possit,
756 3427 835 3506 quod
889 3417 995 3500 citata)
1023 3439 1057 3479 ex
1085 3419 1341 3481 commentatione
1369 3419 1518 3482 St'enouis

199 3531 264 3610 ejus
287 3545 340 3592 aut
363 3533 453 3590 uitam
483 3545 535 3588 aut
561 3550 680 3610 reguum
707 3531 832 3614 prodere
889 3526 1026 3609 Aggonis
1048 3523 1102 3586 filii
1128 3525 1165 3588 de
1188 3525 1293 3586 eadem
1314 3545 1357 3588 re.
1408 3523 1518 3586 Mirum

200 3639 339 3706 uoluerit,
358 3660 436 3704 reus,
452 3640 591 3697 societate
602 3637 832 3696 mt'lt'tart'exclu·
888 3633 982 3713 igitur
1013 3629 1150 3705 videtur,
1194 3630 1278 3713 quod
1308 3633 1434 3712 Magnus
1460 3629 1520 3692 hoe

201 3743 333 3812 dendus,
369 3747 551 3824 semetipsam
571 3741 727 3828 ¹perdidit.
798 3743 835 3802 St
891 3747 1079 3819 preceptum
1095 3736 1218 3821 antiqua
1229 3735 1521 3797 consvetudinesan-

199 3851 406 3910 commilitones
433 3849 509 3908 illud
527 3847 725 3928 Jirrejuruado
745 3854 836 3910 iuterr-
886 3843 986 3903 'eitum
1018 3841 1160 3923 ignorare
1187 3844 1233 3904 rel
1263 3843 1382 3904 irritum
1412 3851 1519 3923 putare

195 3958 295 4040 posim
333 3958 439 4016 testari
470 3975 530 4014 aon
570 3953 692 4025 auderat,
719 3955 835 4035 judicio
890 3947 1001 4030 potuit.
1053 3947 1166 4010 Verum
1189 3947 1229 4010 ob
1249 3947 1353 4009 oculus
1376 3947 1403 4010 oi
1425 3966 1522 4008 rurus·

199 4061 270 4130 Dei,
298 4061 405 4130 idest,
432 4061 546 4140 judiu'o
565 4061 650 4142 serrr‘
668 4063 834 4130 caedentis,
890 4051 980 4115 balur
999 4055 1168 4138 exemptam
1192 4054 1321 4129 Burisii,
1343 4052 1405 4138 qui,
1429 4073 1521 4136 quum

200 4183 255 4228 aut
274 4166 461 4230 damnabitur
483 4183 536 4230 aut
556 4167 729 4230 absolvetur.
767 4163 832 4228 Cir.
890 4162 922 4248 ip
944 4159 1047 4221 eadem
1071 4171 1149 4220 esset
1168 4157 1353 4234 conditione,
1376 4159 1450 4242 legis
1471 4157 1523 4220 be·

201 4292 294 4356 supro
315 4295 347 4357 p.
368 4269 432 4334 529
463 4293 507 4358 sq.
889 4267 998 4330 delicio
1039 4265 1119 4352 regis
1155 4261 1281 4350 arbitrio
1318 4265 1453 4326 exclusus
1491 4265 1521 4324 in

247 4373 425 4464 ¹Prosugii]
445 4377 544 4440 Error
565 4375 768 4461 typographi,
786 4377 835 4440 oui
890 4393 1041 4436 carcerum
1061 4369 1219 4452 conjectus
1241 4379 1286 4429 est
1309 4365 1349 4450 (r.
1361 4389 1384 4430 s.
1403 4364 1522 4455 p.810;

193 4487 327 4572 profugi
353 4483 385 4546 in
415 4481 460 4545 ed.
493 4482 602 4567 Stepb.
621 4480 768 4559 debetur,
802 4483 833 4544 iu
889 4477 946 4542 cir.
970 4476 1046 4562 disq.
1067 4475 1105 4537 ‹le
1127 4495 1226 4559 poena
1254 4473 1376 4536 Burisio
1404 4471 1522 4537 inllicta

201 4587 251 4654 ed.
268 4589 369 4654 illota.
389 4590 524 4654 iteretur.
887 4585 967 4646 inter
986 4595 1050 4646 not.
1064 4580 1212 4658 uberior.)
1246 4579 1317 4642 ldeo
1332 4581 1523 4664 noluitdiag-

245 4698 407 4783 'Capituli
426 4738 467 4760 ...
489 4694 575 4780 nefas
592 4689 707 4774 babere]
733 4692 833 4756 Etiam
891 4711 945 4752 nus
967 4687 1079 4766 redire,
1100 4685 1156 4750 uisi
1176 4685 1311 4750 Absalon
1331 4685 1421 4748 iidem
1441 4707 1523 4747 suam

199 4802 268 4866 lane
298 4815 500 4868 eonmntsnss
530 4819 594 4866 etse
624 4819 691 4864 eum
720 4817 834 4884 prece·
891 4796 1111 4881 interponeret.
