3536 5462
612 321 942 398 WALDEMARUS
960 323 985 394 1.
1326 327 1400 402 927

144 529 259 628 copiis
286 525 388 629 apud
409 527 594 626 Falstrimq
620 528 772 622 obrius,
791 547 917 606 vocata
936 533 1117 630 majorum
1141 534 1329 624 concione,
1358 559 1453 635 pro-

143 658 262 726 visum
287 651 373 746 sibi,
403 651 535 751 inquit,
568 653 722 751 parvula
747 678 856 728 manu
880 677 1029 754 magnas
1044 651 1211 728 ‘hostium
1235 661 1358 755 copias
1380 684 1456 732 non

143 771 337 865 lacessere,
366 799 447 848 eanr
471 771 602 848 militiae
628 773 864 849 conditionem
888 775 1054 868 habenti,
1077 777 1135 850 cui
1156 775 1353 877 plurimum
1367 780 1454 882 glo-

143 899 206 971 riae
238 895 296 972 vel
326 898 512 998 opprobrii
537 896 722 973 debeatur.
789 900 1035 992 Quamobrem
1066 923 1106 973 se
1131 905 1249 998 potius
1283 902 1456 978 Absaloni

146 1021 366 1119 Kanutoque
400 1019 476 1093 filio
492 1020 723 1119 expeditionis
747 1047 923 1110 summam
949 1025 1187 1113 committere,
1210 1028 1238 1098 si
1266 1022 1360 1100 bene
1381 1053 1456 1100 rem

143 1158 327 1241 gererent,
356 1142 618 1241 aliquantulum
643 1142 779 1234 laudis,
806 1146 837 1218 si
861 1143 973 1237 male,
1006 1171 1135 1242 parum
1163 1147 1326 1243 vituperii
1355 1148 1458 1220 rela-

145 1267 243 1340 turis.
297 1265 351 1339 llli
374 1268 479 1365 jussis
511 1265 672 1339 celeriter
695 1263 905 1366 obsequnti,
939 1269 1186 1368 Rugianorum
1205 1270 1309 1342 etiam
1332 1267 1457 1366 classe,

145 1404 281 1486 quanta
311 1389 429 1464 subito
462 1387 624 1464 contrahi
651 1403 808 1488 poterat,
852 1388 986 1487 adjuti,
1028 1395 1201 1466 incessata
1233 1395 1458 1494 navigatione

145 1513 390 1588 Ostroznam¹
436 1512 630 1605 accedunt,
664 1517 699 1584 in
726 1512 939 1612 occupando
962 1512 1065 1588 hoste
1086 1537 1159 1586 non
1183 1516 1299 1590 minus
1326 1515 1457 1592 celeri-

146 1649 218 1708 tate
244 1661 355 1735 qnam
384 1633 532 1710 audacia
567 1634 678 1708 usuri.
744 1637 918 1727 Quorum
934 1651 1007 1709 tam
1042 1632 1155 1710 latens
1185 1641 1456 1740 improvisaque

146 1761 300 1858 irruptio
322 1759 442 1850 extitit,
472 1773 512 1832 ut
530 1756 723 1858 plerosque
747 1756 956 1832 Sclavornm
980 1757 1078 1832 domi
1099 1759 1301 1856 inopinatos
1323 1765 1457 1863 oppri-

146 1899 302 1977 merent,
335 1883 631 1983 provinciamque
656 1881 796 1979 penitus
820 1883 998 1955 incautam
1027 1895 1240 1976 vastassent,
1269 1885 1308 1956 ni
1329 1889 1457 1960 incen-

146 2001 210 2079 dio
236 2002 383 2079 demum
398 2004 448 2078 ab
469 2003 698 2078 inertioribos
721 2003 818 2077 edito
838 2003 1089 2102 proderentur.
1140 2003 1217 2082 Illic
1244 2005 1337 2081 binis
1362 2006 1457 2085 forte

144 2125 282 2204 Sclsvis
307 2127 450 2227 navigio
472 2125 597 2226 fugam
622 2126 882 2225 querentibus,
908 2152 1022 2225 quum
1049 2126 1202 2204 alterum
1220 2154 1243 2201 a
1262 2132 1459 2218 {Gerimaro

145 2249 208 2323 teli
238 2253 336 2351 jactu
365 2265 584 2350 prostratum
610 2247 772 2346 reliquus
805 2247 927 2324 ulcisci
954 2267 1122 2349 cuperet,
1167 2252 1320 2352 cognito,
1351 2235 1459 2354 ¹qnod

146 2376 393 2473 lingianorum
416 2372 548 2448 ducem
581 2387 784 2471 appeteret,
815 2373 887 2447 telo
914 2373 1151 2448 verecundius
1174 2373 1330 2474 abjecto,
1361 2375 1459 2451 dila-

148 2499 255 2574 bitur.
303 2501 415 2572 'l'anta
429 2493 540 2596 qapnd
562 2495 656 2568 hanc
675 2512 816 2594 gentem
835 2501 920 2570 viris
945 2499 981 2570 in
998 2497 1138 2598 fastigio
1162 2489 1285 2596 positis
1305 2524 1457 2574 venera-

146 2625 197 2700 tio
214 2620 391 2725 penditur.
438 2624 575 2694 interea
593 2615 714 2692 classis
736 2642 803 2718 per
825 2623 962 2694 Penum
984 2645 1126 2694 amnem
1142 2619 1278 2719 allapsa
1294 2626 1325 2713 ²,
1344 2624 1460 2721 equis,

145 2769 243 2847 quos
261 2751 351 2822 inter
368 2769 501 2846 pascua
515 2741 656 2842 reperit,
680 2741 804 2840 captis,
820 2741 1070 2843 Walagostum
1086 2741 1324 2842 progreditur.
1350 2747 1462 2844 Cujus

147 2885 261 2972 ponte
282 2867 445 2968 disjecto,
466 2866 688 2963 transituque
709 2862 902 2940 obstaculis
922 2864 1143 2958 vacuefacto,
1165 2883 1314 2964 propter
1328 2871 1461 2944 moenia

148 2991 327 3068 anchoras
347 2991 451 3090 jacit,
477 2985 670 3088 oppidanis
694 2991 867 3086 imparata
883 2987 1004 3062 adbuc
1018 3003 1192 3062 tormenta
1215 2991 1461 3068 tractantibus.

147 3113 288 3190 Eadem
318 3110 517 3188 obsidionis
553 3109 702 3186 fastidiis
736 3112 984 3210 navigationis·
1003 3107 1189 3210 dispendia
1220 3086 1463 3213 anteponens,

148 3259 226 3314 tam
253 3260 386 3337 vagum
415 3257 654 3333 sparsumque
676 3233 808 3308 militiae
830 3259 943 3333 genus
967 3251 1090 3310 secuta
1114 3249 1186 3325 est,
1225 3251 1265 3310 ut
1296 3235 1462 3313 hostibus

147 3384 276 3438 errore
299 3355 508 3448 ludificaris,
537 3357 686 3430 ubinam
721 3358 874 3432 maxime
899 3381 965 3432 sua
996 3359 1088 3434 tueri
1114 3357 1306 3452 deberent,
1337 3361 1461 3438 incer-

148 3501 229 3558 tum
253 3481 501 3582 relinquerent.
547 3478 731 3580 Siquidem
755 3477 893 3556 evitatis
909 3477 1012 3571 locis,
1038 3482 1075 3553 in
1103 3480 1238 3580 quibus
1253 3505 1316 3555 eos
1333 3483 1462 3560 obvios

148 3602 332 3696 habebat,
356 3601 606 3678 defensoribus
628 3625 741 3676 vacua
769 3600 933 3700 petebat,
967 3601 1100 3700 quibus
1125 3602 1252 3676 eadem
1281 3603 1462 3680 aeceden-

148 3729 249 3806 tibus
276 3753 320 3800 ex
343 3725 507 3802 consulto
530 3723 699 3814 cedebat,
734 3722 839 3796 etad
866 3737 983 3820 partes
1012 3722 1181 3822 presidio
1206 3742 1365 3802 carentes
1387 3737 1490 3830 mig

147 3852 263 3926 litiam
294 3849 541 3924 transferebat.
598 3851 645 3922 Et
667 3871 714 3920 ne
743 3843 818 3922 ulla
859 3849 1082 3944 negotiorum
1123 3846 1332 3922 intermissio
1358 3849 1464 3943 iuret,

147 3973 333 4076 peditibus
354 3971 504 4070 remigio
526 3987 670 4064 noctes,
700 3993 829 4046 somno
862 3967 937 4042 dies
966 3971 1127 4069 exigere,
1162 3969 1343 4068 equitibus
1375 3996 1463 4048 vero

147 4115 363 4173 nocturnam
384 4097 544 4193 requiem
573 4093 710 4169 diurnis
732 4093 865 4170 militiae
892 4086 1079 4167 laboribus
1102 4090 1302 4192 rependere
1316 4085 1464 4170 'consti-

148 4237 280 4296 tutum.
336 4218 538 4292 Adversum
569 4241 678 4315 quem
708 4217 961 4302 excursationis
989 4209 1141 4288 modum
1171 4213 1404 4314 Rogizslarns
1429 4233 1465 4292 et
1531 4205 1541 4226 '

149 4344 363 4418 Kazimarus
383 4337 472 4414 nihil
486 4339 523 4412 in
539 4343 647 4416 armis
668 4337 817 4412 remedii
843 4337 1031 4429 ducentes,
1052 4336 1315 4433 animadverso,
1339 4341 1464 4439 patriae
1528 4363 1535 4378 ·

150 4467 361 4560 vastitatem,
384 4479 589 4552 nostrorum
612 4487 688 4536 non
703 4467 823 4537 minus
845 4460 999 4562 agilitate
1014 4485 1126 4560 quarn
1147 4459 1287 4538 viribus
1307 4460 1464 4537 inchoa·

207 4747 218 4782 ¹
249 4737 438 4824 Ostroznam]
468 4735 533 4806 cfr.
552 4761 643 4828 supra
671 4765 701 4828 p.
719 4735 783 4806 807
882 4742 896 4777 ²
916 4741 976 4801 Per
992 4739 1103 4804 Porum
1124 4736 1254 4832 allapsa]
1286 4733 1352 4804 Cir.
1372 4755 1465 4822 snpra

151 4849 318 4938 tqinnot.
326 4847 449 4931 (Paullo
457 4859 527 4916 ante
535 4843 582 4913 ed.
600 4846 616 4916 l
637 4847 784 4928 r'ursr'bus).
838 4865 870 4930 p.
893 4840 973 4926 921,
994 4857 1060 4912 not.
1081 4843 1109 4912 l.
