3508 5460
624 273 952 344 tvunnusnus
971 277 996 342 1.
1203 253 1207 264 '
1339 271 1409 342 791

135 485 281 580 insignis
298 481 482 557 industriae
499 486 576 574 viri,
595 508 747 580 regnum
773 491 822 576 ei,
849 485 952 584 quod
977 490 1107 581 partim
1133 487 1303 578 proprio,
1331 486 1462 580 partim

135 603 253 678 alieno
281 603 417 680 scelere
440 607 682 702 quaesivisset,
706 623 822 718 tutpm
845 609 1127 700 intentatumque
1149 610 1343 699 persistere.
1399 611 1463 680 ln-

134 725 285 826 dignum
310 752 459 826 quoque
483 728 734 828 compluribus
756 732 886 813 visum,
908 745 946 800 ut
966 728 1100 802 homini
1115 725 1282 800 ridiculas
1299 731 1463 825 corporis

133 865 236 922 notas
252 846 398 922 habenti
419 849 572 923 liberum
587 851 759 949 regnandi
776 852 900 925 locum
919 850 1071 922 militum
1088 873 1238 922 suorum
1256 849 1462 922 conciliaret

133 975 305 1070 impietas.
358 976 591 1070 Quapropter
605 976 833 1073 Haqurnum
859 1001 970 1072 quem
988 973 1078 1064 drxr,
1103 971 1266 1044 lectionis
1287 999 1362 1045 suae
1382 972 1459 1044 du-

132 1119 207 1166 cem
227 1109 400 1183 creantes,
427 1095 578 1192 ejusque
597 1098 810 1194 tyrocinium
828 1097 926 1196 regin
946 1099 1092 1168 nomine
1108 1110 1344 1182 venustantes,
1373 1095 1459 1168 bel-

133 1217 207 1290 lum
235 1215 428 1288 adversum
451 1221 625 1314 lngouem
649 1217 866 1307 decernunt,
900 1235 934 1290 et
960 1224 1060 1316 quasi
1088 1213 1224 1290 Sivardi
1251 1215 1310 1290 vel
1337 1206 1458 1290 (lsteui

132 1363 255 1411 inanes
276 1337 391 1430 ulturi,
417 1339 548 1412 crebro
566 1367 728 1439 pugnam
747 1367 831 1414 cum
848 1341 1015 1416 hostibus
1032 1346 1162 1412 ineunt.
1216 1341 1349 1412 Verum
1367 1338 1458 1436 plu-

133 1461 235 1534 ribus
264 1466 440 1538 continuis
469 1462 602 1561 praeliis
625 1463 784 1554 subacti,
808 1465 845 1534 in
870 1465 1020 1537 Svetiam
1043 1461 1189 1536 tandem
1212 1488 1296 1535 eum
1318 1461 1459 1561 pupillo

135 1583 336 1683 diffugiunt.
398 1588 500 1678 Quos
521 1587 610 1684 lngo
636 1611 754 1685 prope
777 1586 993 1660 Sialandiam
1016 1585 1164 1686 fugandi
1184 1584 1304 1658 studio
1322 1586 1458 1660 subse-

135 1726 260 1796 cutus,
287 1731 418 1808 magna
442 1705 598 1780 hostium
623 1725 725 1806 parte
750 1713 978 1810 propinquas
1001 1709 1132 1810 pelago
1157 1707 1278 1806 sylvas
1306 1724 1460 1806 petente,

133 1829 354 1904 absalonem
376 1855 443 1928 per
469 1829 607 1928 legatos
634 1831 817 1921 sollicitat,
850 1859 932 1923 eos,
965 1839 1027 1932 qul
1054 1841 1089 1904 in
1110 1831 1276 1904 littoralia
1309 1857 1456 1902 nemora

130 1953 385 2052 profugerant,
410 1951 640 2050 prendendos
667 1974 815 2028 curaret.
868 1933 977 2050 Qirod
991 1955 1151 2028 Absalon
1177 1953 1364 2027 honestate
1392 1981 1457 2026 soa

130 2101 172 2148 ae
194 2075 366 2175 dignitate
394 2073 584 2173 iudignum
609 2076 795 2174 judicans,
829 2103 959 2177 parum
986 2080 1157 2176 preeibus
1184 2078 1457 2175 obtemperavit.

131 2205 330 2298 Appetente
351 2197 499 2296 hyeme,
524 2205 586 2297 qui
607 2227 688 2274 cum
710 2205 878 2300 llaquino
896 2203 1141 2302 profugerant,
1168 2207 1322 2300 patriam
1342 2227 1455 2298 repe-

129 2339 203 2395 tere
218 2319 351 2412 adorsi,
377 2331 548 2420 tanquam
564 2322 746 2396 fortunam
769 2324 853 2398 loco
877 2329 1064 2418 mutaturi,
1091 2324 1216 2423 praelio
1240 2332 1275 2395 iu
1290 2324 1457 2422 hyberna

129 2446 242 2544 glaeie
260 2463 443 2536 conserto,
469 2448 698 2544 Gregorium,
725 2472 876 2521 summae
894 2447 1304 2547 postregemdignitatis
1328 2452 1456 2532 virum,

129 2593 238 2640 uranu
259 2585 295 2641 et
315 2567 463 2642 consilio
481 2585 704 2668 promptum,
730 2571 857 2671 inquo
880 2597 964 2670 spes
979 2588 1013 2643 et
1037 2571 1171 2644 lidueia
1188 2570 1332 2668 lagonis
1354 2569 1457 2665 quasi

129 2689 290 2790 quodam
312 2690 457 2764 cardine
481 2691 678 2779 nitebatur,
713 2719 787 2766 non
822 2695 939 2768 minus
975 2696 1141 2767 acumine
1179 2718 1290 2792 quarn
1318 2691 1456 2764 viribus

131 2816 206 2902 usi,
232 2839 315 2885 cum
335 2815 504 2888 omnibus
525 2817 638 2913 copiis
662 2815 907 2889 deleverunt¹.
968 2815 1154 2915 Siquidem
1178 2817 1214 2886 in
1232 2840 1313 2887 eam
1331 2813 1455 2912 glaciei

129 2954 288 3034 partem,
322 2941 425 3038 cujus
456 2939 658 3010 firmitatem
687 2943 868 3013 nocturnis
897 2941 1139 3014 excisionibus
1173 2937 1456 3022 debilitaverunt,

130 3056 243 3158 praelii
265 3075 427 3156 ternpore
451 3078 654 3158 protractos
687 3061 806 3134 hostes
834 3059 1059 3160 profundum
1094 3078 1214 3162 petere
1249 3075 1453 3160 coegerunt.

128 3189 167 3254 ln
185 3205 343 3281 quorum
361 3201 474 3256 morte
490 3188 578 3283 lngo
596 3190 787 3258 maximam
807 3189 884 3285 spei
901 3205 1038 3285 partem
1060 3185 1242 3284 deposuit,
1269 3209 1335 3256 nec
1350 3205 1456 3256 secus

128 3307 248 3376 animo
273 3331 383 3402 quam
403 3306 540 3381 viribus
556 3308 704 3400 fractus,
719 3309 906 3382 exitiosum
925 3311 993 3384 sibi
1008 3309 1170 3382 fidissimi
1190 3307 1338 3378 fautoris
1356 3307 1455 3374 Gre-

32 3409 35 3418 ¹
128 3430 219 3526 gorii
240 3430 418 3502 interitum
439 3433 617 3503 ominatus
638 3449 702 3504 est.
763 3431 926 3504 Tandem
945 3436 1142 3506 instaurato
1162 3430 1274 3520 bello,
1300 3427 1364 3503 sed
1385 3426 1457 3498 ad-

127 3551 202 3624 huc
223 3549 352 3623 eodem
379 3577 556 3652 aquarum
583 3551 706 3626 habitu
735 3563 963 3652 persistente,
990 3555 1104 3628 nihilo
1126 3553 1263 3626 felicius
1280 3551 1458 3646 Gregorio
1534 3637 1537 3643 Ι

126 3669 288 3770 glacialis
314 3673 477 3750 elementi
504 3677 682 3750 fortunam
708 3681 858 3750 tentavit.
928 3677 1134 3776 Siquidem,
1166 3675 1283 3776 gelato
1310 3678 1399 3746 ruari
1422 3679 1457 3741 in

126 3821 264 3894 pugnae
286 3793 407 3870 locum
434 3799 567 3893 eleeto,
593 3799 681 3872 dum
701 3803 782 3900 ejus
800 3801 926 3874 duritia
943 3803 1045 3898 quasi
1065 3825 1277 3898 camporum
1294 3797 1458 3870 lirmitate

126 3917 326 4018 gauderet,
352 3947 563 4021 quanquam
589 3923 741 3998 militum
767 3949 921 3997 numero
946 3939 1151 4021 praestaret,
1187 3947 1271 3994 cum
1288 3918 1456 4014 omnibus

126 4067 244 4140 paene
269 4045 382 4140 copiis
404 4045 637 4146 interemptus
661 4056 750 4140 est²;
785 4048 1111 4146 luensque‘poenas
1130 4071 1195 4120 seu
1219 4042 1364 4116 admissi
1391 4066 1455 4114 seu

126 4164 266 4238 tolerati
283 4167 461 4262 parricidii
478 4169 642 4244 fraternis
660 4172 799 4245 umbris
814 4169 956 4268 piacula
974 4170 1134 4244 exsolvit.
1160 4171 1237 4241 lloc
1251 4163 1363 4252 bello,
1382 4187 1457 4261 qun

124 4286 268 4362 nullum
293 4293 413 4390 majus
432 4307 494 4364 aut
511 4295 692 4367 cruentius
709 4295 886 4392 Nervagia
899 4292 1039 4384 habuit,
1066 4296 1274 4366 universum
1290 4289 1390 4386 regni
1407 4287 1454 4358 il-

122 4411 193 4487 lius
218 4410 386 4486 columen
403 4413 671 4513 propemodum
689 4441 710 4487 a
727 4425 838 4516 stirpe
858 4420 997 4487 interiit.
1051 4419 1170 4514 Hujus
1191 4411 1304 4488 cladis
1321 4437 1457 4508 super-

172 4650 387 4734 ¹Gregorairm.
397 4647 762 4732 .deleuerant]Caesuscat
872 4656 1090 4740 ²Iuteremptus
1104 4651 1162 4732 est]
1178 4649 1296 4717 Cecidit
1313 4669 1366 4712 rex
1383 4651 1459 4730 lngo

123 4754 297 4838 Gregorius
320 4739 554 4842 Dagililiusd.
576 4755 604 4822 7.
627 4761 762 4824 Januarii
826 4757 976 4824 Osloaed.
992 4757 1115 4822 3Febr.
1132 4753 1309 4822 annilllil.

124 4884 202 4924 anm
194 4857 317 4928 ’1.161
340 4859 375 4948 (l.
394 4886 419 4930 c
438 4860 601 4947 397398).
