3508 5460
598 277 930 354 WALDEMARUS
947 282 971 353 1.
1315 280 1392 357 835

123 489 240 594 pidus,
254 511 478 590 magnopere
492 493 595 586 queri
612 492 737 589 coepit,
753 491 865 590 quod,
880 493 1097 592 propinquae
1113 490 1269 566 victoriae
1287 496 1443 592 praemiis

122 615 314 716 spoliatus,
337 608 429 684 nihil
450 635 495 684 er
517 603 614 684 tanta
630 611 845 714 ¹fatigatione
860 629 992 714 praeter
1011 615 1102 690 ictus
1120 631 1155 688 et
1172 613 1323 690 vulnera
1338 634 1443 693 retu-

122 740 231 830 lisset,
255 733 434 837 quodque
448 732 517 808 sibi
539 732 588 808 de
607 759 700 836 pene
722 741 818 812 victo
839 735 943 810 hoste
967 751 1017 812 tot
1038 739 1252 835 injuriarum
1275 737 1444 816 ultionem

122 866 274 963 proprio
292 856 440 934 arbitrio
459 857 602 958 exigere
617 884 691 934 non
710 859 870 950 licuerit,
894 857 1077 958 praefatus,
1092 859 1236 934 illorum
1251 859 1354 936 saluti
1366 863 1444 961 jam

123 983 271 1076 consuli,
296 982 343 1055 de
356 979 489 1080 quibus
502 995 555 1054 tot
574 981 796 1080 spoliorum,
822 997 873 1056 tot
890 980 1166 1058 domesticarum
1189 981 1346 1058 cladium
1367 989 1443 1060 mt-

123 1111 221 1182 nimo
248 1105 393 1206 negotio
420 1107 678 1202 speciosissima
707 1103 863 1178 vindicta
891 1105 1007 1204 accipi
1027 1111 1209 1206 potuisset.
1266 1111 1444 1184 Proeterea
1526 1129 1532 1146 ¹

122 1233 346 1307 deserturum
363 1253 403 1302 se
416 1252 550 1328 regem,
576 1225 679 1326 quod
694 1226 826 1302 urbem
843 1231 926 1325 capi
939 1251 1066 1326 passus
1080 1234 1224 1321 nonsit,
1250 1233 1443 1332 exiguam-

122 1381 194 1456 que
212 1355 403 1454 pecuniam
420 1355 552 1453 ingenti
570 1355 728 1425 victoriae
746 1349 953 1450 praetulerit,
978 1352 1155 1428 minitatus
1177 1368 1239 1428 est.
1292 1353 1443 1430 Talibus

123 1505 185 1554 rex
207 1477 475 1552 obtrectationis
508 1471 621 1548 sibilis
649 1487 814 1567 vexatus,
850 1498 926 1572 quo
949 1473 1094 1576 longius
1116 1476 1266 1577 strepitu
1288 1475 1442 1570 abesset,

123 1607 304 1704 principes
323 1615 420 1673 extra
438 1614 551 1672 matra
573 1594 784 1694 perductos,
817 1595 1034 1672 deditionem
1058 1599 1158 1674 urbis
1189 1623 1236 1672 an
1260 1596 1442 1699 direptio-

122 1751 205 1800 nem
223 1721 391 1826 probent,
419 1719 600 1820 pcrquirit.
652 1721 682 1791 A
704 1718 841 1818 quibus
862 1719 1040 1813 Absalon,
1066 1719 1239 1822 quidnam
1262 1747 1305 1796 ea
1332 1721 1380 1796 de
1402 1748 1445 1797 re

122 1850 275 1936 sentiret,
300 1841 476 1919 disserere
495 1845 636 1942 jussus,
661 1847 890 1916 munitionem
909 1842 1059 1942 quidem
1076 1845 1176 1942 capi,
1200 1843 1265 1920 sed
1281 1872 1355 1920 non
1368 1852 1445 1920 'sine

123 1971 292 2045 diuturno
322 1964 516 2040 obsidionis
546 1962 726 2065 impendio
757 1990 886 2064 posse,
922 1968 1160 2043 asseverabat.
1213 1973 1444 2070 Quamquam

122 2100 218 2168 enirn
239 2087 358 2167 studia
377 2113 444 2166 sua
463 2088 602 2164 sinistra
624 2087 726 2187 vulgi
747 2093 1033 2186 interpretatione
1055 2093 1313 2190 exciperentur,
1336 2093 1444 2168 malle

121 2245 159 2296 se
174 2235 295 2292 tamen
312 2210 413 2313 apud
433 2209 611 2310 malignos
634 2236 760 2286 comm
776 2213 1009 2288 aestimatores
1029 2212 1082 2287 ob
1096 2213 1268 2291 salutares
1284 2223 1443 2294 monitus

120 2339 321 2442 displicere,
344 2360 455 2436 quam
475 2337 656 2410 sociorum
676 2333 826 2408 salutem
849 2350 947 2410 tanta
965 2357 1088 2410 rerum
1113 2335 1260 2412 utilitate
1278 2341 1441 2416 subver-

120 2482 204 2540 tere.
253 2466 344 2534 Nam
364 2461 430 2534 etsi
446 2460 549 2559 ignis,
572 2460 694 2559 potius
710 2457 846 2533 coelesti
867 2456 1042 2532 miraculo
1068 2484 1180 2560 quum
1205 2461 1279 2534 ulla
1301 2480 1443 2539 morta-

117 2590 206 2662 lium
228 2609 341 2684 opera
358 2605 549 2673 arcemus,
563 2583 782 2681 superiores
805 2581 944 2681 aggeris
968 2598 1109 2682 partes,
1134 2609 1218 2684 quae
1240 2584 1344 2688 lignis
1364 2587 1441 2662 bu-

120 2731 259 2809 moque
274 2703 495 2797 constabant,
518 2703 786 2804 propemodum
800 2705 836 2776 in
853 2706 989 2779 cineres
1002 2701 1208 2805 redegisset,
1233 2707 1444 2785 inferiorum

119 2813 243 2907 tamen
259 2826 466 2904 solidiorem
482 2853 699 2928 compagem
717 2824 882 2902 incendio
898 2852 972 2900 nou
993 2849 1188 2919 cessuram,
1212 2856 1296 2930 quae
1314 2829 1443 2907 altitu-

116 2956 206 3032 dine
222 2979 289 3028 sua
305 2950 403 3025 haud
421 2949 527 3024 facile
550 2933 707 3026 hostiurn
729 2955 885 3025 incursui
907 2965 1037 3050 pateat.
1099 2950 1156 3024 Ad
1175 2949 1255 3026 haec
1278 2953 1441 3054 oppida-

116 3103 189 3154 nos
208 3091 337 3152 cuucta
361 3099 457 3174 pene
481 3071 632 3148 incendii
657 3075 739 3148 loca
764 3074 869 3149 luteis
891 3073 1056 3150 relecIsse
1076 3073 1274 3177 figmeptis,
1307 3101 1444 3178 eosque

113 3203 254 3305 partim
268 3197 494 3272 flammarum
514 3197 651 3272 viribus
670 3199 799 3291 arceri,
823 3198 955 3298 partim
977 3191 1148 3298 praesidio
1170 3199 1317 3291 muniri,
1343 3226 1444 3300 qua·-

114 3353 207 3404 rum
223 3323 395 3423 asperitas
410 3321 538 3396 nostris
553 3346 627 3394 non
643 3325 759 3396 minus
786 3322 1065 3422 oppugnationis
1092 3347 1203 3423 quam
1221 3320 1290 3396 illis
1311 3320 1444 3397 delen-

111 3441 550 3544 sionis‘impedimentum
573 3444 736 3544 ingerere
758 3441 927 3518 videatur.
980 3447 1157 3518 Praeterea
1172 3446 1203 3522 si
1216 3443 1444 3523 incolumitas

109 3567 395 3649 Arkonensibus
409 3579 619 3666 negaretur,
644 3559 1204 3668 iorc,utcaeterae1iugianorum
1223 3559 1346 3661 urbes,
1369 3593 1443 3643 ne·

108 3697 289 3772 cessitate
305 3694 341 3764 in
359 3692 521 3765 virtutem
537 3714 721 3784 conversa,
735 3689 808 3764 boc
824 3689 953 3780 acrius,
968 3715 1043 3790 quo
1059 3689 1295 3790 desperatius,
1316 3689 1444 3765 rebe'l-

106 3820 250 3894 larent
300 3819 401 3910 Quos
423 3814 455 3888 si
477 3815 514 3886 in
537 3811 647 3888 fidem
671 3814 785 3912 recipi
806 3812 1075 3912 comperissent,
1099 3811 1205 3886 facile
1222 3811 1353 3886 eodem
1376 3837 1444 3887 ex·

103 3940 250 4043 emplo
267 3939 390 4014 salutis
406 3933 552 4012 consilia
572 3938 895 4036 circumspicerent.
946 3937 1040 4008 Cum
1054 3959 1144 4035 ergo
1164 3934 1359 4010 multarum
1372 3961 1444 4008 ur-

101 4067 230 4142 bium
244 4061 542 4162 expugnationem
557 4058 635 4132 sola
650 4055 876 4158 expeditione
890 4059 1104 4134 concludere
1119 4084 1231 4158 quam
1246 4059 1350 4134 unius
1366 4057 1444 4133 ob-
1478 4085 1491 4112 ν

98 4187 253 4266 stationi
268 4184 482 4284 pertinacius
496 4181 671 4256 iuhaerere
691 4188 915 4280 prestantius
932 4182 1094 4276 ducatur,
1118 4177 1308 4256 deditionis
1323 4181 1446 4258 oblata

100 4477 269 4573 praedarn
284 4499 344 4564 pro
357 4477 418 4544 sibi
433 4476 539 4543 debito
553 4473 759 4562 impensarum
813 4473 1182 4562 stratiomexpeditioncr,
1201 4471 1306 4564 paucis
1322 4471 1447 4562 quibus·

98 4604 142 4657 et
170 4581 320 4649 laborum
343 4583 447 4671 pretio
471 4583 623 4649 babuisse.
677 4582 760 4648 Hinc
815 4581 885 4646 dum
906 4583 1083 4669 septimanis
1104 4583 1258 4664 liniendo,
1281 4579 1447 4670 predatio*

94 4715 184 4764 non
203 4689 393 4775 fieripotuit,
403 4691 479 4779 quin
491 4689 698 4776 expeditiones
711 4709 761 4755 re·
816 4689 906 4758 nibus
919 4690 1032 4759 similer
1045 4689 1218 4760 eraderent.

69 4816 71 4823 '
95 4820 249 4877 terum,
271 4798 412 4883 inprimis
429 4813 503 4863 tero
525 4797 685 4865 maritima
706 4817 761 4864 no·

178 4923 245 4968 Sar.
262 4923 391 4972 uranon.
407 4924 468 4970 tttrt.
481 4923 539 4972 Dan.
661 4963 666 4976 ,
1174 4898 1265 4994 (53).

1139 5021 1146 5038 a
