3582 5466
339 243 413 312 552
682 240 856 312 HISTOR.
873 241 978 310 DAN.
994 239 1132 312 LIBER
1146 239 1205 310 Xl.

290 449 398 548 Igitur
414 447 501 534 dum
522 449 674 524 alterum
690 453 810 524 mortis
833 475 947 552 genus
972 447 1096 524 timide
1117 445 1319 540 declinavit,
1351 444 1502 522 alterum
1525 471 1597 522 nu·-

291 569 377 668 pide
393 573 681 670 comprehendit,
707 572 868 672 dumque
884 571 1127 647 adversarium
1151 567 1299 667 refugit,
1324 567 1489 666 hostilem
1505 571 1541 644 in
1557 595 1600 646 se

292 698 370 791 ipsa
385 693 629 768 crudelitatem
643 699 806 787 exercuit,
822 713 994 796 tanquam
1007 699 1169 792 spiritum
1182 689 1355 789 placidius
1371 693 1473 788 aquis
1487 717 1598 791 quarn

293 817 369 888 aiiri
383 815 566 890 redditura
580 843 623 890 ac
638 816 880 892 violentiorem
889 822 1021 892 exitum
1038 817 1134 890 ferro
1150 837 1260 912 quam
1274 812 1443 888 fluctibus
1466 839 1601 912 exper-

295 953 384 1014 tura.
437 943 487 1014 Ita
502 945 648 1033 nescias,
666 938 811 1014 viriliter
834 957 987 1014 mortem
1002 964 1047 1012 an
1072 935 1284 1010 effoeminate
1306 937 1515 1034 petiverint,
1539 941 1601 1010 in-

294 1077 514 1158 certumque,
531 1079 648 1136 utrum
666 1062 727 1136 fati
752 1061 893 1162 cupidis
908 1065 1047 1162 ignavia
1071 1087 1118 1136 an
1141 1061 1254 1133 virtus
1278 1060 1478 1148 incesserit,
1501 1083 1603 1156 quo·-

297 1187 391 1255 niam
411 1199 480 1256 tam
507 1183 696 1258 vehemens
719 1189 824 1256 animi
848 1203 966 1278 aestus,
991 1185 1147 1258 fortesne
1172 1209 1218 1256 au
1242 1180 1353 1257 timidi
1380 1184 1524 1279 spiritus
1546 1185 1602 1254 sui

297 1321 458 1402 raptores
476 1308 658 1396 extiterint,
684 1307 860 1408 ambiguae
875 1307 1137 1382 existimationis
1154 1331 1231 1381 esse
1249 1306 1342 1378 fecit
1399 1308 1501 1378 Brevi
1520 1323 1604 1403 post

285 1423 371 1514 ‚dux
390 1429 472 1499 victi
488 1431 637 1528 agminis
655 1431 784 1521 sveno,
805 1431 950 1522 Scaniae,
967 1429 1227 1530 Sialandiaeque
1251 1455 1294 1502 ac
1311 1441 1486 1527 praeterea
1505 1451 1603 1524 qua·-

298 1547 453 1622 rundam
472 1551 670 1626 insularum
685 1551 822 1626 viribus
839 1567 1030 1642 recreatus,
1046 1557 1184 1626 Nissam
1198 1551 1348 1627 fluvium
1365 1547 1476 1624 classe
1488 1551 1605 1622 corti-

300 1673 387 1768 pit¹,
401 1671 602 1773 eademque
623 1680 884 1773 supervenienti
911 1675 1069 1749 Haraldo
1090 1675 1236 1751 obviam
1252 1675 1288 1746 in
1311 1673 1421 1746 altum
1437 1671 1605 1771 procedit.

301 1793 467 1890 Cumque
481 1797 574 1868 Dani
590 1803 801 1896 paucitatem
817 1802 940 1871 suam²
957 1795 1094 1872 hostilis
1108 1796 1317 1895 frequentia
1340 1799 1608 1893 comparatione

301 1933 519 2010 pensassent,
534 1921 666 1992 raritati
681 1923 904 1994 consertione
921 1920 1205 1996 succurrendum
1221 1919 1298 2011 rati,
1319 1916 1457 2016 digesta
1480 1921 1516 1986 iu
1537 1941 1606 1990 or-

303 2033 422 2110 dinem
441 2042 581 2140 navigia
603 2040 773 2116 tenaculis
795 2047 954 2116 sociare²
977 2059 1181 2140 caeperunt,
1213 2046 1402 2140 quatems'
1417 2039 1609 2112 continenti

301 2183 394 2233 nexu
409 2159 590 2236 cohaerens
607 2161 728 2236 classis
742 2163 941 2264 expeditius
958 2166 1021 2262 opi
1038 2169 1190 2252 invicem
1207 2160 1363 2236 ierendae
1378 2164 1443 2234 iter
1465 2176 1608 2234 sterne-

303 2301 367 2373 ret,
392 2286 604 2382 cunctisque
619 2283 689 2362 hac
714 2291 917 2361 necessitate
932 2285 1086 2378 duratis,
1110 2302 1182 2360 tam
1206 2285 1303 2385 iuges
1326 2309 1437 2384 quam
1454 2285 1609 2358 victoriae

303 2403 558 2482 indissolubilis
577 2416 782 2484 communio
811 2408 916 2499 foret,
940 2434 1008 2482 uec
1029 2409 1199 2507 cuiquam
1223 2433 1243 2479 a
1265 2422 1358 2480 tanta
1381 2403 1518 2506 collegii
1539 2405 1609 2478 iir-

305 2528 421 2600 mitate
437 2525 616 2602 dilabendi
634 2531 686 2604 ias
711 2545 812 2606 esset.
844 2529 944 2604 Adeo
959 2529 1236 2604 imbecillitatem
1261 2531 1470 2602 necessitate
1492 2528 1610 2600 robo-

303 2648 452 2722 randam
471 2648 658 2726 duxerunt.

436 2777 501 2846 Hic
517 2772 633 2863 nobis,
651 2772 786 2863 Aslace,
810 2773 1036 2872 Sltyalmonis
1053 2769 1202 2846 Candidi
1226 2795 1357 2864 remex,
1381 2769 1432 2846 ob
1454 2781 1610 2846 immen-

305 2917 383 2968 sam
399 2891 539 2970 bellicae
554 2898 689 2968 virtutis
705 2894 857 2994 gloriam
877 2895 1056 2970 literarum
1076 2895 1265 2995 praeconiis
1287 2892 1520 2968 inculcandos
1540 2919 1613 2966 oc-

306 3018 427 3091 curris.
484 3018 595 3090 Danis
611 3017 787 3115 siquidem
804 3018 992 3094 adversum
1016 3019 1274 3118 Norvagienses
1298 3017 1470 3089 maritimo
1492 3033 1613 3090 certa-

355 3331 466 3388 'Brevt'
476 3345 544 3412 pust
558 3374 581 3391 ..
592 3331 845 3410 Nt'ssamsluut'um
859 3331 934 3391 clas·
990 3345 1041 3388 ves
1057 3347 1123 3388 suas
1143 3329 1236 3391 Danis
1257 3326 1483 3390 imminentibus
1505 3327 1614 3390 callide

309 3459 339 3496 se
365 3429 502 3520 corrtpit]
534 3437 611 3494 'l'ota
647 3433 828 3496 narrationis
855 3435 935 3497 ratio
988 3430 1139 3494 subduxit.
1193 3432 1328 3495 'landem
1341 3457 1400 3518 pax
1417 3433 1463 3496 bis
1486 3433 1616 3496 conditi-

310 3537 453 3615 ostendit,
461 3539 609 3602 Saxoncm
623 3538 698 3601 nibil
708 3539 787 3602 aliud
803 3539 935 3602 debello
989 3536 1099 3600 onibus
1112 3540 1196 3615 initu,
1215 3553 1251 3602 ut
1271 3553 1378 3602 neuter
1390 3537 1554 3623 quidquam
1569 3541 1616 3600 lu·

310 3647 391 3708 inter
411 3648 583 3710 Svenonetn
605 3657 634 3708 et
652 3647 820 3710 Harsldnm
841 3647 935 3709 habu·
990 3656 1135 3708 oreretur.
1165 3645 1245 3708 Hinc
1253 3648 1346 3730 igitur
1361 3665 1424 3708 non
1438 3645 1547 3706 mirum
1559 3657 1617 3722 est,

310 3753 368 3816 isse
387 3764 594 3836 compertum,
624 3751 681 3815 nisi
701 3751 783 3836 quod
808 3752 846 3814 ad
874 3751 935 3816 duo
991 3752 1029 3814 de
1051 3751 1147 3813 bocce
1166 3748 1249 3814 bello
1270 3772 1331 3836 non
1355 3751 1414 3814 nisi
1438 3749 1616 3812 memoriam

311 3859 418 3944 praelia
435 3855 515 3943 apud
531 3860 680 3938 Dyursum
694 3870 725 3934 et
737 3859 853 3920 Nissam
867 3875 938 3942 per·
992 3857 1121 3920 duorum
1129 3857 1307 3940 praeliorum
1321 3858 1511 3920 interDanot
1523 3853 1618 3919 luisse

311 3966 443 4030 tinuerit.
490 3967 607 4028 Verum
622 3963 775 4026 enimvero
792 3985 826 4026 ex
843 3966 938 4027 Snor·
991 3978 1201 4052 propagatam.

312 4091 387 4133 rone
403 4071 535 4134 Sturlaeo
554 4082 683 4146 constat,
701 4067 851 4132 duravisse
870 4069 937 4131 hcl·
1037 4077 1149 4135 ²Dam'
1170 4077 1348 4158 paucitatem
1375 4066 1471 4146 suam]
1497 4065 1618 4144 lslandi,

312 4176 374 4238 lum
395 4175 431 4236 ab
459 4176 554 4242 initiis
580 4177 699 4261 imperii
718 4171 866 4234 Svenonis
887 4195 937 4235 us·
992 4191 1109 4262 aparte
1127 4182 1336 4260 Norvegorum
1355 4185 1487 4247 stantes,
1511 4173 1567 4234 hos
1584 4171 1618 4234 io

312 4281 545 4366 quendrnnum
564 4281 652 4347 1064.
698 4278 758 4345 Sed
781 4292 828 4341 tot
843 4301 938 4340 anno·
992 4283 1099 4367 praelio
1121 4287 1215 4346 Danis
1235 4281 1394 4368 pauciores
1420 4278 1513 4342 luisse
1540 4299 1619 4342 asse·

312 4408 381 4451 rum
393 4389 494 4472 spatio
510 4411 570 4450 non
586 4391 680 4452 multa
708 4397 877 4450 memoratu
893 4384 938 4446 di·
991 4401 1071 4450 runt

313 4515 371 4576 gna
388 4507 482 4578 ¹gestu
510 4505 590 4555 sunt.
648 4495 800 4558 Nonnulla
833 4492 936 4553 littora
986 4505 990 4514 ’
1037 4498 1194 4576 ³Naaa'gr'a
1217 4495 1357 4553 tenaculis
1381 4492 1504 4570 sectare]
1525 4495 1621 4556 Sucr-

313 4598 421 4662 llanite
447 4600 590 4684 populata
631 4599 763 4662 luerunt.
841 4602 938 4660 luter·
991 4617 1067 4660 rone
1088 4598 1219 4660 Sturlaeo
1236 4611 1314 4660 teste
1332 4597 1417 4674 (hist.
1438 4617 1502 4682 reg.
1523 4602 1619 4660 Not-v.

313 4707 383 4768 duur
410 4707 510 4768 clamis
534 4709 693 4768 Ilattorum
718 4725 849 4789 pugnam
877 4702 938 4767 cvi·
992 4705 1102 4766 votttl
1118 4725 1149 4787 p.
1166 4697 1238 4778 124)
1251 4704 1283 4765 in
1306 4717 1434 4788 utraque
1449 4709 1543 4768 classe
1559 4725 1619 4788 per

312 4826 389 4875 tasse
403 4810 532 4888 videtur,
554 4811 704 4875 interdum
722 4811 872 4873 Haraldus
885 4833 936 4872 ua·
992 4807 1119 4872 mediant
1132 4791 1227 4872 abiem
1240 4811 1357 4895 navigia
1375 4811 1500 4875 luerunt
1513 4813 1616 4896 ligata
