3524 5460
370 289 445 364 728
700 291 876 362 HISTOR.
894 289 999 362 DAN.
1015 289 1152 362 LIBER
1172 283 1264 362 XIV.

319 497 420 598 qnod
444 499 634 572 amborum
662 499 797 572 facinus
822 498 966 572 alterius
990 521 1080 572 nece
1094 495 1313 598 propulerit,
1339 495 1468 572 auxilia
1496 499 1633 574 adver-

317 647 398 696 sum
414 628 637 721 superstitem
651 619 854 719 implorare.
915 623 1065 694 Assern's
1084 623 1183 720 ejus,
1208 627 1292 720 quia
1309 621 1408 696 frans
1424 622 1468 696 iu
1487 647 1632 722 propa-

317 745 394 818 tulo
408 744 534 836 fuerat,
555 742 645 818 fides
662 742 777 816 delata
794 759 945 818 nonest
982 741 1132 839 Deinde,
1146 769 1192 818 ue
1209 743 1439 820 Waldemaro
1449 745 1630 818 maritimae

317 868 414 968 fugae
435 867 538 942 locus
562 882 788 966 suppeteret,
811 868 918 939 totius
941 865 1066 940 insulae
1082 870 1232 967 navigiis
1254 867 1399 942 confodi
1414 868 1542 965 jussis,
1562 893 1630 944 so-

316 987 483 1063 litudInes
497 1013 657 1089 qnoque,
689 988 823 1087 quibus
850 1015 932 1061 eum
954 991 1139 1088 irrepsisse
1170 989 1386 1082 crediderat,
1423 992 1632 1091 exquisitius

315 1111 535 1214 indagandas
560 1111 718 1184 curabat.
778 1114 887 1210 Igitur
911 1109 1173 1205 Waldemarus,
1192 1113 1306 1186 trihus
1327 1112 1498 1188 duntaxat
1511 1120 1632 1188 eomi-

315 1237 412 1311 tibus
438 1237 566 1326 fretus,
596 1259 668 1306 non
691 1259 756 1332 per
783 1231 906 1306 abdita
927 1258 1118 1312 nemorum
1157 1251 1219 1308 ant
1242 1240 1421 1310 inaccessa
1442 1235 1632 1334 paludum,

315 1358 379 1434 sed
398 1385 464 1459 per
482 1375 605 1431 tenues
619 1353 816 1428 admodum
839 1355 949 1430 saltus
977 1356 1127 1445 errabat,
1152 1359 1281 1432 tutiora
1303 1375 1401 1432 ratus
1423 1355 1522 1447 loca,
1547 1384 1632 1457 qnae

315 1485 433 1588 minus
443 1481 538 1554 hosti
546 1496 711 1577 suspecta
727 1477 881 1553 fuissent
905 1479 1110 1554 Hesbernus
1121 1504 1270 1578 quoque
1286 1506 1368 1554 cum
1385 1479 1522 1580 aliquot
1535 1508 1632 1580 pro-

228 1600 231 1611 ’
316 1606 376 1682 cul
402 1607 437 1678 in
463 1602 649 1703 planiciem
675 1604 831 1693 mittitur,
856 1603 920 1701 qui
942 1625 980 1676 se
1001 1603 1260 1700 patentioribus
1284 1603 1458 1681 interdum
1481 1606 1631 1702 campis,

316 1727 580 1801 Waldernarum
599 1725 842 1815 simulaturus,
859 1725 1072 1800 ostenderet.
1124 1713 1340 1826 Complures
1358 1753 1519 1826 quoque,
1536 1726 1632 1800 duce

316 1877 379 1941 eo,
406 1855 509 1926 variis
526 1855 560 1921 in
578 1848 667 1922 locis
688 1847 949 1922 multitudinem
966 1871 1087 1937 suam,
1112 1851 1218 1948 regiae
1241 1855 1451 1924 transitionis
1475 1849 1631 1926 simula-

315 1977 426 2066 tione,
444 1970 742 2072 ·conspiciendam
769 1972 991 2071 praebebant.
1059 1977 1225 2071 Cumque
1243 1971 1386 2047 demum
1404 1975 1539 2048 lutiam
1558 1998 1629 2044 ac-

314 2097 392 2170 cedi
411 2097 619 2197 placuisset,
646 2096 822 2170 lamiliaris
839 2098 870 2167 ei
892 2095 997 2180 faber
1012 2095 1213 2194 navigium,
1239 2121 1314 2194 quo
1332 2099 1460 2170 ineam
1481 2097 1631 2194 trajice-

313 2237 428 2314 retur,
451 2219 597 2296 reficere
612 2224 752 2320 jnssns,
776 2233 947 2309 metuens,
961 2245 1007 2292 ne
1022 2220 1175 2292 Svenoni
1190 2245 1318 2318 poenas
1333 2217 1451 2309 daret,
1477 2242 1630 2318 operam

314 2369 416 2418 suam
434 2341 503 2419 sub
518 2348 638 2443 speeie
651 2346 843 2418 coactionis
856 2339 1137 2440 extorquendam
1150 2337 1350 2440 perdocuit
1401 2343 1512 2440 Igitur
1528 2343 1631 2416 Iles-

312 2465 447 2542 bernus
471 2466 653 2541 officinam
670 2469 748 2565 ejus
767 2465 960 2567 agrestium
979 2463 1175 2561 frequentia
1199 2462 1413 2562 completam
1435 2465 1630 2562 ingressus,

311 2593 347 2664 in
365 2591 490 2690 primis
507 2614 590 2664 eum
608 2589 698 2662 fictae
718 2589 831 2688 precis
847 2603 1048 2662 commento
1068 2584 1240 2660 sollicitat.
1291 2585 1535 2659 defectionem
1554 2585 1631 2658 ab-

312 2718 430 2813 nuenti
463 2715 574 2810 injicit
605 2736 752 2802 manus,
784 2735 987 2810 nexumque
1010 2707 1172 2802 deducit,
1210 2709 1407 2784 abstractus
1437 2709 1631 2784 artificium

312 2835 476 2934 praebuit
526 2837 650 2933 Itaque
672 2833 742 2908 sub
760 2835 898 2932 iujuriae
916 2832 1139 2906 simulatione
1160 2849 1195 2906 et
1218 2839 1334 2908 amico
1360 2832 1490 2907 utiliter
1507 2841 1632 2933 paruit

313 2975 347 3032 et
363 2956 462 3057 apud
480 2959 678 3030 Svenonem
694 2957 759 3031 sibi
779 2956 1020 3058 impunitatem
1040 2955 1230 3030 salubriter
1257 2957 1466 3030 conciliavit.
1525 2959 1634 3030 Tunc

314 3083 538 3154 armamentis
563 3055 896 3178 commeatibusque
918 3104 984 3178 per
1009 3079 1236 3152 Hesbernum
1261 3079 1443 3171 exhibitis,
1469 3079 1631 3154 Walde-

313 3227 435 3279 marus
456 3219 565 3278 noctu
581 3228 662 3276 cum
681 3206 754 3276 suis
778 3201 1044 3304 navigationem
1057 3225 1180 3292 orsus,
1208 3219 1331 3276 coorta
1346 3203 1465 3277 subito
1480 3219 1633 3304 tempe-

311 3343 417 3420 state,
443 3328 641 3399 inusitatam
656 3327 763 3398 maris
779 3326 945 3398 saevitiam
964 3341 1130 3425 expertus
1149 3341 1212 3398 est.
1270 3327 1361 3424 Ipsis
1378 3349 1529 3428 quoque
1550 3337 1634 3402 mi-

310 3454 446 3543 litibus,
472 3458 683 3524 immanium
703 3446 882 3523 undarnm
906 3454 1095 3548 aspergine
1119 3447 1293 3547 prolutis,
1326 3467 1464 3525 tantum
1490 3452 1633 3552 algoris

310 3581 463 3665 incessit,
488 3591 540 3665 ut,
555 3570 702 3672 singolis
716 3571 1048 3669 corporispartibus
1064 3571 1246 3664 hebetatis,
1270 3599 1315 3646 ne
1332 3573 1451 3648 velum
1475 3575 1633 3674 quidem

311 3699 358 3772 ad
385 3703 644 3799 navigationem
672 3692 903 3768 commodum
929 3693 1155 3768 circumferre
1185 3702 1377 3794 potuerint.
1451 3701 1635 3774 Praeterea

309 3843 403 3900 tanta
425 3823 534 3896 nimbi
554 3823 605 3896 vis
620 3837 808 3892 antennam
831 3816 991 3915 impulit,
1013 3833 1050 3890 ut
1070 3823 1161 3889 inter
1179 3819 1295 3892 undas
1312 3819 1454 3894 effracta
1471 3819 1636 3896 decide-

308 3966 380 4043 ret3
404 3971 468 4020 nec
484 3952 600 4018 minus
618 3943 784 4014 imbrium
803 3964 913 4037 quam
923 3939 1095 4014 fluctuum
1114 3940 1229 4016 moles
1243 3945 1426 4055 navigium
1442 3945 1638 4018 onerabat.

309 4071 539 4144 Gubernator
553 4068 671 4140 omnia
694 4063 785 4136 freto
803 4068 1026 4161 permittens,
1048 4062 1193 4162 abjecto
1212 4069 1402 4167 regimine,
1428 4088 1504 4166 quo
1528 4086 1636 4166 pro·-

307 4221 384 4269 ram
401 4193 603 4266 deflecteret
622 4195 785 4289 ignarus,
808 4186 926 4261 solum
946 4188 1041 4258 renti
1055 4188 1246 4288 imperium
1262 4189 1499 4289 exspectabat.
1556 4197 1639 4266 Aer

307 4345 458 4418 quoque
474 4315 605 4391 crebris
629 4315 900 4397 internitentium
926 4307 1112 4382 Inlmiuum
1142 4309 1287 4412 ignibus
1317 4314 1451 4386 micans
1490 4319 1638 4414 ingenti

306 4439 457 4518 nubium
481 4441 622 4538 fragore
653 4433 871 4533 concrepuit.
941 4431 1099 4506 Tandem
1123 4459 1189 4532 per
1211 4459 1388 4508 summam
1414 4434 1638 4512 nimborum

306 4563 442 4640 rabiem
456 4559 579 4635 insulan
595 4558 737 4632 cuidam
755 4580 875 4631 errore
899 4557 1128 4654 narigationis
1143 4555 1305 4655 appulsi,
1327 4557 1528 4634 detractum
1547 4589 1640 4634 un-

307 4693 362 4767 dis
374 4690 566 4788 navigium,
589 4681 690 4783 quod
706 4705 836 4756 ancora
854 4695 1026 4754 retentare
1044 4680 1218 4776 nequiret,
1234 4682 1537 4767 circumstantium
1554 4710 1641 4760 ar-
