3524 5460
693 336 925 411 mcomus
1226 293 1230 300 ⁶
1334 339 1407 414 oss

156 567 246 614 num·
257 545 427 618 Noricum
442 544 478 614 iu
496 543 574 640 ejus
587 567 712 624 necem
726 545 902 622 mercedis
914 545 1254 647 pactionesollicitat.
1306 549 1380 642 llle,
1396 549 1460 624 lu·-

157 665 208 736 cri
222 665 437 738 irritamento
460 663 599 741 latrone
621 675 837 776 corruptior,
863 667 1049 768 hostisque
1074 697 1116 744 er
1139 669 1280 771 hospite
1302 673 1460 762 effectus,

157 788 384 884 impensioris
398 786 566 887 obsequii
583 789 804 865 simulatione
821 795 965 865 curam²
983 796 1074 866 Erici
1091 797 1309 869 exactissima
1324 793 1461 869 satelli-

158 923 235 980 tum
250 906 413 982 custodia
428 908 582 1004 vallavit,
597 909 793 1011 officiisque
807 913 983 989 fallaciam
1004 921 1092 990 terit
1145 921 1268 991 Ericus
1284 941 1462 1017 vero‚‚per

157 1031 353 1127 reginam2,
379 1033 484 1130 cnjus
507 1049 657 1131 patruus
677 1051 761 1128 erat,
786 1036 929 1112 insidias
952 1037 1128 1137 obsequio
1153 1039 1302 1113 subesse
1324 1037 1462 1129 doctus,

159 1154 294 1244 amicis,
319 1177 414 1258 quos
431 1157 465 1226 in
485 1155 654 1229 Lalandia
672 1157 848 1252 habebat,
873 1161 1099 1259 propositum
1114 1169 1206 1260 regis
1220 1187 1301 1234 cum
1316 1157 1463 1233 remedii

160 1277 366 1373 precatione
379 1275 579 1351 denunciat.
631 1285 703 1354 Nec
719 1284 836 1380 segnis
849 1279 1134 1356 Lalaudensibus
1149 1283 1195 1355 ad
1214 1280 1461 1381 opitulandum

160 1399 389 1472 animusluit.
447 1397 531 1473 Solo
558 1408 695 1502 quippe
722 1407 864 1504 navigio
889 1408 1103 1504 Norvagiam
1122 1419 1299 1502 petentes,
1323 1402 1464 1479 occulto

161 1524 292 1595 nuncio
307 1519 499 1596 adrentum
516 1546 620 1598 suum
637 1525 743 1598 Erico
763 1525 968 1624 significant
1037 1527 1106 1617 Qui
1122 1521 1222 1622 quod
1239 1527 1463 1624 Norvagieu-

162 1669 220 1719 ses
236 1667 413 1720 summam
428 1647 465 1718 in
480 1652 633 1743 potionis
655 1645 898 1746 magnitudine
913 1645 1131 1746 voluptatem
1151 1647 1285 1721 habere
1307 1661 1466 1738 noverat,

162 1767 377 1864 applicatam
393 1768 461 1842 sibi
478 1767 676 1843 custodiam
692 1769 892 1842 temulentia
910 1757 1161 1842 ludificandum
1181 1770 1337 1868 putabat.
1388 1773 1466 1867 lgi-

162 1903 225 1961 tur
238 1891 447 1988 stipatorum
461 1890 687 1965 sobrietatem
702 1891 860 1990 crapulae
875 1888 1132 1966 delectamento
1149 1892 1310 1981 adorsus,
1324 1893 1465 1964 instau-

161 2027 238 2084 rata
256 2016 523 2108 comessatione,
538 2013 672 2090 crebris
690 2014 857 2090 custodes
871 2014 1012 2112 poculis
1031 2016 1230 2088 attentabat.
1271 2013 1412 2107 Quibus
1427 2029 1467 2087 nt

161 2134 311 2208 bibendi
330 2134 558 2235 cupiditatem
574 2153 736 2238 augeret,
762 2139 1018 2212 irritamentum
1038 2137 1215 2211 ebrietatis
1238 2136 1351 2209 aleam
1377 2159 1466 2236 scy-

160 2256 246 2358 phis
270 2260 453 2333 interserit.
519 2261 560 2331 ln
581 2285 654 2358 qna
676 2261 794 2358 posito
810 2285 893 2332 cum
921 2259 1139 2359 quibusdam
1163 2262 1312 2360 pignore
1336 2259 1464 2332 decer-

161 2397 252 2471 tans,
273 2379 378 2453 etiam
397 2405 610 2482 prosperum
625 2397 838 2455 tesserarum
851 2384 986 2480 jactum
1011 2387 1106 2455 inerti
1130 2383 1212 2456 lusu
1229 2381 1275 2454 de
1299 2380 1467 2456 industria

163 2502 461 2601 prosequebatur,
487 2509 536 2576 uti
553 2502 748 2576 collusores
765 2501 905 2575 fortuna
921 2503 1009 2577 lucri
1033 2505 1168 2578 illectos
1193 2503 1239 2576 ad
1263 2501 1467 2578 lasciviendi

162 2625 393 2724 cupiditatem
409 2625 628 2726 ludendique
646 2631 942 2724 perseverantiam
957 2627 1123 2700 incitaret.
1160 2629 1352 2717 Postremo,
1375 2637 1467 2724 p'er-

160 2749 246 2821 inde
260 2773 303 2822 ac
319 2748 518 2848 prolixioris
538 2747 664 2849 vigiliae
681 2745 786 2820 taedio
800 2746 975 2849 fatigatus,
999 2750 1159 2822 cubitum
1175 2750 1329 2854 excessit,
1343 2773 1468 2822 sacer-

163 2869 360 2970 dotemque
376 2871 465 2944 erilii
483 2877 621 2946 socium
639 2869 726 2943 aleae
744 2895 811 2970 pro
837 2897 876 2946 se
896 2881 1096 2946 curatorem
1112 2871 1264 2969 reliquit
1314 2869 1376 2944 llle
1392 2896 1467 2942 rem

161 2993 283 3068 sobrie
308 3010 541 3093 prosecutus,
578 2999 845 3092 temperantiam
881 3019 1006 3068 eorum
1044 2993 1281 3094 multiplicatis
1316 2993 1469 3092 poculis,

162 3114 486 3216 quantulacunque
503 3115 669 3205 restabat,
694 3117 871 3207 subvertit,
897 3117 1057 3214 interque
1074 3141 1172 3190 mero
1199 3141 1241 3188 ac
1258 3140 1385 3189 somno
1402 3139 1471 3190 so·
1565 3171 1569 3176 -

162 3245 260 3338 pitos
285 3237 444 3311 medium
459 3236 617 3312 cubandi
638 3237 756 3311 locum
778 3235 916 3311 babuit.
978 3242 1113 3312 luterea
1135 3238 1274 3328 Ericus,
1298 3255 1471 3338 perrupta

163 3359 343 3436 cubiculi³
371 3377 495 3459 parte,
520 3385 602 3464 cum
622 3359 780 3434 clientela
802 3385 844 3433 ac
860 3361 1014 3460 conjuge
1039 3359 1171 3436 furtivo
1199 3358 1246 3433 ad
1271 3385 1369 3432 mare
1392 3359 1471 3433 dis-

166 3505 274 3556 oessu
293 3475 474 3579 pervenit,
507 3497 721 3581 repertaque
746 3488 781 3554 in
801 3481 918 3556 littore
940 3485 1092 3582 navigia,
1118 3506 1193 3582 quo
1217 3484 1325 3556 tutius
1348 3481 1472 3582 fugam

157 3618 327 3700 caperet,
354 3603 390 3674 in
412 3606 555 3678 sentinis
571 3603 784 3702 perforanda
797 3609 952 3679 curavit.
1003 3609 1089 3678 llaec
1106 3607 1265 3678 tractanti
1289 3605 1473 3697 succurrit,

148 3724 318 3802 filiolum
338 3722 493 3824 hospitio
514 3724 743 3800 dormientem
759 3726 867 3800 luisse
885 3726 1053 3800 relictum.
1095 3715 1195 3800 Adeo
1221 3725 1361 3798 obliviis
1389 3729 1471 3797 ant·-

151 3873 268 3924 mum
282 3847 456 3920 festinatio
470 3845 638 3948 implicat.
690 3853 834 3950 Quippe
850 3872 923 3948 quo
941 3849 1159 3945 occupatiuS,
1183 3845 1253 3920 hoc
1279 3845 1471 3946 negligen-

146 3976 235 4048 tius
255 3969 455 4046 humanum
478 3995 554 4046 esse
577 3975 756 4073 ingenium
774 3971 963 4045 consterit.
1025 3973 1240 4068 Quanquam
1264 3994 1350 4041 vero
1371 3991 1473 4064 prae-

139 4094 342 4176 stolationl
355 4093 555 4193 periculum
570 4097 682 4169 inesse
700 4121 772 4168 non
786 4091 982 4183 dubitaret,
1007 4094 1185 4193 sanguinis
1201 4108 1316 4165 tamen
1330 4092 1387 4164 sui
1401 4115 1472 4164 cu·
1590 4139 1594 4157 .

205 4347 364 4431 'CuramJ
380 4347 465 4434 (Vid.
479 4351 537 4437 leg.
552 4351 676 4422 curiora,
689 4347 720 4412 id
736 4359 793 4432 cst,
851 4351 883 4414 in
910 4348 1061 4435 Norregia
1087 4370 1144 4432 per
1174 4361 1235 4411 tres
1267 4347 1314 4410 rel
1344 4357 1475 4430 quotam

134 4465 293 4527 domum.
314 4460 390 4541 ttg.)
851 4473 967 4520 menses
988 4455 1025 4518 ad
1038 4468 1154 4541 partem
1177 4452 1380 4540 porteriorem
1404 4450 1476 4516 anai

198 4571 220 4607 ²
235 4563 395 4646 Reginam]
416 4563 611 4643 christinam,
630 4562 723 4628 filiam
736 4565 793 4628 Ca«
855 4559 934 4626 1133
949 4561 1030 4625 band
1043 4547 1307 4625 dubierelerontla
1320 4573 1376 4624 est.
1461 4587 1475 4627 t

131 4671 228 4738 nuti
256 4668 405 4749 herardi,
431 4691 522 4757 qnam
540 4675 665 4756 Magnus
687 4672 792 4755 paullo

126 4789 236 4867 post
264 4772 436 4860 repudiarit
455 4779 549 4858 (ilict.
574 4797 638 4863 reg.
661 4781 793 4863 Norreg.
896 4769 1072 4850 'Caleculr'l
1104 4775 1149 4836 lta
1175 4785 1258 4837 recte
1292 4771 1476 4859 stephanius

74 4973 80 4980 ¹
128 4885 217 4957 vol.
258 4883 300 4944 lll
321 4903 358 4966 p·
386 4875 472 4966 296).
493 4883 700 4950 commoratio
714 4883 798 4948 Erici
853 4900 911 4963 pro
923 4881 1011 4943 cubrli
1022 4877 1055 4942 in
1069 4877 1117 4943 cd.
1133 4903 1180 4966 pr.
