3582 5466
363 300 437 374 550
688 295 864 370 fflsrott.
878 295 986 366 DAN.
1002 297 1140 368 LIBER
1157 299 1215 368 xt.
1245 297 1251 328 ¹

310 508 490 588 homicidii
508 511 654 584 crimine
677 507 887 595 damnatus,
914 504 1108 582 domestico
1133 506 1280 585 draconi
1298 507 1510 584 laceranda
1541 509 1618 586 ab·

310 637 435 736 jectari
447 633 663 732 praecipitur.
712 627 807 700 Nibil
828 631 922 700 enim
938 631 1016 728 ejus
1031 653 1154 704 morsa
1176 629 1223 702 ad
1245 630 1425 705 necandos
1448 645 1530 706 reos
1547 657 1617 705 ra-

310 758 440 832 leutius
464 753 671 828 ducebatur.
716 751 792 822 veui
815 752 853 820 in
873 775 1053 826 carcerem
1075 754 1170 824 eunti
1195 753 1358 851 ingenuae
1382 752 1468 826 fidei
1492 777 1618 828 servus

309 879 407 955 ultro
427 900 504 952 sese
518 874 754 948 damnationis
771 878 937 947 comitem
956 871 1093 947 obtulit.
1152 878 1257 948 Exuit
1281 901 1440 969 vernam,
1457 893 1496 952 ut
1515 881 1617 952 soci-

310 1027 372 1076 um
400 1001 555 1098 ageret2,
578 1011 808 1092 mortemque
827 998 992 1094 excipere
1023 1021 1133 1094 quam
1165 996 1312 1069 domino
1336 995 1458 1070 deesse
1481 998 1618 1073 maluit.

311 1129 507 1218 Utrumque
522 1120 572 1206 is,
599 1119 663 1215 qui
678 1115 849 1190 custodiae
867 1135 1030 1216 praeerat,
1050 1122 1226 1192 curiosius
1241 1119 1472 1194 observatum
1494 1146 1561 1221 per
1574 1146 1617 1199 os

309 1252 396 1320 antri
415 1245 585 1314 inermem
610 1264 873 1340 excussumque
907 1239 1053 1314 demisit.
1131 1245 1268 1338 ltaque,
1290 1239 1426 1316 nudato
1448 1247 1616 1336 ministro,

308 1363 507 1444 Haraldum
530 1361 753 1436 verecundiae
785 1367 896 1460 gratia
925 1360 1032 1436 linteo
1068 1378 1205 1436 tantum
1235 1361 1446 1438 discinctum
1469 1371 1617 1465 excepit.

307 1499 431 1589 Aquo
447 1483 541 1560 clam
562 1481 698 1558 armilla
722 1483 892 1576 donatus,
916 1484 1093 1583 pisciculis
1120 1487 1364 1584 pavimentum
1387 1489 1561 1580 instravit,
1576 1503 1616 1561 ut

306 1613 459 1688 haberet
474 1605 602 1698 draco,
630 1609 666 1678 iu
682 1631 757 1705 quo
778 1612 903 1704 primae
926 1607 1029 1684 famis
1054 1633 1267 1705 procursum
1288 1605 1503 1699 effunderet,
1525 1635 1615 1684 reo-

307 1756 462 1832 rumque
480 1729 717 1804 carceralibus
743 1729 898 1802 tenebris
917 1729 1039 1802 obfusi
1061 1729 1156 1804 oculi
1179 1727 1236 1804 vel
1262 1729 1449 1826 parvulam
1469 1734 1615 1830 perspi-

307 1853 423 1930 ciendi
440 1853 580 1949 copiam
596 1855 676 1948 ipso
692 1875 921 1947 squamarum
936 1855 1051 1924 nitore
1066 1868 1301 1949 capesserent.
1362 1856 1463 1926 Tunc
1479 1851 1614 1926 Haral·

307 1979 376 2054 dus
395 1976 483 2048 lecta
514 1970 730 2046 cadaverum
755 1997 837 2046 ossa
865 1975 1036 2072 angustiis
1067 1972 1146 2048 telae
1175 1975 1398 2048 consertioris
1432 1973 1615 2074 implicuit,

306 2099 506 2196 iisdemque
517 2097 552 2167 in
571 2119 682 2168 unum
700 2093 849 2194 globum
869 2099 997 2170 coactis
1014 2096 1126 2174 veluti
1140 2095 1280 2183 clavam
1303 2099 1423 2174 effecit.
1448 2100 1615 2195 Cumque

307 2225 464 2322 allapsus
479 2219 590 2294 draco
610 2223 645 2288 in
660 2216 840 2316 objectam
855 2244 1031 2319 perquam
1048 2218 1152 2293 avide
1167 2203 1325 2318 praedam
1344 2226 1502 2313 irrueret,
1518 2219 1614 2294 dor·

307 2373 388 2424 aum
410 2345 489 2442 ejus
514 2340 626 2414 veloci
651 2341 744 2416 saltu
770 2341 1011 2416 conscendens
1052 2341 1236 2417 cultellum
1268 2349 1482 2434 tonsorium,
1503 2367 1614 2440 quem

307 2495 432 2546 secum
449 2466 539 2538 forte
557 2480 690 2568 tectum
712 2465 889 2556 attulerat,
914 2465 1104 2558 umbilico,
1130 2467 1192 2565 qai
1215 2466 1315 2540 solus
1338 2465 1434 2540 ferro
1456 2465 1614 2564 patebat,

305 2591 487 2666 immersit.
548 2587 747 2660 Sectionem
771 2591 863 2661 enim
887 2588 1106 2688 rigidissimis
1127 2593 1286 2687 squamis
1309 2588 1443 2662 obsitus
1466 2610 1613 2686 serpens

307 2731 435 2792 caetera
450 2710 611 2808 corporis
635 2726 737 2806 parte
763 2711 965 2808 spernebat.
1028 2715 1134 2784 Hunc
1157 2710 1339 2786 cultellum
1362 2708 1612 2786 Waldemarus

305 2839 404 2925 rex³,
421 2855 477 2906 res
497 2847 613 2928 gestas
632 2831 871 2930 cognoscendi
897 2857 940 2904 ac
957 2833 1132 2908 referendi
1156 2831 1423 2930 cupidissimus,
1448 2831 1613 2932 rubigine

306 2980 452 3034 exesum
479 2955 606 3052 vixque
631 2953 775 3028 secandi
793 2952 1025 3029 sufficientem
1041 2958 1232 3030 ministerio
1258 2954 1492 3030 familiaribus
1514 2973 1612 3055 saepe

305 3075 535 3154 monstrabat.
586 3074 656 3148 Sed
675 3076 977 3177 nequeiiaraldus
993 3077 1224 3154 obsessionis
1241 3081 1465 3152 eminentiam
1481 3079 1613 3179 ingenti

306 3201 440 3278 belluae
455 3224 518 3274 ore
544 3199 677 3295 corripi
702 3198 908 3274 dentiumve
931 3203 1097 3276 acumine
1119 3203 1242 3276 noceri
1266 3218 1329 3276 aut
1349 3201 1473 3274 caude
1496 3201 1609 3276 volu-

305 3323 462 3399 minibus
478 3319 559 3395 elidi
582 3337 729 3420 poterat
788 3325 945 3398 Minister
970 3349 1068 3417 vero,
1092 3340 1279 3424 compacto
1301 3326 1494 3425 gestamine
1511 3350 1609 3417 usus,

304 3615 436 3659 mensem
449 3595 516 3656 baec
530 3594 672 3678 leguntur
683 3595 736 3658 lib.
745 3599 786 3658 ΙΙΙ
798 3615 863 3680 cap.
873 3592 928 3658 13:
982 3608 1052 3659 rant
1084 3596 1196 3660 lelandi
1223 3599 1255 3660 li.
1284 3617 1329 3660 oc.
1357 3596 1526 3660 Haraldnm
1554 3615 1608 3682 pe·

303 3707 439 3768 Patriam
483 3723 616 3784 egressus
656 3705 928 3788 Constantinopolin
983 3705 1100 3766 eulaius
1120 3717 1292 3767 accusatum
1315 3703 1348 3766 in
1373 3705 1483 3768 turrim
1500 3704 1611 3788 viperi-

213 3805 217 3810 ’
302 3811 372 3873 exal
390 3809 512 3872 durat.
565 3809 623 3870 Ubi
643 3812 723 3870 miles
745 3813 928 3895 imperatoris
984 3829 1054 3871 nam
1069 3807 1161 3872 luisse
1174 3810 1356 3890 conjectum.

302 3917 421 4001 ffetus
444 3915 537 3976 malta
562 3929 666 3976 eontra
692 3917 869 3978 Sarracenos

374 4027 380 4039 ,
599 4022 606 4034 ,
821 4024 827 4036 ,
897 3935 960 3974 ms
1028 3959 1145 4016 'Exat't
1159 3979 1291 4028 vernam,
1312 3973 1344 4018 ut
1362 3964 1470 4021 sociam
1490 3953 1607 4042 ageret]

303 4047 377 4086 mart
396 4039 427 4091 et
446 4019 572 4102 Scythas
592 4041 623 4079 tn
642 4034 723 4081 terra
735 4021 843 4105 praba
860 4041 927 4101 ges·
985 4059 1123 4126 Valerius
1137 4048 1284 4123 Mam
1302 4061 1354 4125 lib·
1375 4065 1406 4129 V
1430 4083 1495 4146 cap·
1514 4057 1545 4140 8,
1572 4060 1607 4124 ¹:

301 4131 360 4198 sit,
372 4127 555 4217 sortr'tadt'ne
575 4127 673 4186 claras
696 4141 725 4186 at
742 4125 854 4185 dt'rrr'tt't's
874 4147 927 4184 aa·

301 4249 366 4294 etas
385 4231 569 4294 solemmter.
624 4229 735 4292 lelandi
756 4229 851 4290 multa
872 4227 925 4290 ha·

300 4339 376 4401 bant
392 4335 532 4400 derebus
550 4334 587 4399 ab
609 4335 746 4399 Haraldo
762 4333 837 4396 duce
855 4336 925 4401 Vae·

300 4445 459 4527 magorum
467 4443 731 4528 Constantinopoli
741 4440 864 4504 sortiter
874 4459 925 4524 ge-

982 4169 1074 4226 Exuit
1083 4185 1213 4253 patrem,
1229 4184 1261 4227 at
1269 4169 1410 4229 consulem
1426 4186 1534 4252 ageret.
1558 4165 1607 4248 (S)

978 4269 1129 4334 Referunt
1142 4270 1264 4354 lelandi,
1288 4293 1351 4334 noo
1377 4291 1517 4351 vernam,
1553 4271 1608 4336 aed

982 4377 1058 4441 duos
1075 4379 1227 4458 islandos,
1253 4377 1425 4440 Heldoram
1447 4378 1607 4443 Snorrium

332 4550 339 4566 ,
432 4547 439 4562 ‚
982 4498 1013 4547 et
1033 4485 1181 4548 Ulronem
1207 4485 1321 4570 Ospalxi
1341 4483 1448 4566 filium,
1470 4482 1606 4549 Haraldo

301 4564 356 4615 atas
385 4544 479 4630 (Hut.
504 4566 568 4630 reg.
588 4551 719 4632 Norreg.
737 4548 804 4634 =rol.
831 4550 872 4608 iil
893 4568 924 4629 p.
983 4587 990 4603 .
1029 4579 1032 4584 ·

299 4651 343 4718 56
360 4673 454 4740 ”quq
472 4653 757 4737 mmmm
776 4649 874 4718 ww
893 4675 924 4739 p·
981 4611 1013 4650 m
1027 4609 1148 4653 carcere
1162 4589 1292 4652 adfuisse
1307 4590 1414 4653 socios.

300 4755 362 4824 163
372 4759 470 4844 aequ.)
1028 4763 1261 4824 waldemarus
1276 4759 1341 4840 rex]
1354 4759 1501 4844 intelligit
1515 4755 1606 4828 Wal-

351 4867 529 4950 ¹Hamxardii
538 4869 655 4930 erantne
667 4863 836 4947 damnatm]
850 4869 925 4930 Nax·
982 4864 1134 4929 damarum
1148 4867 1294 4930 Primum.
