<?xml version="1.0" encoding="UTF-8"?>
<!DOCTYPE html PUBLIC "-//W3C//DTD XHTML 1.0 Transitional//EN"
    "http://www.w3.org/TR/xhtml1/DTD/xhtml1-transitional.dtd">
<html xmlns="http://www.w3.org/1999/xhtml" xml:lang="en" lang="en">
 <head>
  <title>
</title>
<meta http-equiv="Content-Type" content="text/html;charset=utf-8" />
  <meta name='ocr-system' content='tesseract 3.04.00' />
  <meta name='ocr-capabilities' content='ocr_page ocr_carea ocr_par ocr_line ocrx_word'/>
</head>
<body>
  <div class='ocr_page' id='page_1' title='image "./historiadanica01velsgoog_0114.png"; bbox 0 0 3524 5460; ppageno 0'>
   <div class='ocr_carea' id='block_1_1' title="bbox 690 311 1411 392">
    <p class='ocr_par' dir='ltr' id='par_1_1' title="bbox 690 311 1411 392">
     <span class='ocr_line' id='line_1_1' title="bbox 690 311 1411 392; baseline 0.001 -5"><span class='ocrx_word' id='word_1_1' title='bbox 690 315 923 388; x_wconf 78' lang='lat' dir='ltr'><strong>tttcotttJS.</strong></span> <span class='ocrx_word' id='word_1_2' title='bbox 1338 311 1411 392; x_wconf 67' lang='lat'><strong>051</strong></span> 
     </span>
    </p>
   </div>
   <div class='ocr_carea' id='block_1_2' title="bbox 18 521 1464 625">
    <p class='ocr_par' dir='ltr' id='par_1_2' title="bbox 18 521 1464 625">
     <span class='ocr_line' id='line_1_2' title="bbox 18 521 1464 625; baseline -0.006 -19"><span class='ocrx_word' id='word_1_3' title='bbox 18 601 20 606; x_wconf 89' lang='lat'><strong>.</strong></span> <span class='ocrx_word' id='word_1_4' title='bbox 159 521 300 600; x_wconf 77' lang='lat' dir='ltr'><strong>facilem</strong></span> <span class='ocrx_word' id='word_1_5' title='bbox 314 523 412 624; x_wconf 83' lang='lat' dir='ltr'><strong>ingre</strong></span> <span class='ocrx_word' id='word_1_6' title='bbox 425 539 582 600; x_wconf 83' lang='lat' dir='ltr'><strong>meatum</strong></span> <span class='ocrx_word' id='word_1_7' title='bbox 597 521 735 598; x_wconf 88' lang='lat' dir='ltr'><strong>babuit.</strong></span> <span class='ocrx_word' id='word_1_8' title='bbox 785 529 911 623; x_wconf 86' lang='lat' dir='ltr'><strong>ltaque</strong></span> <span class='ocrx_word' id='word_1_9' title='bbox 925 547 998 625; x_wconf 82' lang='lat' dir='ltr'><strong>non</strong></span> <span class='ocrx_word' id='word_1_10' title='bbox 1014 525 1132 600; x_wconf 87' lang='lat' dir='ltr'><strong>minue</strong></span> <span class='ocrx_word' id='word_1_11' title='bbox 1145 525 1238 598; x_wconf 85' lang='lat' dir='ltr'><strong>lietae</strong></span> <span class='ocrx_word' id='word_1_12' title='bbox 1255 523 1464 624; x_wconf 80' lang='lat' dir='ltr'><strong>fugientium</strong></span> 
     </span>
    </p>
   </div>
   <div class='ocr_carea' id='block_1_3' title="bbox 158 645 1466 1479">
    <p class='ocr_par' dir='ltr' id='par_1_3' title="bbox 158 645 1466 1479">
     <span class='ocr_line' id='line_1_3' title="bbox 160 645 1465 746; baseline 0.002 -24"><span class='ocrx_word' id='word_1_13' title='bbox 160 671 269 722; x_wconf 82' lang='lat' dir='ltr'><strong>voees</strong></span> <span class='ocrx_word' id='word_1_14' title='bbox 301 671 412 746; x_wconf 85' lang='lat' dir='ltr'><strong>quam</strong></span> <span class='ocrx_word' id='word_1_15' title='bbox 436 649 607 746; x_wconf 89' lang='lat' dir='ltr'><strong>temporis</strong></span> <span class='ocrx_word' id='word_1_16' title='bbox 627 645 773 722; x_wconf 85' lang='lat' dir='ltr'><strong>habitus</strong></span> <span class='ocrx_word' id='word_1_17' title='bbox 799 645 956 721; x_wconf 88' lang='lat' dir='ltr'><strong>hostium</strong></span> <span class='ocrx_word' id='word_1_18' title='bbox 980 649 1270 722; x_wconf 72' lang='lat' dir='ltr'><strong>existimationem</strong></span> <span class='ocrx_word' id='word_1_19' title='bbox 1302 646 1465 724; x_wconf 83' lang='lat' dir='ltr'><strong>lelelliaee</strong></span> 
     </span>
     <span class='ocr_line' id='line_1_4' title="bbox 159 767 1465 870; baseline 0.001 -26"><span class='ocrx_word' id='word_1_20' title='bbox 159 768 368 844; x_wconf 78' lang='lat' dir='ltr'><strong>emdnutur.</strong></span> <span class='ocrx_word' id='word_1_21' title='bbox 419 774 537 844; x_wconf 80' lang='lat' dir='ltr'><strong>Fuere</strong></span> <span class='ocrx_word' id='word_1_22' title='bbox 555 785 672 844; x_wconf 87' lang='lat' dir='ltr'><strong>tamen</strong></span> <span class='ocrx_word' id='word_1_23' title='bbox 688 795 730 843; x_wconf 87' lang='lat' dir='ltr'><strong>ex</strong></span> <span class='ocrx_word' id='word_1_24' title='bbox 744 769 1002 860; x_wconf 86' lang='lat' dir='ltr'><strong>Theutonibus,</strong></span> <span class='ocrx_word' id='word_1_25' title='bbox 1017 771 1079 869; x_wconf 89' lang='lat' dir='ltr'><strong>qui</strong></span> <span class='ocrx_word' id='word_1_26' title='bbox 1098 767 1195 844; x_wconf 91' lang='lat' dir='ltr'><strong>hunc</strong></span> <span class='ocrx_word' id='word_1_27' title='bbox 1215 771 1347 870; x_wconf 89' lang='lat' dir='ltr'><strong>inipso</strong></span> <span class='ocrx_word' id='word_1_28' title='bbox 1368 771 1465 870; x_wconf 82' lang='lat' dir='ltr'><strong>fugae</strong></span> 
     </span>
     <span class='ocr_line' id='line_1_5' title="bbox 160 889 1465 993; baseline 0.002 -27"><span class='ocrx_word' id='word_1_29' title='bbox 160 915 342 990; x_wconf 88' lang='lat' dir='ltr'><strong>procursu</strong></span> <span class='ocrx_word' id='word_1_30' title='bbox 367 893 503 993; x_wconf 77' lang='lat' dir='ltr'><strong>sagittis</strong></span> <span class='ocrx_word' id='word_1_31' title='bbox 525 915 547 964; x_wconf 85' lang='lat' dir='ltr'><strong>a</strong></span> <span class='ocrx_word' id='word_1_32' title='bbox 566 915 607 965; x_wconf 85' lang='lat' dir='ltr'><strong>se</strong></span> <span class='ocrx_word' id='word_1_33' title='bbox 629 889 810 964; x_wconf 83' lang='lat' dir='ltr'><strong>confixum</strong></span> <span class='ocrx_word' id='word_1_34' title='bbox 826 905 1027 966; x_wconf 79' lang='lat' dir='ltr'><strong>assererent.</strong></span> <span class='ocrx_word' id='word_1_35' title='bbox 1077 895 1127 964; x_wconf 85' lang='lat' dir='ltr'><strong>ltu</strong></span> <span class='ocrx_word' id='word_1_36' title='bbox 1143 891 1233 966; x_wconf 87' lang='lat' dir='ltr'><strong>vafri</strong></span> <span class='ocrx_word' id='word_1_37' title='bbox 1247 895 1375 992; x_wconf 91' lang='lat' dir='ltr'><strong>ingenii</strong></span> <span class='ocrx_word' id='word_1_38' title='bbox 1390 892 1465 968; x_wconf 81' lang='lat' dir='ltr'><strong>dux</strong></span> 
     </span>
     <span class='ocr_line' id='line_1_6' title="bbox 158 1010 1466 1114; baseline 0 -26"><span class='ocrx_word' id='word_1_39' title='bbox 158 1013 386 1088; x_wconf 77' lang='lat' dir='ltr'><strong>obsidionem</strong></span> <span class='ocrx_word' id='word_1_40' title='bbox 401 1030 487 1104; x_wconf 90' lang='lat' dir='ltr'><strong>arte,</strong></span> <span class='ocrx_word' id='word_1_41' title='bbox 508 1010 707 1114; x_wconf 79' lang='lat' dir='ltr'><strong>periculum</strong></span> <span class='ocrx_word' id='word_1_42' title='bbox 723 1013 911 1088; x_wconf 87' lang='lat' dir='ltr'><strong>calliditate</strong></span> <span class='ocrx_word' id='word_1_43' title='bbox 925 1013 1123 1104; x_wconf 80' lang='lat' dir='ltr'><strong>frustratus,</strong></span> <span class='ocrx_word' id='word_1_44' title='bbox 1140 1031 1282 1112; x_wconf 89' lang='lat' dir='ltr'><strong>reperta</strong></span> <span class='ocrx_word' id='word_1_45' title='bbox 1297 1031 1382 1104; x_wconf 90' lang='lat' dir='ltr'><strong>rate,</strong></span> <span class='ocrx_word' id='word_1_46' title='bbox 1393 1019 1466 1088; x_wconf 81' lang='lat' dir='ltr'><strong>Ju-</strong></span> 
     </span>
     <span class='ocr_line' id='line_1_7' title="bbox 160 1133 1466 1236; baseline -0.001 -25"><span class='ocrx_word' id='word_1_47' title='bbox 160 1143 246 1211; x_wconf 80' lang='lat' dir='ltr'><strong>tium</strong></span> <span class='ocrx_word' id='word_1_48' title='bbox 262 1140 361 1236; x_wconf 88' lang='lat' dir='ltr'><strong>petit.</strong></span> <span class='ocrx_word' id='word_1_49' title='bbox 410 1139 529 1229; x_wconf 86' lang='lat' dir='ltr'><strong>Quem</strong></span> <span class='ocrx_word' id='word_1_50' title='bbox 546 1133 723 1226; x_wconf 82' lang='lat' dir='ltr'><strong>Nioulens,</strong></span> <span class='ocrx_word' id='word_1_51' title='bbox 738 1134 886 1230; x_wconf 85' lang='lat' dir='ltr'><strong>perinde</strong></span> <span class='ocrx_word' id='word_1_52' title='bbox 901 1159 945 1208; x_wconf 88' lang='lat' dir='ltr'><strong>ac</strong></span> <span class='ocrx_word' id='word_1_53' title='bbox 960 1133 1122 1234; x_wconf 84' lang='lat' dir='ltr'><strong>partibus</strong></span> <span class='ocrx_word' id='word_1_54' title='bbox 1139 1137 1212 1214; x_wconf 83' lang='lat' dir='ltr'><strong>suis</strong></span> <span class='ocrx_word' id='word_1_55' title='bbox 1232 1141 1268 1208; x_wconf 93' lang='lat' dir='ltr'><strong>in</strong></span> <span class='ocrx_word' id='word_1_56' title='bbox 1289 1135 1466 1210; x_wconf 77' lang='lat' dir='ltr'><strong>sialandia</strong></span> 
     </span>
     <span class='ocr_line' id='line_1_8' title="bbox 161 1255 1466 1359; baseline -0.001 -27"><span class='ocrx_word' id='word_1_57' title='bbox 161 1273 463 1359; x_wconf 77' lang='lat' dir='ltr'><strong>propugnantem,</strong></span> <span class='ocrx_word' id='word_1_58' title='bbox 473 1283 546 1332; x_wconf 94' lang='lat' dir='ltr'><strong>nou</strong></span> <span class='ocrx_word' id='word_1_59' title='bbox 567 1257 685 1330; x_wconf 87' lang='lat' dir='ltr'><strong>solum</strong></span> <span class='ocrx_word' id='word_1_60' title='bbox 701 1257 812 1356; x_wconf 88' lang='lat' dir='ltr'><strong>regali</strong></span> <span class='ocrx_word' id='word_1_61' title='bbox 828 1255 1061 1330; x_wconf 88' lang='lat' dir='ltr'><strong>beneficentia</strong></span> <span class='ocrx_word' id='word_1_62' title='bbox 1074 1276 1296 1356; x_wconf 86' lang='lat' dir='ltr'><strong>prosecutus,</strong></span> <span class='ocrx_word' id='word_1_63' title='bbox 1315 1257 1381 1332; x_wconf 90' lang='lat' dir='ltr'><strong>sed</strong></span> <span class='ocrx_word' id='word_1_64' title='bbox 1396 1260 1466 1331; x_wconf 86' lang='lat' dir='ltr'><strong>eti-</strong></span> 
     </span>
     <span class='ocr_line' id='line_1_9' title="bbox 162 1379 1466 1479; baseline -0.001 -25"><span class='ocrx_word' id='word_1_65' title='bbox 162 1405 222 1454; x_wconf 88' lang='lat' dir='ltr'><strong>am</strong></span> <span class='ocrx_word' id='word_1_66' title='bbox 238 1383 363 1479; x_wconf 87' lang='lat' dir='ltr'><strong>primis</strong></span> <span class='ocrx_word' id='word_1_67' title='bbox 377 1382 467 1454; x_wconf 88' lang='lat' dir='ltr'><strong>inter</strong></span> <span class='ocrx_word' id='word_1_68' title='bbox 486 1381 619 1454; x_wconf 84' lang='lat' dir='ltr'><strong>amicos</strong></span> <span class='ocrx_word' id='word_1_69' title='bbox 631 1379 831 1453; x_wconf 85' lang='lat' dir='ltr'><strong>honoribus</strong></span> <span class='ocrx_word' id='word_1_70' title='bbox 846 1394 1035 1454; x_wconf 81' lang='lat' dir='ltr'><strong>veneratus</strong></span> <span class='ocrx_word' id='word_1_71' title='bbox 1051 1396 1113 1454; x_wconf 91' lang='lat' dir='ltr'><strong>est.</strong></span> <span class='ocrx_word' id='word_1_72' title='bbox 1175 1383 1249 1454; x_wconf 86' lang='lat' dir='ltr'><strong>Nec</strong></span> <span class='ocrx_word' id='word_1_73' title='bbox 1265 1397 1381 1454; x_wconf 88' lang='lat' dir='ltr'><strong>tamen</strong></span> <span class='ocrx_word' id='word_1_74' title='bbox 1395 1405 1466 1456; x_wconf 87' lang='lat' dir='ltr'><strong>su·-</strong></span> 
     </span>
    </p>
   </div>
   <div class='ocr_carea' id='block_1_4' title="bbox 163 1479 1595 1602">
    <p class='ocr_par' dir='ltr' id='par_1_4' title="bbox 163 1479 1595 1602">
     <span class='ocr_line' id='line_1_10' title="bbox 163 1479 1595 1602; baseline -0.001 -26"><span class='ocrx_word' id='word_1_75' title='bbox 163 1505 324 1602; x_wconf 84' lang='lat' dir='ltr'><strong>spieione</strong></span> <span class='ocrx_word' id='word_1_76' title='bbox 341 1479 692 1578; x_wconf 74' lang='lat' dir='ltr'><strong>vacna&#39;tamtttnmas</strong></span> <span class='ocrx_word' id='word_1_77' title='bbox 710 1501 787 1576; x_wconf 84' lang='lat' dir='ltr'><strong>fuit.</strong></span> <span class='ocrx_word' id='word_1_78' title='bbox 839 1504 983 1600; x_wconf 88' lang='lat' dir='ltr'><strong>Quippe</strong></span> <span class='ocrx_word' id='word_1_79' title='bbox 1003 1519 1039 1598; x_wconf 82' lang='lat' dir='ltr'><strong>et</strong></span> <span class='ocrx_word' id='word_1_80' title='bbox 1064 1506 1246 1602; x_wconf 89' lang='lat' dir='ltr'><strong>repentina</strong></span> <span class='ocrx_word' id='word_1_81' title='bbox 1264 1503 1379 1577; x_wconf 83' lang='lat' dir='ltr'><strong>fratris</strong></span> <span class='ocrx_word' id='word_1_82' title='bbox 1395 1502 1467 1576; x_wconf 78' lang='lat' dir='ltr'><strong>de·</strong></span> <span class='ocrx_word' id='word_1_83' title='bbox 1592 1509 1595 1516; x_wconf 81' lang='grc'><em>’</em></span> 
     </span>
    </p>
   </div>
   <div class='ocr_carea' id='block_1_5' title="bbox 161 1622 1470 2951">
    <p class='ocr_par' dir='ltr' id='par_1_5' title="bbox 161 1622 1470 2951">
     <span class='ocr_line' id='line_1_11' title="bbox 161 1622 1173 1723; baseline -0.002 -21"><span class='ocrx_word' id='word_1_84' title='bbox 161 1627 270 1702; x_wconf 69' lang='lat' dir='ltr'><strong>sertio</strong></span> <span class='ocrx_word' id='word_1_85' title='bbox 295 1641 331 1699; x_wconf 88' lang='lat' dir='ltr'><strong>et</strong></span> <span class='ocrx_word' id='word_1_86' title='bbox 344 1625 551 1702; x_wconf 81' lang='lat' dir='ltr'><strong>subitaneus</strong></span> <span class='ocrx_word' id='word_1_87' title='bbox 565 1624 756 1723; x_wconf 68' lang='lat' dir='ltr'><strong>transfugae</strong></span> <span class='ocrx_word' id='word_1_88' title='bbox 773 1624 965 1698; x_wconf 84' lang='lat' dir='ltr'><strong>notabatur</strong></span> <span class='ocrx_word' id='word_1_89' title='bbox 987 1622 1173 1700; x_wconf 86' lang='lat' dir='ltr'><strong>adventus.</strong></span> 
     </span>
     <span class='ocr_line' id='line_1_12' title="bbox 297 1745 1467 1848; baseline -0.002 -26"><span class='ocrx_word' id='word_1_90' title='bbox 297 1751 612 1834; x_wconf 88' lang='lat' dir='ltr'><strong>lutereaSveonee‚</strong></span> <span class='ocrx_word' id='word_1_91' title='bbox 637 1745 739 1845; x_wconf 91' lang='lat' dir='ltr'><strong>quod</strong></span> <span class='ocrx_word' id='word_1_92' title='bbox 754 1749 927 1848; x_wconf 85' lang='lat' dir='ltr'><strong>Magnum</strong></span> <span class='ocrx_word' id='word_1_93' title='bbox 950 1745 1153 1821; x_wconf 83' lang='lat' dir='ltr'><strong>domesticis</strong></span> <span class='ocrx_word' id='word_1_94' title='bbox 1175 1746 1280 1821; x_wconf 89' lang='lat' dir='ltr'><strong>bellis</strong></span> <span class='ocrx_word' id='word_1_95' title='bbox 1304 1771 1467 1846; x_wconf 85' lang='lat' dir='ltr'><strong>oocupa-</strong></span> 
     </span>
     <span class='ocr_line' id='line_1_13' title="bbox 164 1868 1466 1969; baseline 0.002 -27"><span class='ocrx_word' id='word_1_96' title='bbox 164 1881 245 1942; x_wconf 84' lang='lat' dir='ltr'><strong>tum</strong></span> <span class='ocrx_word' id='word_1_97' title='bbox 258 1868 452 1962; x_wconf 71' lang='lat' dir='ltr'><strong>audierant,</strong></span> <span class='ocrx_word' id='word_1_98' title='bbox 467 1872 678 1944; x_wconf 86' lang='lat' dir='ltr'><strong>Srercouem</strong></span> <span class='ocrx_word' id='word_1_99' title='bbox 697 1869 892 1969; x_wconf 90' lang='lat' dir='ltr'><strong>quendam,</strong></span> <span class='ocrx_word' id='word_1_100' title='bbox 914 1870 1085 1942; x_wconf 88' lang='lat' dir='ltr'><strong>mediocri</strong></span> <span class='ocrx_word' id='word_1_101' title='bbox 1101 1875 1190 1942; x_wconf 91' lang='lat' dir='ltr'><strong>inter</strong></span> <span class='ocrx_word' id='word_1_102' title='bbox 1205 1872 1363 1944; x_wconf 86' lang='lat' dir='ltr'><strong>Sreoues</strong></span> <span class='ocrx_word' id='word_1_103' title='bbox 1382 1869 1466 1944; x_wconf 89' lang='lat' dir='ltr'><strong>loeo</strong></span> 
     </span>
     <span class='ocr_line' id='line_1_14' title="bbox 162 1990 1468 2092; baseline -0.001 -28"><span class='ocrx_word' id='word_1_104' title='bbox 162 2005 299 2084; x_wconf 66' lang='lat' dir='ltr'><strong>nuum,</strong></span> <span class='ocrx_word' id='word_1_105' title='bbox 322 2015 446 2091; x_wconf 88' lang='lat' dir='ltr'><strong>regem</strong></span> <span class='ocrx_word' id='word_1_106' title='bbox 463 1995 698 2084; x_wconf 85' lang='lat' dir='ltr'><strong>constituunt,</strong></span> <span class='ocrx_word' id='word_1_107' title='bbox 732 2017 803 2066; x_wconf 93' lang='lat' dir='ltr'><strong>non</strong></span> <span class='ocrx_word' id='word_1_108' title='bbox 825 1991 927 2092; x_wconf 90' lang='lat' dir='ltr'><strong>quod</strong></span> <span class='ocrx_word' id='word_1_109' title='bbox 951 1990 1050 2065; x_wconf 90' lang='lat' dir='ltr'><strong>illum</strong></span> <span class='ocrx_word' id='word_1_110' title='bbox 1071 2007 1254 2092; x_wconf 84' lang='lat' dir='ltr'><strong>tantopere</strong></span> <span class='ocrx_word' id='word_1_111' title='bbox 1276 1991 1468 2092; x_wconf 78' lang='lat' dir='ltr'><strong>diligerent,</strong></span> 
     </span>
     <span class='ocr_line' id='line_1_15' title="bbox 162 2110 1469 2214; baseline 0 -28"><span class='ocrx_word' id='word_1_112' title='bbox 162 2110 228 2186; x_wconf 89' lang='lat' dir='ltr'><strong>sed</strong></span> <span class='ocrx_word' id='word_1_113' title='bbox 242 2115 329 2212; x_wconf 82' lang='lat' dir='ltr'><strong>quie</strong></span> <span class='ocrx_word' id='word_1_114' title='bbox 343 2116 476 2188; x_wconf 81' lang='lat' dir='ltr'><strong>ertemi</strong></span> <span class='ocrx_word' id='word_1_115' title='bbox 490 2112 643 2188; x_wconf 86' lang='lat' dir='ltr'><strong>huminis</strong></span> <span class='ocrx_word' id='word_1_116' title='bbox 659 2119 848 2213; x_wconf 88' lang='lat' dir='ltr'><strong>imperium</strong></span> <span class='ocrx_word' id='word_1_117' title='bbox 868 2127 1080 2204; x_wconf 80' lang='lat' dir='ltr'><strong>recusarent,</strong></span> <span class='ocrx_word' id='word_1_118' title='bbox 1099 2120 1252 2189; x_wconf 86' lang='lat' dir='ltr'><strong>cervices</strong></span> <span class='ocrx_word' id='word_1_119' title='bbox 1268 2115 1469 2214; x_wconf 86' lang='lat' dir='ltr'><strong>indigenam</strong></span> 
     </span>
     <span class='ocr_line' id='line_1_16' title="bbox 162 2217 1469 2335; baseline 0.001 -26"><span class='ocrx_word' id='word_1_120' title='bbox 162 2235 260 2310; x_wconf 78' lang='lat' dir='ltr'><strong>serre</strong></span> <span class='ocrx_word' id='word_1_121' title='bbox 273 2217 397 2310; x_wconf 62' lang='lat' dir='ltr'><strong>abina</strong></span> <span class='ocrx_word' id='word_1_122' title='bbox 412 2240 601 2335; x_wconf 87' lang='lat' dir='ltr'><strong>peregrino</strong></span> <span class='ocrx_word' id='word_1_123' title='bbox 618 2235 699 2310; x_wconf 87' lang='lat' dir='ltr'><strong>duci</strong></span> <span class='ocrx_word' id='word_1_124' title='bbox 724 2237 933 2312; x_wconf 85' lang='lat' dir='ltr'><strong>submittere</strong></span> <span class='ocrx_word' id='word_1_125' title='bbox 955 2235 1193 2310; x_wconf 88' lang='lat' dir='ltr'><strong>lormidautcs.</strong></span> <span class='ocrx_word' id='word_1_126' title='bbox 1250 2241 1317 2310; x_wconf 83' lang='lat' dir='ltr'><strong>liic</strong></span> <span class='ocrx_word' id='word_1_127' title='bbox 1337 2239 1469 2310; x_wconf 86' lang='lat' dir='ltr'><strong>Srerco</strong></span> 
     </span>
     <span class='ocr_line' id='line_1_17' title="bbox 166 2356 1470 2461; baseline 0 -29"><span class='ocrx_word' id='word_1_128' title='bbox 166 2356 346 2434; x_wconf 82' lang='lat' dir='ltr'><strong>Ulrildam</strong></span> <span class='ocrx_word' id='word_1_129' title='bbox 373 2359 572 2448; x_wconf 86' lang='lat' dir='ltr'><strong>Noricum¹,</strong></span> <span class='ocrx_word' id='word_1_130' title='bbox 598 2383 710 2457; x_wconf 89' lang='lat' dir='ltr'><strong>qnam</strong></span> <span class='ocrx_word' id='word_1_131' title='bbox 743 2361 911 2436; x_wconf 86' lang='lat' dir='ltr'><strong>Nicolaus</strong></span> <span class='ocrx_word' id='word_1_132' title='bbox 941 2363 978 2432; x_wconf 93' lang='lat' dir='ltr'><strong>in</strong></span> <span class='ocrx_word' id='word_1_133' title='bbox 1011 2364 1288 2461; x_wconf 85' lang='lat' dir='ltr'><strong>matrimonium,</strong></span> <span class='ocrx_word' id='word_1_134' title='bbox 1304 2373 1470 2432; x_wconf 85' lang='lat' dir='ltr'><strong>emortua</strong></span> 
     </span>
     <span class='ocr_line' id='line_1_18' title="bbox 164 2479 1469 2582; baseline -0.002 -28"><span class='ocrx_word' id='word_1_135' title='bbox 164 2483 381 2582; x_wconf 81' lang='lat' dir='ltr'><strong>Margareta,</strong></span> <span class='ocrx_word' id='word_1_136' title='bbox 400 2498 600 2579; x_wconf 88' lang='lat' dir='ltr'><strong>receperat,</strong></span> <span class='ocrx_word' id='word_1_137' title='bbox 633 2489 811 2557; x_wconf 84' lang='lat' dir='ltr'><strong>amatoriis</strong></span> <span class='ocrx_word' id='word_1_138' title='bbox 836 2484 954 2582; x_wconf 86' lang='lat' dir='ltr'><strong>ptimo</strong></span> <span class='ocrx_word' id='word_1_139' title='bbox 977 2480 1211 2580; x_wconf 85' lang='lat' dir='ltr'><strong>legationibus</strong></span> <span class='ocrx_word' id='word_1_140' title='bbox 1235 2479 1469 2569; x_wconf 88' lang='lat' dir='ltr'><strong>sollicitatam,</strong></span> 
     </span>
     <span class='ocr_line' id='line_1_19' title="bbox 164 2600 1469 2703; baseline -0.002 -26"><span class='ocrx_word' id='word_1_141' title='bbox 164 2627 252 2678; x_wconf 83' lang='lat' dir='ltr'><strong>mox</strong></span> <span class='ocrx_word' id='word_1_142' title='bbox 265 2605 342 2680; x_wconf 81' lang='lat' dir='ltr'><strong>viro</strong></span> <span class='ocrx_word' id='word_1_143' title='bbox 364 2603 486 2678; x_wconf 86' lang='lat' dir='ltr'><strong>furtim</strong></span> <span class='ocrx_word' id='word_1_144' title='bbox 507 2603 721 2678; x_wconf 84' lang='lat' dir='ltr'><strong>abstractam</strong></span> <span class='ocrx_word' id='word_1_145' title='bbox 738 2603 784 2678; x_wconf 90' lang='lat' dir='ltr'><strong>ad</strong></span> <span class='ocrx_word' id='word_1_146' title='bbox 810 2629 915 2680; x_wconf 86' lang='lat' dir='ltr'><strong>suum</strong></span> <span class='ocrx_word' id='word_1_147' title='bbox 939 2629 1058 2703; x_wconf 89' lang='lat' dir='ltr'><strong>usque</strong></span> <span class='ocrx_word' id='word_1_148' title='bbox 1081 2600 1304 2676; x_wconf 89' lang='lat' dir='ltr'><strong>connubium</strong></span> <span class='ocrx_word' id='word_1_149' title='bbox 1326 2601 1469 2700; x_wconf 88' lang='lat' dir='ltr'><strong>perdu-</strong></span> 
     </span>
     <span class='ocr_line' id='line_1_20' title="bbox 164 2727 1470 2828; baseline -0.001 -28"><span class='ocrx_word' id='word_1_150' title='bbox 164 2728 223 2800; x_wconf 79' lang='lat' dir='ltr'><strong>xit.</strong></span> <span class='ocrx_word' id='word_1_151' title='bbox 275 2729 389 2826; x_wconf 83' lang='lat' dir='ltr'><strong>Cujus</strong></span> <span class='ocrx_word' id='word_1_152' title='bbox 404 2729 501 2802; x_wconf 91' lang='lat' dir='ltr'><strong>coitu</strong></span> <span class='ocrx_word' id='word_1_153' title='bbox 517 2751 587 2826; x_wconf 91' lang='lat' dir='ltr'><strong>pro</strong></span> <span class='ocrx_word' id='word_1_154' title='bbox 607 2728 776 2828; x_wconf 89' lang='lat' dir='ltr'><strong>conjugio</strong></span> <span class='ocrx_word' id='word_1_155' title='bbox 800 2751 899 2816; x_wconf 90' lang='lat' dir='ltr'><strong>usus,</strong></span> <span class='ocrx_word' id='word_1_156' title='bbox 923 2727 1093 2800; x_wconf 88' lang='lat' dir='ltr'><strong>Carolum</strong></span> <span class='ocrx_word' id='word_1_157' title='bbox 1115 2749 1223 2812; x_wconf 80' lang='lat' dir='ltr'><strong>exea,</strong></span> <span class='ocrx_word' id='word_1_158' title='bbox 1247 2727 1310 2822; x_wconf 91' lang='lat' dir='ltr'><strong>qui</strong></span> <span class='ocrx_word' id='word_1_159' title='bbox 1336 2741 1470 2824; x_wconf 86' lang='lat' dir='ltr'><strong>etpost</strong></span> 
     </span>
     <span class='ocr_line' id='line_1_21' title="bbox 163 2845 1469 2951; baseline -0.003 -29"><span class='ocrx_word' id='word_1_160' title='bbox 163 2852 286 2948; x_wconf 83' lang='lat' dir='ltr'><strong>ipsum</strong></span> <span class='ocrx_word' id='word_1_161' title='bbox 303 2855 341 2922; x_wconf 91' lang='lat' dir='ltr'><strong>iu</strong></span> <span class='ocrx_word' id='word_1_162' title='bbox 358 2850 471 2922; x_wconf 82' lang='lat' dir='ltr'><strong>Saetia</strong></span> <span class='ocrx_word' id='word_1_163' title='bbox 486 2849 667 2951; x_wconf 86' lang='lat' dir='ltr'><strong>regnabat,</strong></span> <span class='ocrx_word' id='word_1_164' title='bbox 690 2853 853 2950; x_wconf 77' lang='lat' dir='ltr'><strong>suscepit.</strong></span> <span class='ocrx_word' id='word_1_165' title='bbox 906 2853 972 2922; x_wconf 87' lang='lat' dir='ltr'><strong>Per</strong></span> <span class='ocrx_word' id='word_1_166' title='bbox 985 2848 1110 2922; x_wconf 88' lang='lat' dir='ltr'><strong>eadem</strong></span> <span class='ocrx_word' id='word_1_167' title='bbox 1126 2863 1286 2946; x_wconf 88' lang='lat' dir='ltr'><strong>tempora</strong></span> <span class='ocrx_word' id='word_1_168' title='bbox 1299 2845 1372 2922; x_wconf 88' lang='lat' dir='ltr'><strong>divi</strong></span> <span class='ocrx_word' id='word_1_169' title='bbox 1392 2851 1469 2918; x_wconf 84' lang='lat' dir='ltr'><strong>Ca-</strong></span> 
     </span>
    </p>
   </div>
   <div class='ocr_carea' id='block_1_6' title="bbox 163 2969 1604 3072">
    <p class='ocr_par' dir='ltr' id='par_1_6' title="bbox 163 2969 1604 3072">
     <span class='ocr_line' id='line_1_22' title="bbox 163 2969 1604 3072; baseline -0.001 -28"><span class='ocrx_word' id='word_1_170' title='bbox 163 2973 244 3044; x_wconf 92' lang='lat' dir='ltr'><strong>nuti</strong></span> <span class='ocrx_word' id='word_1_171' title='bbox 263 2969 348 3062; x_wconf 80' lang='lat' dir='ltr'><strong>filia,</strong></span> <span class='ocrx_word' id='word_1_172' title='bbox 365 2970 580 3071; x_wconf 84' lang='lat' dir='ltr'><strong>jampridem</strong></span> <span class='ocrx_word' id='word_1_173' title='bbox 599 2975 675 3072; x_wconf 89' lang='lat' dir='ltr'><strong>regi</strong></span> <span class='ocrx_word' id='word_1_174' title='bbox 691 2977 900 3048; x_wconf 79' lang='lat' dir='ltr'><strong>Noricorum</strong></span> <span class='ocrx_word' id='word_1_175' title='bbox 918 2969 1105 3069; x_wconf 82' lang='lat' dir='ltr'><strong>desponsa,</strong></span> <span class='ocrx_word' id='word_1_176' title='bbox 1129 2995 1196 3070; x_wconf 89' lang='lat' dir='ltr'><strong>per</strong></span> <span class='ocrx_word' id='word_1_177' title='bbox 1211 2971 1346 3070; x_wconf 87' lang='lat' dir='ltr'><strong>legatos</strong></span> <span class='ocrx_word' id='word_1_178' title='bbox 1364 2969 1411 3042; x_wconf 85' lang='lat' dir='ltr'><strong>ab</strong></span> <span class='ocrx_word' id='word_1_179' title='bbox 1425 2993 1470 3068; x_wconf 86' lang='lat' dir='ltr'><strong>eo</strong></span> <span class='ocrx_word' id='word_1_180' title='bbox 1601 3021 1604 3028; x_wconf 60' lang='lat'><strong>.</strong></span> 
     </span>
    </p>
   </div>
   <div class='ocr_carea' id='block_1_7' title="bbox 157 3093 1472 3316">
    <p class='ocr_par' dir='ltr' id='par_1_7' title="bbox 157 3093 1472 3316">
     <span class='ocr_line' id='line_1_23' title="bbox 157 3093 988 3193; baseline -0.001 -26"><span class='ocrx_word' id='word_1_181' title='bbox 157 3096 205 3167; x_wconf 85' lang='lat' dir='ltr'><strong>in</strong></span> <span class='ocrx_word' id='word_1_182' title='bbox 220 3097 374 3168; x_wconf 84' lang='lat' dir='ltr'><strong>Daniam</strong></span> <span class='ocrx_word' id='word_1_183' title='bbox 391 3099 519 3168; x_wconf 86' lang='lat' dir='ltr'><strong>missos</strong></span> <span class='ocrx_word' id='word_1_184' title='bbox 534 3112 694 3193; x_wconf 89' lang='lat' dir='ltr'><strong>nuptura</strong></span> <span class='ocrx_word' id='word_1_185' title='bbox 708 3093 909 3169; x_wconf 86' lang='lat' dir='ltr'><strong>deducitur.</strong></span> <span class='ocrx_word' id='word_1_186' title='bbox 985 3149 988 3156; x_wconf 77' lang='lat'><strong>,</strong></span> 
     </span>
     <span class='ocr_line' id='line_1_24' title="bbox 300 3215 1472 3316; baseline -0.002 -26"><span class='ocrx_word' id='word_1_187' title='bbox 300 3218 455 3290; x_wconf 84' lang='lat' dir='ltr'><strong>Peractis</strong></span> <span class='ocrx_word' id='word_1_188' title='bbox 480 3215 660 3316; x_wconf 82' lang='lat' dir='ltr'><strong>hybernis,</strong></span> <span class='ocrx_word' id='word_1_189' title='bbox 680 3217 856 3306; x_wconf 89' lang='lat' dir='ltr'><strong>Nicolaus,</strong></span> <span class='ocrx_word' id='word_1_190' title='bbox 871 3217 1042 3290; x_wconf 88' lang='lat' dir='ltr'><strong>diutinam</strong></span> <span class='ocrx_word' id='word_1_191' title='bbox 1056 3215 1251 3290; x_wconf 87' lang='lat' dir='ltr'><strong>deficientis</strong></span> <span class='ocrx_word' id='word_1_192' title='bbox 1273 3239 1293 3286; x_wconf 92' lang='lat' dir='ltr'><strong>a</strong></span> <span class='ocrx_word' id='word_1_193' title='bbox 1318 3240 1357 3288; x_wconf 92' lang='lat' dir='ltr'><strong>se</strong></span> <span class='ocrx_word' id='word_1_194' title='bbox 1373 3216 1472 3314; x_wconf 86' lang='lat' dir='ltr'><strong>regui</strong></span> 
     </span>
    </p>
   </div>
   <div class='ocr_carea' id='block_1_8' title="bbox 164 3336 1473 3808">
    <p class='ocr_par' dir='ltr' id='par_1_8' title="bbox 164 3336 1473 3808">
     <span class='ocr_line' id='line_1_25' title="bbox 164 3336 1471 3438; baseline -0.003 -25"><span class='ocrx_word' id='word_1_195' title='bbox 164 3337 294 3414; x_wconf 84' lang='lat' dir='ltr'><strong>ulcisci</strong></span> <span class='ocrx_word' id='word_1_196' title='bbox 309 3346 456 3438; x_wconf 87' lang='lat' dir='ltr'><strong>cupiens</strong></span> <span class='ocrx_word' id='word_1_197' title='bbox 474 3339 650 3437; x_wconf 87' lang='lat' dir='ltr'><strong>injuriam,</strong></span> <span class='ocrx_word' id='word_1_198' title='bbox 675 3338 801 3414; x_wconf 88' lang='lat' dir='ltr'><strong>crebra</strong></span> <span class='ocrx_word' id='word_1_199' title='bbox 820 3343 1015 3414; x_wconf 88' lang='lat' dir='ltr'><strong>Juticarum</strong></span> <span class='ocrx_word' id='word_1_200' title='bbox 1034 3343 1187 3437; x_wconf 88' lang='lat' dir='ltr'><strong>partium</strong></span> <span class='ocrx_word' id='word_1_201' title='bbox 1202 3337 1315 3412; x_wconf 86' lang='lat' dir='ltr'><strong>classe</strong></span> <span class='ocrx_word' id='word_1_202' title='bbox 1329 3336 1471 3409; x_wconf 86' lang='lat' dir='ltr'><strong>Sialau-</strong></span> 
     </span>
     <span class='ocr_line' id='line_1_26' title="bbox 167 3459 1473 3562; baseline 0 -30"><span class='ocrx_word' id='word_1_203' title='bbox 167 3459 270 3532; x_wconf 86' lang='lat' dir='ltr'><strong>diam</strong></span> <span class='ocrx_word' id='word_1_204' title='bbox 292 3460 442 3560; x_wconf 83' lang='lat' dir='ltr'><strong>appulit.</strong></span> <span class='ocrx_word' id='word_1_205' title='bbox 508 3467 538 3536; x_wconf 82' lang='lat' dir='ltr'>A</span> <span class='ocrx_word' id='word_1_206' title='bbox 564 3489 640 3562; x_wconf 90' lang='lat' dir='ltr'><strong>quo</strong></span> <span class='ocrx_word' id='word_1_207' title='bbox 659 3467 785 3538; x_wconf 85' lang='lat' dir='ltr'><strong>Ericus</strong></span> <span class='ocrx_word' id='word_1_208' title='bbox 808 3463 908 3562; x_wconf 90' lang='lat' dir='ltr'><strong>apud</strong></span> <span class='ocrx_word' id='word_1_209' title='bbox 932 3467 1074 3536; x_wconf 88' lang='lat' dir='ltr'><strong>Weram</strong></span> <span class='ocrx_word' id='word_1_210' title='bbox 1096 3477 1243 3560; x_wconf 89' lang='lat' dir='ltr'><strong>pontem</strong></span> <span class='ocrx_word' id='word_1_211' title='bbox 1263 3463 1473 3558; x_wconf 62' lang='lat' dir='ltr'><strong>gravatimo</strong></span> 
     </span>
     <span class='ocr_line' id='line_1_27' title="bbox 167 3581 1473 3685; baseline -0.002 -31"><span class='ocrx_word' id='word_1_212' title='bbox 167 3581 296 3682; x_wconf 67' lang='lat' dir='ltr'><strong>prelio</strong></span> <span class='ocrx_word' id='word_1_213' title='bbox 309 3589 536 3682; x_wconf 79' lang='lat' dir='ltr'><strong>superatus2,</strong></span> <span class='ocrx_word' id='word_1_214' title='bbox 560 3610 643 3658; x_wconf 92' lang='lat' dir='ltr'><strong>cum</strong></span> <span class='ocrx_word' id='word_1_215' title='bbox 668 3611 791 3677; x_wconf 77' lang='lat' dir='ltr'><strong>uxore,</strong></span> <span class='ocrx_word' id='word_1_216' title='bbox 809 3583 992 3685; x_wconf 89' lang='lat' dir='ltr'><strong>quondam</strong></span> <span class='ocrx_word' id='word_1_217' title='bbox 1009 3585 1196 3682; x_wconf 86' lang='lat' dir='ltr'><strong>Norvagiae</strong></span> <span class='ocrx_word' id='word_1_218' title='bbox 1215 3585 1348 3682; x_wconf 88' lang='lat' dir='ltr'><strong>regina,</strong></span> <span class='ocrx_word' id='word_1_219' title='bbox 1371 3582 1473 3654; x_wconf 88' lang='lat' dir='ltr'><strong>filio—</strong></span> 
     </span>
     <span class='ocr_line' id='line_1_28' title="bbox 168 3705 1473 3808; baseline -0.002 -30"><span class='ocrx_word' id='word_1_220' title='bbox 168 3729 250 3804; x_wconf 87' lang='lat' dir='ltr'><strong>que</strong></span> <span class='ocrx_word' id='word_1_221' title='bbox 269 3705 422 3804; x_wconf 83' lang='lat' dir='ltr'><strong>parvulo</strong></span> <span class='ocrx_word' id='word_1_222' title='bbox 436 3707 609 3799; x_wconf 87' lang='lat' dir='ltr'><strong>Svenoue,</strong></span> <span class='ocrx_word' id='word_1_223' title='bbox 634 3733 741 3806; x_wconf 87' lang='lat' dir='ltr'><strong>quern</strong></span> <span class='ocrx_word' id='word_1_224' title='bbox 765 3733 807 3782; x_wconf 82' lang='lat' dir='ltr'><strong>ex</strong></span> <span class='ocrx_word' id='word_1_225' title='bbox 830 3707 956 3808; x_wconf 90' lang='lat' dir='ltr'><strong>pellice</strong></span> <span class='ocrx_word' id='word_1_226' title='bbox 981 3722 1248 3806; x_wconf 88' lang='lat' dir='ltr'><strong>procreaverat,</strong></span> <span class='ocrx_word' id='word_1_227' title='bbox 1271 3708 1473 3778; x_wconf 86' lang='lat' dir='ltr'><strong>uecessitu-</strong></span> 
     </span>
    </p>
   </div>
   <div class='ocr_carea' id='block_1_9' title="bbox 163 4011 1537 4856">
    <p class='ocr_par' dir='ltr' id='par_1_9' title="bbox 163 4011 1537 4856">
     <span class='ocr_line' id='line_1_29' title="bbox 220 4011 1476 4109; baseline -0.006 -24"><span class='ocrx_word' id='word_1_228' title='bbox 220 4023 381 4085; x_wconf 78' lang='lat' dir='ltr'><strong>¹Ulmiclam</strong></span> <span class='ocrx_word' id='word_1_229' title='bbox 389 4021 543 4102; x_wconf 83' lang='lat' dir='ltr'><strong>Noricam]</strong></span> <span class='ocrx_word' id='word_1_230' title='bbox 555 4021 702 4103; x_wconf 83' lang='lat' dir='ltr'><strong>Ulllrilda,</strong></span> <span class='ocrx_word' id='word_1_231' title='bbox 715 4037 792 4088; x_wconf 86' lang='lat' dir='ltr'><strong>teste</strong></span> <span class='ocrx_word' id='word_1_232' title='bbox 853 4011 959 4109; x_wconf 80' lang='lat' dir='ltr'><strong>postea</strong></span> <span class='ocrx_word' id='word_1_233' title='bbox 988 4019 1138 4084; x_wconf 82' lang='lat' dir='ltr'><strong>Srerltero</strong></span> <span class='ocrx_word' id='word_1_234' title='bbox 1162 4017 1373 4104; x_wconf 84' lang='lat' dir='ltr'><strong>desponsatam</strong></span> <span class='ocrx_word' id='word_1_235' title='bbox 1402 4015 1476 4081; x_wconf 87' lang='lat' dir='ltr'><strong>scri-</strong></span> 
     </span>
     <span class='ocr_line' id='line_1_30' title="bbox 164 4121 1472 4218; baseline -0.007 -25"><span class='ocrx_word' id='word_1_236' title='bbox 164 4121 793 4215; x_wconf 75' lang='lat' dir='ltr'><strong>scorrolesturtaeo(v01.tttp.171),tt-</strong></span> <span class='ocrx_word' id='word_1_237' title='bbox 853 4129 946 4208; x_wconf 85' lang='lat' dir='ltr'><strong>bens,</strong></span> <span class='ocrx_word' id='word_1_238' title='bbox 976 4127 1029 4192; x_wconf 85' lang='lat' dir='ltr'><strong>sed</strong></span> <span class='ocrx_word' id='word_1_239' title='bbox 1052 4127 1150 4190; x_wconf 88' lang='lat' dir='ltr'><strong>cidem</strong></span> <span class='ocrx_word' id='word_1_240' title='bbox 1180 4121 1327 4191; x_wconf 81' lang='lat' dir='ltr'><strong>Ulllrildm</strong></span> <span class='ocrx_word' id='word_1_241' title='bbox 1346 4127 1472 4218; x_wconf 80' lang='lat' dir='ltr'><strong>tertium</strong></span> 
     </span>
     <span class='ocr_line' id='line_1_31' title="bbox 164 4231 1475 4322; baseline -0.006 -24"><span class='ocrx_word' id='word_1_242' title='bbox 164 4235 212 4298; x_wconf 84' lang='lat' dir='ltr'><strong>lie</strong></span> <span class='ocrx_word' id='word_1_243' title='bbox 228 4245 293 4296; x_wconf 90' lang='lat' dir='ltr'><strong>erat</strong></span> <span class='ocrx_word' id='word_1_244' title='bbox 305 4232 556 4320; x_wconf 82' lang='lat' dir='ltr'><strong>Haeonia,neptis</strong></span> <span class='ocrx_word' id='word_1_245' title='bbox 569 4235 670 4315; x_wconf 88' lang='lat' dir='ltr'><strong>Finni,</strong></span> <span class='ocrx_word' id='word_1_246' title='bbox 681 4257 792 4322; x_wconf 88' lang='lat' dir='ltr'><strong>proue-</strong></span> <span class='ocrx_word' id='word_1_247' title='bbox 851 4235 932 4298; x_wconf 85' lang='lat' dir='ltr'><strong>inter</strong></span> <span class='ocrx_word' id='word_1_248' title='bbox 947 4233 1003 4298; x_wconf 86' lang='lat' dir='ltr'><strong>hos</strong></span> <span class='ocrx_word' id='word_1_249' title='bbox 1016 4233 1090 4296; x_wconf 87' lang='lat' dir='ltr'><strong>duos</strong></span> <span class='ocrx_word' id='word_1_250' title='bbox 1106 4234 1263 4310; x_wconf 85' lang='lat' dir='ltr'><strong>maritum,</strong></span> <span class='ocrx_word' id='word_1_251' title='bbox 1284 4249 1387 4314; x_wconf 84' lang='lat' dir='ltr'><strong>regem</strong></span> <span class='ocrx_word' id='word_1_252' title='bbox 1402 4231 1475 4291; x_wconf 80' lang='lat' dir='ltr'><strong>See-</strong></span> 
     </span>
     <span class='ocr_line' id='line_1_32' title="bbox 164 4335 1475 4427; baseline -0.003 -25"><span class='ocrx_word' id='word_1_253' title='bbox 164 4339 236 4424; x_wconf 85' lang='lat' dir='ltr'><strong>ptis</strong></span> <span class='ocrx_word' id='word_1_254' title='bbox 247 4337 361 4402; x_wconf 80' lang='lat' dir='ltr'><strong>Hereli</strong></span> <span class='ocrx_word' id='word_1_255' title='bbox 373 4337 410 4402; x_wconf 92' lang='lat' dir='ltr'><strong>de</strong></span> <span class='ocrx_word' id='word_1_256' title='bbox 425 4341 563 4421; x_wconf 81' lang='lat' dir='ltr'><strong>Thiotto,</strong></span> <span class='ocrx_word' id='word_1_257' title='bbox 577 4342 654 4425; x_wconf 82' lang='lat' dir='ltr'><strong>qui&#39;</strong></span> <span class='ocrx_word' id='word_1_258' title='bbox 714 4363 793 4427; x_wconf 85' lang='lat' dir='ltr'><strong>ugna</strong></span> <span class='ocrx_word' id='word_1_259' title='bbox 853 4341 910 4404; x_wconf 73' lang='lat' dir='ltr'><strong>cim</strong></span> <span class='ocrx_word' id='word_1_260' title='bbox 933 4341 1070 4426; x_wconf 85' lang='lat' dir='ltr'><strong>logium,</strong></span> <span class='ocrx_word' id='word_1_261' title='bbox 1093 4337 1244 4402; x_wconf 84' lang='lat' dir='ltr'><strong>Halsteini</strong></span> <span class='ocrx_word' id='word_1_262' title='bbox 1273 4335 1379 4418; x_wconf 89' lang='lat' dir='ltr'><strong>lilium,</strong></span> <span class='ocrx_word' id='word_1_263' title='bbox 1406 4354 1475 4421; x_wconf 85' lang='lat' dir='ltr'><strong>per-</strong></span> 
     </span>
     <span class='ocr_line' id='line_1_33' title="bbox 163 4443 1122 4534; baseline -0.003 -24"><span class='ocrx_word' id='word_1_264' title='bbox 163 4443 399 4510; x_wconf 74' lang='lat' dir='ltr'><strong>Stiltleatadensi</strong></span> <span class='ocrx_word' id='word_1_265' title='bbox 413 4445 526 4530; x_wconf 80' lang='lat' dir='ltr'><strong>primas</strong></span> <span class='ocrx_word' id='word_1_266' title='bbox 541 4461 644 4534; x_wconf 86' lang='lat' dir='ltr'><strong>partes</strong></span> <span class='ocrx_word' id='word_1_267' title='bbox 685 4449 731 4534; x_wconf 84' lang='lat' dir='ltr'><strong>git</strong></span> <span class='ocrx_word' id='word_1_268' title='bbox 750 4451 796 4512; x_wconf 92' lang='lat' dir='ltr'><strong>iu·</strong></span> <span class='ocrx_word' id='word_1_269' title='bbox 856 4469 961 4532; x_wconf 86' lang='lat' dir='ltr'><strong>peram</strong></span> <span class='ocrx_word' id='word_1_270' title='bbox 982 4447 1122 4532; x_wconf 81' lang='lat' dir='ltr'><strong>assignet.</strong></span> 
     </span>
     <span class='ocr_line' id='line_1_34' title="bbox 164 4553 796 4640; baseline 0.006 -26"><span class='ocrx_word' id='word_1_271' title='bbox 164 4564 221 4616; x_wconf 88' lang='lat' dir='ltr'><strong>ter</strong></span> <span class='ocrx_word' id='word_1_272' title='bbox 239 4569 291 4614; x_wconf 86' lang='lat' dir='ltr'><strong>ene</strong></span> <span class='ocrx_word' id='word_1_273' title='bbox 305 4563 469 4636; x_wconf 80' lang='lat' dir='ltr'><strong>magnates,</strong></span> <span class='ocrx_word' id='word_1_274' title='bbox 494 4553 546 4640; x_wconf 87' lang='lat' dir='ltr'><strong>qui</strong></span> <span class='ocrx_word' id='word_1_275' title='bbox 561 4573 595 4618; x_wconf 85' lang='lat' dir='ltr'><strong>aa</strong></span> <span class='ocrx_word' id='word_1_276' title='bbox 618 4555 683 4640; x_wconf 85' lang='lat' dir='ltr'><strong>regi</strong></span> <span class='ocrx_word' id='word_1_277' title='bbox 696 4555 796 4621; x_wconf 83' lang='lat' dir='ltr'><strong>Olera</strong></span> 
     </span>
     <span class='ocr_line' id='line_1_35' title="bbox 166 4659 1537 4748; baseline 0.001 -26"><span class='ocrx_word' id='word_1_278' title='bbox 166 4669 393 4742; x_wconf 75' lang='lat' dir='ltr'><strong>opposuerunt.</strong></span> <span class='ocrx_word' id='word_1_279' title='bbox 450 4661 567 4724; x_wconf 80' lang='lat' dir='ltr'><strong>Snorro</strong></span> <span class='ocrx_word' id='word_1_280' title='bbox 587 4681 657 4726; x_wconf 89' lang='lat' dir='ltr'><strong>eum</strong></span> <span class='ocrx_word' id='word_1_281' title='bbox 678 4663 796 4726; x_wconf 84' lang='lat' dir='ltr'><strong>Saxone</strong></span> <span class='ocrx_word' id='word_1_282' title='bbox 901 4664 1026 4722; x_wconf 77' lang='lat' dir='ltr'><strong>²Eu&#39;cus</strong></span> <span class='ocrx_word' id='word_1_283' title='bbox 1045 4659 1127 4746; x_wconf 83' lang='lat' dir='ltr'><strong>apud</strong></span> <span class='ocrx_word' id='word_1_284' title='bbox 1151 4659 1275 4726; x_wconf 82' lang='lat' dir='ltr'><strong>Werom</strong></span> <span class='ocrx_word' id='word_1_285' title='bbox 1293 4677 1411 4748; x_wconf 79' lang='lat' dir='ltr'><strong>pontem</strong></span> <span class='ocrx_word' id='word_1_286' title='bbox 1428 4685 1476 4723; x_wconf 56' lang='lat' dir='ltr'><strong>aas</strong></span> <span class='ocrx_word' id='word_1_287' title='bbox 1533 4709 1537 4716; x_wconf 59' lang='grc'>,</span> 
     </span>
     <span class='ocr_line' id='line_1_36' title="bbox 166 4761 1195 4856; baseline 0 -26"><span class='ocrx_word' id='word_1_288' title='bbox 166 4763 336 4846; x_wconf 83' lang='lat' dir='ltr'><strong>eontemit,</strong></span> <span class='ocrx_word' id='word_1_289' title='bbox 356 4761 524 4834; x_wconf 81' lang='lat' dir='ltr'><strong>Ullltiltlam</strong></span> <span class='ocrx_word' id='word_1_290' title='bbox 539 4769 641 4856; x_wconf 88' lang='lat' dir='ltr'><strong>primo</strong></span> <span class='ocrx_word' id='word_1_291' title='bbox 659 4769 796 4848; x_wconf 85' lang='lat' dir='ltr'><strong>Niculeo,</strong></span> <span class='ocrx_word' id='word_1_292' title='bbox 849 4763 986 4854; x_wconf 76' lang='lat' dir='ltr'><strong>per-atus]</strong></span> <span class='ocrx_word' id='word_1_293' title='bbox 1000 4765 1092 4829; x_wconf 77' lang='lat' dir='ltr'><strong>Anno</strong></span> <span class='ocrx_word' id='word_1_294' title='bbox 1107 4761 1195 4830; x_wconf 81' lang='lat' dir='ltr'><strong>ttat.</strong></span> 
     </span>
    </p>
   </div>
   <div class='ocr_carea' id='block_1_10' title="bbox 0 0 1780 5460">
    <p class='ocr_par' dir='ltr' id='par_1_10' title="bbox 0 0 1780 5460">
     <span class='ocr_line' id='line_1_37' title="bbox 0 0 1780 5460; baseline 0 0"><span class='ocrx_word' id='word_1_295' title='bbox 0 0 1780 5460; x_wconf 95' lang='lat' dir='ltr'><strong> </strong></span> 
     </span>
    </p>
   </div>
  </div>
 </body>
</html>
