3582 5466
391 299 464 370 622
727 295 903 364 ttts‘tott.
918 295 1025 364 DAN.
1039 292 1177 364 LIBER
1192 296 1281 366 xttt.

341 527 409 580 tur.
450 503 582 604 'Moe
599 508 685 581 civis
701 521 740 576 ut
752 503 865 577 bostis
880 501 1151 604 formidabatur.
1212 507 1357 604 Quippe
1374 509 1547 580 Fresones
1565 532 1646 581 cum

341 627 506 702 Holsatiis
521 655 563 702 ac
580 622 833 724 Dytrnerscbis,
857 626 1075 724 impunitatis
1090 649 1156 722 spe
1175 626 1225 700 ob
1241 628 1466 723 praefecturae
1483 631 1647 722 vacatioq

340 777 423 828 nem
431 767 613 850 concepta,
628 747 706 822 dies
722 747 926 839 latrociniis,
959 763 1084 822 noctes
1099 747 1201 822 furtis
1215 749 1486 844 emetiebantur,
1513 769 1558 844 et,
1582 752 1646 826 ubi

340 877 478 974 fastigia
494 872 701 970 nequibant,
725 873 814 944 imas
828 869 961 944 aedium
978 889 1098 970 partes
1116 869 1299 970 ligonibus
1318 871 1446 964 adorti,
1472 873 1647 948 cuniculis

339 997 524 1074 custodem
537 993 720 1068 fallebant.
779 1000 850 1068 Nec
864 997 980 1068 minor
994 991 1209 1070 aedituorum
1233 999 1268 1066 in
1290 995 1517 1068 reservandis
1537 995 1647 1070 rebus

339 1145 427 1194 cura
442 1118 612 1218 flagravit.
652 1120 747 1216 Equi
762 1123 851 1190 intra
866 1117 1093 1217 repagulum,
1117 1141 1162 1188 ne
1177 1116 1298 1188 furtim
1318 1117 1477 1190 abstrahi
1492 1120 1646 1217 quirent,
1761 1154 1764 1162 ·

338 1245 434 1316 lerro
458 1239 785 1339 cmopediebantur.
862 1241 1003 1314 AEdium
1038 1238 1262 1312 excubitores
1294 1238 1466 1314 uberioris
1496 1239 1647 1314 cautelae

338 1372 450 1468 gratia
476 1363 588 1440 valvis
603 1359 696 1436 allisi
710 1361 887 1460 jacebant.
949 1369 1022 1436 Nec
1038 1385 1199 1436 serarum
1215 1359 1379 1436 claustris
1394 1368 1559 1452 contenti,
1573 1365 1645 1436 eti-

338 1517 398 1563 am
423 1489 518 1562 fossa
541 1485 658 1559 aditus
682 1485 934 1560 obfirmabant
994 1491 1043 1558 lta
1064 1497 1244 1584 grassante
1267 1483 1471 1577 latrocinio,
1497 1483 1646 1583 quidam

338 1621 502 1714 ingenue
531 1613 686 1708 sttrpts2,
712 1607 950 1706 plurimorum
978 1623 1227 1708 paupertatem
1261 1625 1446 1704 partarum
1479 1615 1647 1706 nequiter

337 1761 458 1834 opum
466 1733 693 1808 incmmentis
719 1730 891 1804 abolitam
916 1755 1082 1822 cernens,
1117 1729 1258 1828 absque
1276 1747 1442 1828 respectu
1464 1755 1647 1806 vermun-

337 1857 407 1932 dioe
427 1853 553 1930 eadem
575 1853 739 1951 amplecti
772 1857 930 1928 animum
955 1855 1110 1946 induxit,
1153 1851 1457 1953 clarissimamque
1488 1853 1646 1928 indolem

337 2004 451 2067 suern,
465 2003 531 2077 spe
546 1977 638 2052 lucri
652 1978 840 2067 incitatam,
855 2001 897 2050 ex
911 2001 1054 2050 summo
1068 1974 1258 2058 nobilitatis
1273 1973 1416 2075 fastigio
1435 1980 1471 2051 in
1494 1977 1645 2052 obseoe-

337 2105 519 2180 nistimam
534 2096 762 2199 turpitudinis
775 2101 948 2173 sentinam
962 2101 1121 2200 abjicere
1135 2125 1207 2172 non
1223 2098 1377 2176 erubuit.
1427 2103 1477 2178 lta
1491 2105 1645 2194 sangvi-

337 2227 541 2302 nisdeoore
564 2223 766 2298 indecenter
789 2247 894 2312 usus,
931 2224 1024 2297 vires
1045 2225 1183 2326 generis
1210 2221 1257 2294 ad
1274 2223 1450 2298 scelerum
1471 2223 1645 2296 licentiam

336 2348 530 2440 transtulit,
561 2365 606 2440 et,
633 2345 732 2446 quod
753 2346 943 2420 virtutibus
963 2349 1217 2421 nutrimentum
1240 2369 1319 2420 esse
1343 2345 1529 2437 debuerat,
1555 2347 1645 2422 vitiis

335 2475 497 2548 obtentui
512 2472 603 2544 fecit.
656 2467 837 2568 Siquidem
856 2469 944 2543 nulli
959 2469 1049 2540 sacta
1070 2471 1151 2567 ejus
1169 2485 1291 2567 aperta
1315 2473 1559 2544 criminatione
1582 2470 1644 2540 iu-

337 2594 509 2695 sequendi
524 2593 673 2666 audacia
692 2593 766 2681 tuit,
792 2609 964 2690 tantoque
979 2597 1195 2688 propensior
1210 2591 1344 2668 delictis
1360 2599 1553 2692 impunitas
1569 2589 1645 2664 ba-

335 2720 500 2810 bebatur,
526 2735 662 2816 quanto
677 2718 898 2814 conspectior
912 2713 1148 2813 delinquentis
1164 2715 1381 2792 noscebatur
1395 2718 1577 2792 autoritas.

466 2845 519 2914 Ea
532 2855 739 2939 tempestate
755 2839 851 2910 missi
873 2862 894 2908 a
913 2841 1088 2926 Canuto³,
1114 2844 1175 2936 qui
1191 2843 1392 2936 pecuniam,
1418 2867 1528 2942 quam
1544 2838 1644 2914 edu-

382 3165 605 3249 ¹AEdrtaorum]
621 3165 737 3232 AEditui
751 3167 800 3231 bic
813 3180 895 3245 sunt,
909 3167 958 3230 vel
1016 3167 1112 3254 spirat
1126 3189 1193 3230 cum
1208 3168 1271 3232 aliis
1293 3167 1330 3233 de
1350 3168 1553 3234 adolescentia
1576 3171 1645 3256 ejus

335 3250 958 3360 quiaedesipsasinbabitant,velquitedes
1017 3273 1222 3337 relationibus.
1249 3273 1447 3338 Educationis
1460 3298 1532 3339 cura
1544 3277 1645 3340 striat-

335 3392 552 3466 tuentnr,quos
565 3381 656 3464 paulo
667 3377 746 3444 infra
755 3379 958 3446 aediumexcu-
1016 3381 1098 3442 moni
1118 3380 1254 3443 Candido
1273 3379 1373 3445 fuerat
1397 3384 1566 3462 commissa,
1586 3385 1645 3468 qui

335 3485 449 3549 bitot-es
465 3499 562 3548 vocat.
604 3487 757 3570 Digestor.
782 3487 833 3549 lib.
857 3489 956 3553 xth
1017 3506 1144 3571 puerum
1178 3487 1295 3572 regium
1330 3511 1392 3552 non
1425 3491 1544 3552 minore
1571 3507 1645 3553 enm

334 3591 372 3655 de
388 3593 520 3655 'l'nteliet
541 3597 737 3680 Appellantur
750 3611 860 3656 tutores
872 3601 959 3678 quasi
1013 3593 1178 3676 splendore
1202 3615 1292 3678 quem
1309 3596 1408 3679 ipsum
1430 3599 1584 3678 Magnum,
1605 3597 1645 3658 fi·

334 3717 445 3762 tutam
465 3719 552 3782 atquc
573 3701 756 3784 destrueres,¹
785 3707 858 3763 st'cut
885 3703 956 3764 oedt'·
1015 3700 1182 3783 liumregls
1202 3701 1331 3780 Nicolai,
1352 3700 1646 3768 educendumcttrc·

332 3812 380 3870 tm'
389 3809 539 3879 dabantur,
562 3813 614 3891 qni
628 3808 703 3871 cedes
718 3823 844 3874 tueatur.
1006 3805 1071 3894 sit.
1095 3810 1172 3870 Cum
1188 3806 1360 3872 adolescere
1376 3809 1527 3894 coepisset
1540 3809 1647 3874 Canu·

1015 3924 1076 3990 tus,
1099 3909 1206 3972 timens
1219 3913 1339 3978 insidias
1358 3916 1470 4000 patrui,
1493 3915 1529 3978 ad
1545 3916 1647 3998 impe·

1014 4030 1145 4078 retorem
1168 4019 1346 4083 Lotbarium
1360 4021 1518 4107 proiectus
1539 4033 1585 4084 est
1607 4035 1647 4083 et

1016 4122 1096 4206 apud
1111 4123 1359 4192 eumbonorifice
1385 4121 1505 4195 babitus
1524 4127 1645 4193 diutius

1017 4229 1100 4294 vixit.
1140 4232 1261 4306 Deinde
1279 4233 1360 4300 baud
1375 4233 1466 4300 dubie
1481 4233 1647 4300 omadone

1016 4336 1217 4422 expeditionis
1235 4338 1378 4406 advertus
1397 4342 1564 4408 Hearicutn
1589 4362 1648 4404 su·

1014 4458 1127 4530 scepta
1142 4447 1175 4510 in
1189 4445 1321 4530 patriam
1333 4448 1435 4527 rediit,
1449 4460 1482 4512 et
1495 4471 1513 4514 a
1527 4459 1648 4532 patruo

1012 4551 1143 4638 benigne
1165 4563 1309 4637 exceptus
1329 4566 1375 4622 est
1394 4553 1565 4634 (Helmold.
1585 4554 1649 4620 lib.

378 3981 390 4014 ²
412 3977 540 4062 Quidam
561 3983 694 4060 ingenua
719 3976 834 4063 stirpes]
864 3977 956 4038 Haud

331 4083 422 4146 dubie
441 4084 534 4162 idem,
570 4101 661 4170 quem
685 4081 794 4146 deinde
824 4085 959 4146 Canutus

219 4213 226 4238 ⁴
331 4191 476 4274 sangvine
508 4190 568 4252 sibi
592 4189 729 4272 junctum
757 4188 790 4249 in
818 4189 957 4272 patibulo

331 4293 474 4380 suspendi
488 4295 607 4361 curarit
622 4294 785 4378 (scriptor.
802 4315 862 4357 rer.
879 4299 958 4359 Dan.

332 4401 393 4465 vol.
418 4403 461 4469 lV
484 4424 516 4485 p.
542 4397 624 4481 958,
649 4400 831 4464 Helmoldus
851 4401 957 4466 chron.

330 4507 448 4570 Slavor.
462 4505 515 4568 lib.
528 4509 541 4568 l
558 4526 626 4592 cap.
639 4503 702 4589 49).

376 4658 453 4718 ³Ea
475 4669 644 4739 tempestate
670 4659 753 4718 musi
775 4679 795 4718 a
823 4652 954 4736 Canuto]
1011 4664 1106 4744 leap.
1127 4656 1194 4736 49).
1222 4661 1426 4746 Expeditiono
1441 4661 1536 4747 igitur
1553 4660 1650 4726 linita

329 4761 411 4826 Hinc
429 4759 582 4846 conjicere
598 4759 680 4841 licet,
692 4763 843 4826 Cenutum
855 4777 954 4845 nuper
1013 4765 1132 4850 juvenis
1147 4765 1185 4830 de
1204 4789 1238 4832 rc
1258 4790 1311 4840 sua
1336 4767 1478 4836 familiari
1502 4768 1649 4854 cogitare

329 4869 361 4932 in
381 4869 511 4951 patriam
532 4865 666 4944 rediisse,
687 4865 771 4952 quod
789 4865 867 4932 bene
883 4888 956 4933 con·
1014 4871 1125 4959 eoepit.
