3582 5466
220 187 225 198 ’
322 239 396 312 sss
660 239 1187 326 ursaoaommasaxr.

276 455 392 526 omnis
414 451 560 524 Daaicae
583 454 694 522 aetatis
709 448 871 523 convicio
885 445 1099 522 lacerandi¹.
1159 447 1274 546 Cujus
1292 445 1390 546 fuga
1405 442 1584 522 deformi-

277 591 342 663 tas,
368 573 575 646 auctoribus
598 595 708 669 quam
724 573 876 642 maxime
894 567 1146 661 erubescenda,
1179 567 1225 640 ad
1242 583 1405 666 posteros
1434 593 1584 668 qaoque

277 693 455 794 probrosa
470 692 663 768 descendit
688 695 787 764 Luce
801 690 949 785 reddita,
958 696 1085 785 Saeuo,
1099 691 1256 792 fugitivae
1271 689 1468 764 admodum
1483 691 1582 768 claa-

278 819 325 892 sis
343 815 485 916 pudore
507 813 714 913 perculsus,
738 815 1017 912 pertinacissima
1038 811 1223 888 resistendi
1248 817 1376 886 virtute
1402 813 1583 888 fonunam

277 961 381 1011 suam
410 943 515 1010 armis
560 963 670 1036 quam
702 936 799 1034 fugae
824 935 968 1010 credere
989 935 1121 1011 maluit
1180 938 1301 1036 Igitur,
1326 960 1533 1035 quanquam
1548 954 1585 1012 et

279 1059 401 1136 classis
429 1076 462 1132 et
477 1059 631 1132 militum
647 1085 798 1134 numero
823 1060 1023 1134 inferiorem
1050 1075 1289 1150 secerneret,
1321 1065 1465 1157 exiguas
1484 1059 1585 1134 bello

277 1181 445 1280 reliquias
469 1179 642 1281 applicat,
669 1181 796 1254 virtute
813 1207 879 1256 sua
901 1179 1032 1256 sociale
1052 1178 1229 1278 probrum
1252 1179 1400 1254 abluere
1423 1185 1585 1280 cupiens,

277 1301 448 1402 bellaque
470 1309 670 1376 animorum
696 1327 808 1400 quam
830 1307 967 1378 numeri
999 1301 1133 1376 robore
1160 1302 1286 1376 lortius
1310 1305 1383 1402 geri
1410 1303 1584 1402 judicans.

279 1423 349 1498 Sed
365 1425 571 1524 pestiferum
588 1442 718 1498 temere
732 1427 805 1498 initi
823 1431 1023 1499 certaminis
1039 1431 1170 1498 exitum
1186 1441 1351 1521 expertus
1367 1443 1438 1522 est3
1469 1433 1587 1526 quip-

279 1572 328 1647 pe
343 1573 492 1622 numero
513 1550 655 1620 victoria
670 1550 797 1646 paruit.
860 1547 1029 1645 Skyalmo
1054 1545 1255 1636 Candidus,
1286 1550 1392 1645 cujus
1412 1566 1501 1624 nutu
1516 1575 1585 1626 suo

281 1690 442 1772 tempore
459 1678 564 1744 totius
582 1669 764 1744 Sialandiae
785 1673 875 1745 vires
898 1669 1124 1771 regebantur,
1151 1675 1307 1770 graviter
1322 1677 1484 1747 astrictus
1508 1675 1583 1746 im·-

280 1819 478 1893 mensaque
494 1794 649 1868 hostium
665 1792 885 1868 multitudine
905 1791 1094 1866 conclusus
1120 1794 1275 1890 capitur,
1309 1818 1382 1866 non
1406 1793 1509 1893 quod
1532 1799 1584 1870 ti-

280 1916 376 1990 mide
392 1917 583 2017 praeliatus,
594 1915 657 1991 sed
673 1922 768 2015 quia,
778 1915 919 1989 labente
937 1918 1117 2013 sangvine,
1133 1913 1269 1989 viribus
1286 1939 1435 2013 prorsus
1449 1941 1584 1992 vacuus

281 2043 406 2136 extitit,
422 2058 631 2138 tantumque
646 2041 723 2137 ejus
738 2037 836 2136 apud
856 2041 1007 2112 victores
1024 2034 1245 2134 amplitudini
1260 2036 1516 2132 donatum-est,
1536 2056 1586 2122 ut,

280 2161 366 2236 alias
381 2165 531 2261 captivis
541 2187 688 2260 parcere
706 2159 841 2250 insoliti,
855 2159 957 2234 saluti
975 2160 1085 2258 ipsius
1100 2157 1269 2232 custodiae
1288 2160 1498 2258 praesidium
1511 2157 1585 2234 ad-

280 2285 453 2359 hiberent.
515 2287 658 2383 Quippe
670 2300 741 2356 mm
762 2286 962 2382 conspicuae
977 2280 1152 2381 dignitatis
1179 2288 1296 2357 virum
1320 2283 1415 2356 ferro
1437 2281 1589 2384 aggredi·

280 2409 378 2506 passi
394 2434 466 2483 non
483 2421 573 2481 sunt.
624 2411 749 2505 Neque
763 2412 855 2478 enim
873 2427 1031 2504 praesens
1045 2402 1094 2476 illi
1108 2403 1250 2478 fortuna
1266 2407 1451 2503 praeteritoe
1470 2427 1584 2480 vene-

281 2533 453 2603 rationem
470 2529 624 2602 adimere
652 2529 771 2605 valuit.
821 2526 888 2602 Sed
912 2525 1008 2599 hanc
1031 2526 1202 2600 custodiae
1223 2509 1300 2601 'vim
1326 2525 1426 2625 apud
1451 2529 1584 2624 Capri·-

279 2676 368 2725 num
392 2650 531 2724 lacum²
558 2650 739 2749 prolunda
762 2666 866 2724 nocte
890 2647 1040 2746 decepit.
1100 2652 1277 2723 Caeterum
1302 2648 1490 2740 Haraldus,
1511 2674 1583 2722 eon

280 2788 465 2847 contentus
485 2773 671 2844 Danorum
688 2779 779 2846 vires
797 2771 941 2844 duabus
958 2770 1161 2844 exhausisse
1178 2774 1341 2862 victoriis,
1367 2771 1492 2846 iisdem
1508 2771 1584 2846 ho-

280 2895 349 2970 stili
364 2891 483 2966 studio
497 2891 716 2990 frequentius
733 2893 947 2968 imminebat.
1008 2896 1121 2992 Cujus
1140 2919 1252 2991 quum
1277 2897 1394 2968 Sveno
1415 2900 1586 2970 instanter

280 3017 438 3090 motibus
459 3031 656 3115 urgeretur,
679 3015 849 3090 lacessitae
871 3022 993 3115 patriae
1018 3016 1262 3090 delensionem
1294 3019 1430 3114 majore
1451 3017 1584 3092 fiducia

221 3202 225 3211 .
280 3165 390 3238 quam
406 3139 546 3212 fortuna
562 3138 721 3236 parabat.
773 3142 888 3212 Tertio
906 3157 1044 3231 tamen,
1065 3141 1150 3212 bina
1175 3143 1274 3236 prius
1301 3137 1403 3211 clade
1425 3137 1583 3234 afflictus,

280 3262 459 3334 fortunam
475 3287 576 3336 suam
592 3261 746 3360 publicis
766 3267 873 3335 armis
888 3264 1102 3337 committere
1119 3261 1321 3354 verebatur,
1339 3264 1401 3362 qui
1418 3263 1490 3360 jam
1507 3289 1584 3338 rem

280 3387 451 3458 Danicam
469 3380 622 3457 duarum
642 3409 846 3484 pugnarum
870 3388 1064 3460 temerariis
1080 3383 1297 3485 ingressibus
1320 3409 1340 3456 a
1371 3409 1410 3458 se
1433 3387 1583 3464 confra-
1622 3419 1624 3424 ·

280 3506 543 3582 ctamvidebat.
637 3556 640 3562 ι
1212 3521 1217 3536 ’

327 3813 454 3874 'Merito
470 3818 562 3871 omnr's
576 3816 696 3874 Danicoe
718 3819 814 3875 atatis
835 3837 901 3874 con·
955 3807 1040 3894 987),
1060 3797 1221 3896 'indigitari
1245 3811 1373 3874 insulam
1389 3833 1487 3898 prope
1509 3835 1581 3898 por·

278 3923 351 3980 vicio
378 3913 543 3996 lacerandi]
563 3921 670 3980 Utrum
694 3921 771 3980 Saxo
799 3917 901 3982 haecce
955 3929 1021 3980 tum
1039 3917 1227 4000 Varbergiae,
1257 3938 1337 3979 nunc
1358 3916 1487 3981 Giederd
1519 3919 1582 3982 sive

279 4045 364 4086 more
378 4046 432 4087 suo
443 4023 597 4086 rhetorico
612 4022 771 4101 addiderit,
789 4047 826 4084 aa
838 4024 901 4108 pri·
956 4023 1100 4086 Gietherd
1137 4023 1258 4087 dictam.
1311 4029 1424 4087 Gr'etter
1461 4025 1582 4112 quidem

278 4141 347 4192 vata
360 4113 488 4212 quadam
507 4130 538 4194 in
558 4124 732 4194 Scanieuses
747 4130 901 4192 simultate
954 4130 1017 4191 sire
1032 4133 1126 4192 Geder
1142 4145 1212 4193 sunt
1233 4132 1315 4218 capri
1322 4152 1332 4210 ;
1361 4131 1517 4214 quomodo
1531 4155 1583 4193 au-

278 4231 395 4310 dactus,
417 4235 483 4316 quis
497 4254 576 4296 nune
591 4233 757 4317 dijudicare
770 4235 901 4300 audeat?
954 4249 1016 4297 tem
1039 4238 1116 4299 Saso
1135 4257 1170 4298 ex
1191 4238 1287 4299 insula
1310 4237 1408 4298 lacum
1432 4235 1582 4317 effecerit,

322 4341 511 4424 ²Coprinum
547 4340 653 4418 lacum]
688 4345 786 4440 Quem
821 4347 898 4408 Saxo
954 4341 1034 4440 haud
1057 4341 1144 4405 lacile
1171 4343 1370 4426 intelligitur,
1393 4342 1450 4405 nisi
1471 4355 1583 4406 statua·

276 4449 369 4508 lacum
382 4451 531 4532 caprinam
544 4447 736 4525 intellexerit,
751 4451 901 4512 incertum
955 4469 1031 4526 mus,
1043 4449 1170 4532 primam
1183 4448 1264 4510 vocis
1272 4461 1391 4532 partem
1402 4450 1433 4512 in
1448 4470 1519 4512 casu
1530 4470 1581 4534 ge-

276 4563 332 4614 est.
358 4553 502 4614 autumat
516 4553 761 4635 Richardsontin
775 4555 899 4618 Hallan·
954 4553 1050 4616 nitito
1074 4556 1301 4636 pronuntiatam
1325 4557 1418 4619 veluti
1438 4559 1583 4620 Gieddesat

275 4655 323 4719 dia
335 4677 388 4720 sua
404 4679 433 4740 p.
446 4655 510 4738 72),
534 4657 582 4721 cui
597 4659 798 4743 adstipulatur
821 4661 898 4724 suh.
951 4659 1095 4736 sonuisse,
1124 4670 1215 4744 atque
1235 4661 1442 4726 itaSaxonem
1462 4667 1515 4736 Sd,
1535 4665 1579 4726 la-

273 4765 348 4827 mius
372 4761 521 4844 (Historia
542 4761 578 4825 af
594 4767 702 4827 Danm.
724 4767 781 4830 rol.
802 4769 846 4830 lV
868 4789 897 4854 p.
952 4784 1029 4842 eum,
1051 4785 1119 4827 cum
1136 4750 1192 4837 de,
1220 4765 1330 4848 insula,
1352 4769 1579 4854 permutarisse.
