<?xml version="1.0" encoding="UTF-8"?>
<!DOCTYPE html PUBLIC "-//W3C//DTD XHTML 1.0 Transitional//EN"
    "http://www.w3.org/TR/xhtml1/DTD/xhtml1-transitional.dtd">
<html xmlns="http://www.w3.org/1999/xhtml" xml:lang="en" lang="en">
 <head>
  <title>
</title>
<meta http-equiv="Content-Type" content="text/html;charset=utf-8" />
  <meta name='ocr-system' content='tesseract 3.04.00' />
  <meta name='ocr-capabilities' content='ocr_page ocr_carea ocr_par ocr_line ocrx_word'/>
</head>
<body>
  <div class='ocr_page' id='page_1' title='image "./historiadanica01velsgoog_0091.png"; bbox 0 0 3582 5466; ppageno 0'>
   <div class='ocr_carea' id='block_1_1' title="bbox 312 313 1271 390">
    <p class='ocr_par' dir='ltr' id='par_1_1' title="bbox 312 313 1271 390">
     <span class='ocr_line' id='line_1_1' title="bbox 312 313 1271 390; baseline 0.013 -14"><span class='ocrx_word' id='word_1_1' title='bbox 312 369 314 376; x_wconf 83' lang='lat'>.</span> <span class='ocrx_word' id='word_1_2' title='bbox 383 315 463 390; x_wconf 80' lang='lat'>628-</span> <span class='ocrx_word' id='word_1_3' title='bbox 718 315 891 386; x_wconf 82' lang='lat' dir='ltr'>lllSTOR.</span> <span class='ocrx_word' id='word_1_4' title='bbox 907 313 1013 384; x_wconf 79' lang='lat' dir='ltr'><strong>DAN.</strong></span> <span class='ocrx_word' id='word_1_5' title='bbox 1028 313 1165 386; x_wconf 85' lang='lat' dir='ltr'>LIBER</span> <span class='ocrx_word' id='word_1_6' title='bbox 1183 317 1271 388; x_wconf 89' lang='lat' dir='ltr'>Xlll.</span> 
     </span>
    </p>
   </div>
   <div class='ocr_carea' id='block_1_2' title="bbox 255 521 1650 3330">
    <p class='ocr_par' dir='ltr' id='par_1_2' title="bbox 330 521 1646 750">
     <span class='ocr_line' id='line_1_2' title="bbox 331 521 1646 626; baseline -0.001 -28"><span class='ocrx_word' id='word_1_7' title='bbox 331 533 500 602; x_wconf 86' lang='lat' dir='ltr'>intereos</span> <span class='ocrx_word' id='word_1_8' title='bbox 515 530 716 626; x_wconf 78' lang='lat' dir='ltr'>patrimonii</span> <span class='ocrx_word' id='word_1_9' title='bbox 733 528 1038 624; x_wconf 78' lang='lat' dir='ltr'>participationem</span> <span class='ocrx_word' id='word_1_10' title='bbox 1053 528 1204 626; x_wconf 84' lang='lat' dir='ltr'>peregit,</span> <span class='ocrx_word' id='word_1_11' title='bbox 1229 531 1411 625; x_wconf 68' lang='lat' dir='ltr'>Ericoque</span> <span class='ocrx_word' id='word_1_12' title='bbox 1426 547 1469 596; x_wconf 90' lang='lat' dir='ltr'>ac</span> <span class='ocrx_word' id='word_1_13' title='bbox 1485 521 1646 597; x_wconf 81' lang='lat' dir='ltr'>Huraldo</span> 
     </span>
     <span class='ocr_line' id='line_1_3' title="bbox 330 645 1014 750; baseline 0 -29"><span class='ocrx_word' id='word_1_14' title='bbox 330 654 366 723; x_wconf 90' lang='lat' dir='ltr'>in</span> <span class='ocrx_word' id='word_1_15' title='bbox 385 651 531 750; x_wconf 86' lang='lat' dir='ltr'>paterna</span> <span class='ocrx_word' id='word_1_16' title='bbox 544 649 641 722; x_wconf 90' lang='lat' dir='ltr'>bona</span> <span class='ocrx_word' id='word_1_17' title='bbox 658 645 817 721; x_wconf 90' lang='lat' dir='ltr'>eundum</span> <span class='ocrx_word' id='word_1_18' title='bbox 833 647 1014 747; x_wconf 76' lang='lat' dir='ltr'>judicavit.</span> 
     </span>
    </p>

    <p class='ocr_par' dir='ltr' id='par_1_3' title="bbox 255 769 1650 2098">
     <span class='ocr_line' id='line_1_4' title="bbox 462 769 1645 870; baseline -0.005 -24"><span class='ocrx_word' id='word_1_19' title='bbox 462 772 599 848; x_wconf 89' lang='lat' dir='ltr'>Eodem</span> <span class='ocrx_word' id='word_1_20' title='bbox 620 787 782 868; x_wconf 91' lang='lat' dir='ltr'>tempore</span> <span class='ocrx_word' id='word_1_21' title='bbox 805 771 966 861; x_wconf 80' lang='lat' dir='ltr'>ilenrici,</span> <span class='ocrx_word' id='word_1_22' title='bbox 1000 771 1174 845; x_wconf 82' lang='lat' dir='ltr'>Svenonis</span> <span class='ocrx_word' id='word_1_23' title='bbox 1197 771 1272 864; x_wconf 88' lang='lat' dir='ltr'>filii,</span> <span class='ocrx_word' id='word_1_24' title='bbox 1297 769 1494 870; x_wconf 83' lang='lat' dir='ltr'>conjunx¹,</span> <span class='ocrx_word' id='word_1_25' title='bbox 1528 773 1645 846; x_wconf 85' lang='lat' dir='ltr'>mariti</span> 
     </span>
     <span class='ocr_line' id='line_1_5' title="bbox 331 877 1650 994; baseline -0.005 -22"><span class='ocrx_word' id='word_1_26' title='bbox 331 903 533 972; x_wconf 82' lang='lat' dir='ltr'>conuictum</span> <span class='ocrx_word' id='word_1_27' title='bbox 548 897 678 994; x_wconf 83' lang='lat' dir='ltr'>ingenti</span> <span class='ocrx_word' id='word_1_28' title='bbox 694 917 824 992; x_wconf 82' lang='lat' dir='ltr'>perosa</span> <span class='ocrx_word' id='word_1_29' title='bbox 841 893 993 983; x_wconf 75' lang='lat' dir='ltr'>fastidio,</span> <span class='ocrx_word' id='word_1_30' title='bbox 1015 893 1131 966; x_wconf 85' lang='lat' dir='ltr'>aliena</span> <span class='ocrx_word' id='word_1_31' title='bbox 1145 911 1243 968; x_wconf 80' lang='lat' dir='ltr'>reste</span> <span class='ocrx_word' id='word_1_32' title='bbox 1257 910 1413 993; x_wconf 84' lang='lat' dir='ltr'>sumpta,</span> <span class='ocrx_word' id='word_1_33' title='bbox 1426 898 1502 967; x_wconf 84' lang='lat' dir='ltr'>suis</span> <span class='ocrx_word' id='word_1_34' title='bbox 1514 917 1554 966; x_wconf 83' lang='lat' dir='ltr'>se</span> <span class='ocrx_word' id='word_1_35' title='bbox 1570 877 1650 992; x_wconf 57' lang='lat' dir='ltr'>pe-&#39;</span> 
     </span>
     <span class='ocr_line' id='line_1_6' title="bbox 331 1011 1645 1116; baseline -0.007 -23"><span class='ocrx_word' id='word_1_36' title='bbox 331 1021 473 1094; x_wconf 86' lang='lat' dir='ltr'>natibus</span> <span class='ocrx_word' id='word_1_37' title='bbox 497 1022 708 1116; x_wconf 85' lang='lat' dir='ltr'>intempesta</span> <span class='ocrx_word' id='word_1_38' title='bbox 730 1032 836 1089; x_wconf 89' lang='lat' dir='ltr'>nocte</span> <span class='ocrx_word' id='word_1_39' title='bbox 850 1014 1030 1089; x_wconf 83' lang='lat' dir='ltr'>subduxit.</span> <span class='ocrx_word' id='word_1_40' title='bbox 1098 1017 1208 1116; x_wconf 80' lang='lat' dir='ltr'>Apud</span> <span class='ocrx_word' id='word_1_41' title='bbox 1231 1039 1343 1114; x_wconf 84' lang='lat' dir='ltr'>quam</span> <span class='ocrx_word' id='word_1_42' title='bbox 1362 1017 1539 1114; x_wconf 83' lang='lat' dir='ltr'>juvenum</span> <span class='ocrx_word' id='word_1_43' title='bbox 1553 1011 1645 1113; x_wconf 83' lang='lat' dir='ltr'>qui-</span> 
     </span>
     <span class='ocr_line' id='line_1_7' title="bbox 331 1135 1643 1237; baseline -0.003 -23"><span class='ocrx_word' id='word_1_44' title='bbox 331 1141 414 1214; x_wconf 90' lang='lat' dir='ltr'>dam</span> <span class='ocrx_word' id='word_1_45' title='bbox 429 1141 482 1236; x_wconf 90' lang='lat' dir='ltr'>(ut</span> <span class='ocrx_word' id='word_1_46' title='bbox 497 1141 592 1215; x_wconf 88' lang='lat' dir='ltr'>sama</span> <span class='ocrx_word' id='word_1_47' title='bbox 608 1141 673 1236; x_wconf 82' lang='lat' dir='ltr'>est)</span> <span class='ocrx_word' id='word_1_48' title='bbox 693 1137 885 1237; x_wconf 82' lang='lat' dir='ltr'>plurimam</span> <span class='ocrx_word' id='word_1_49' title='bbox 895 1135 1073 1236; x_wconf 89' lang='lat' dir='ltr'>obsequio</span> <span class='ocrx_word' id='word_1_50' title='bbox 1090 1137 1364 1212; x_wconf 79' lang='lat' dir='ltr'>familiaritatem</span> <span class='ocrx_word' id='word_1_51' title='bbox 1378 1135 1542 1237; x_wconf 76' lang='lat' dir='ltr'>adeptas,</span> <span class='ocrx_word' id='word_1_52' title='bbox 1561 1137 1643 1210; x_wconf 82' lang='lat' dir='ltr'>cal-</span> 
     </span>
     <span class='ocr_line' id='line_1_8' title="bbox 329 1260 1644 1360; baseline -0.004 -23"><span class='ocrx_word' id='word_1_53' title='bbox 329 1263 400 1337; x_wconf 89' lang='lat' dir='ltr'>lide</span> <span class='ocrx_word' id='word_1_54' title='bbox 418 1263 540 1353; x_wconf 83' lang='lat' dir='ltr'>effecit,</span> <span class='ocrx_word' id='word_1_55' title='bbox 565 1277 605 1336; x_wconf 90' lang='lat' dir='ltr'>ut</span> <span class='ocrx_word' id='word_1_56' title='bbox 627 1260 674 1333; x_wconf 89' lang='lat' dir='ltr'>ad</span> <span class='ocrx_word' id='word_1_57' title='bbox 690 1285 795 1335; x_wconf 87' lang='lat' dir='ltr'>sunm</span> <span class='ocrx_word' id='word_1_58' title='bbox 813 1283 892 1333; x_wconf 66' lang='lat' dir='ltr'>mm</span> <span class='ocrx_word' id='word_1_59' title='bbox 911 1285 1069 1334; x_wconf 86' lang='lat' dir='ltr'>amorem</span> <span class='ocrx_word' id='word_1_60' title='bbox 1088 1261 1311 1360; x_wconf 88' lang='lat' dir='ltr'>perduceret.</span> <span class='ocrx_word' id='word_1_61' title='bbox 1356 1260 1505 1352; x_wconf 83' lang='lat' dir='ltr'>Deinde,</span> <span class='ocrx_word' id='word_1_62' title='bbox 1521 1285 1567 1332; x_wconf 90' lang='lat' dir='ltr'>ne</span> <span class='ocrx_word' id='word_1_63' title='bbox 1584 1283 1644 1333; x_wconf 82' lang='lat' dir='ltr'>res</span> 
     </span>
     <span class='ocr_line' id='line_1_9' title="bbox 329 1381 1643 1482; baseline -0.002 -24"><span class='ocrx_word' id='word_1_64' title='bbox 329 1384 519 1458; x_wconf 90' lang='lat' dir='ltr'>amborum</span> <span class='ocrx_word' id='word_1_65' title='bbox 534 1382 697 1481; x_wconf 91' lang='lat' dir='ltr'>periculo</span> <span class='ocrx_word' id='word_1_66' title='bbox 714 1381 939 1482; x_wconf 82' lang='lat' dir='ltr'>proderetur,</span> <span class='ocrx_word' id='word_1_67' title='bbox 966 1381 1184 1458; x_wconf 81' lang='lat' dir='ltr'>muliebriter</span> <span class='ocrx_word' id='word_1_68' title='bbox 1199 1384 1375 1476; x_wconf 88' lang='lat' dir='ltr'>allectam,</span> <span class='ocrx_word' id='word_1_69' title='bbox 1394 1383 1540 1457; x_wconf 83' lang='lat' dir='ltr'>viriliter</span> <span class='ocrx_word' id='word_1_70' title='bbox 1556 1382 1643 1457; x_wconf 89' lang='lat' dir='ltr'>cul-</span> 
     </span>
     <span class='ocr_line' id='line_1_10' title="bbox 255 1490 1646 1605; baseline -0.003 -24"><span class='ocrx_word' id='word_1_71' title='bbox 255 1490 259 1498; x_wconf 35' lang='lat'><em>*</em></span> <span class='ocrx_word' id='word_1_72' title='bbox 328 1527 401 1582; x_wconf 84' lang='lat' dir='ltr'>tam</span> <span class='ocrx_word' id='word_1_73' title='bbox 428 1509 557 1582; x_wconf 81' lang='lat' dir='ltr'>furtive</span> <span class='ocrx_word' id='word_1_74' title='bbox 581 1505 727 1592; x_wconf 75' lang='lat' dir='ltr'>derexit.</span> <span class='ocrx_word' id='word_1_75' title='bbox 779 1508 894 1597; x_wconf 90' lang='lat' dir='ltr'>Quam</span> <span class='ocrx_word' id='word_1_76' title='bbox 913 1511 967 1580; x_wconf 85' lang='lat' dir='ltr'>vir</span> <span class='ocrx_word' id='word_1_77' title='bbox 987 1509 1066 1605; x_wconf 90' lang='lat' dir='ltr'>ejus</span> <span class='ocrx_word' id='word_1_78' title='bbox 1084 1507 1238 1581; x_wconf 77' lang='lat' dir='ltr'>fortuitis</span> <span class='ocrx_word' id='word_1_79' title='bbox 1259 1507 1472 1582; x_wconf 84' lang='lat' dir='ltr'>subsecutus</span> <span class='ocrx_word' id='word_1_80' title='bbox 1497 1505 1646 1596; x_wconf 84' lang='lat' dir='ltr'>indiciis,</span> 
     </span>
     <span class='ocr_line' id='line_1_11' title="bbox 329 1625 1644 1731; baseline -0.001 -28"><span class='ocrx_word' id='word_1_81' title='bbox 329 1630 430 1729; x_wconf 88' lang='lat' dir='ltr'>apud</span> <span class='ocrx_word' id='word_1_82' title='bbox 447 1628 677 1728; x_wconf 86' lang='lat' dir='ltr'>Alaburgiam</span> <span class='ocrx_word' id='word_1_83' title='bbox 693 1631 729 1700; x_wconf 93' lang='lat' dir='ltr'>in</span> <span class='ocrx_word' id='word_1_84' title='bbox 744 1627 844 1701; x_wconf 88' lang='lat' dir='ltr'>cultu</span> <span class='ocrx_word' id='word_1_85' title='bbox 859 1628 1042 1702; x_wconf 85' lang='lat' dir='ltr'>familiari²</span> <span class='ocrx_word' id='word_1_86' title='bbox 1063 1630 1335 1731; x_wconf 86' lang='lat' dir='ltr'>deprehensam,</span> <span class='ocrx_word' id='word_1_87' title='bbox 1361 1647 1519 1702; x_wconf 83' lang='lat' dir='ltr'>amatore</span> <span class='ocrx_word' id='word_1_88' title='bbox 1534 1625 1644 1702; x_wconf 85' lang='lat' dir='ltr'>dela·-</span> 
     </span>
     <span class='ocr_line' id='line_1_12' title="bbox 329 1750 1645 1853; baseline -0.001 -27"><span class='ocrx_word' id='word_1_89' title='bbox 329 1777 409 1852; x_wconf 88' lang='lat' dir='ltr'>pso,</span> <span class='ocrx_word' id='word_1_90' title='bbox 423 1753 572 1826; x_wconf 88' lang='lat' dir='ltr'>domum</span> <span class='ocrx_word' id='word_1_91' title='bbox 587 1750 736 1824; x_wconf 85' lang='lat' dir='ltr'>reduxit.</span> <span class='ocrx_word' id='word_1_92' title='bbox 791 1753 919 1826; x_wconf 86' lang='lat' dir='ltr'>Verum</span> <span class='ocrx_word' id='word_1_93' title='bbox 938 1753 1032 1824; x_wconf 87' lang='lat' dir='ltr'>hanc</span> <span class='ocrx_word' id='word_1_94' title='bbox 1048 1756 1278 1853; x_wconf 87' lang='lat' dir='ltr'>ignominiam</span> <span class='ocrx_word' id='word_1_95' title='bbox 1289 1779 1321 1825; x_wconf 78' lang='lat' dir='ltr'>a·</span> <span class='ocrx_word' id='word_1_96' title='bbox 1331 1751 1551 1827; x_wconf 88' lang='lat' dir='ltr'>clandestino</span> <span class='ocrx_word' id='word_1_97' title='bbox 1567 1755 1645 1825; x_wconf 90' lang='lat' dir='ltr'>Ca·</span> 
     </span>
     <span class='ocr_line' id='line_1_13' title="bbox 263 1855 1649 1974; baseline -0.004 -20"><span class='ocrx_word' id='word_1_98' title='bbox 263 1945 270 1954; x_wconf 93' lang='lat'><strong><em>.</em></strong></span> <span class='ocrx_word' id='word_1_99' title='bbox 329 1855 403 1948; x_wconf 79' lang='lat' dir='ltr'>nuti</span> <span class='ocrx_word' id='word_1_100' title='bbox 422 1875 568 1949; x_wconf 83' lang='lat' dir='ltr'>oonsilio</span> <span class='ocrx_word' id='word_1_101' title='bbox 584 1875 783 1973; x_wconf 87' lang='lat' dir='ltr'>proiectam</span> <span class='ocrx_word' id='word_1_102' title='bbox 803 1891 918 1967; x_wconf 89' lang='lat' dir='ltr'>ratus,</span> <span class='ocrx_word' id='word_1_103' title='bbox 946 1880 1161 1974; x_wconf 83' lang='lat' dir='ltr'>integerrimi</span> <span class='ocrx_word' id='word_1_104' title='bbox 1179 1881 1244 1951; x_wconf 85' lang='lat' dir='ltr'>viri</span> <span class='ocrx_word' id='word_1_105' title='bbox 1274 1881 1512 1950; x_wconf 83' lang='lat' dir='ltr'>innocentiam</span> <span class='ocrx_word' id='word_1_106' title='bbox 1533 1875 1649 1949; x_wconf 87' lang='lat' dir='ltr'>tacitis</span> 
     </span>
     <span class='ocr_line' id='line_1_14' title="bbox 330 1998 1086 2098; baseline -0.005 -24"><span class='ocrx_word' id='word_1_107' title='bbox 330 2000 540 2098; x_wconf 80' lang='lat' dir='ltr'>suspicionis</span> <span class='ocrx_word' id='word_1_108' title='bbox 556 1999 713 2072; x_wconf 87' lang='lat' dir='ltr'>motibus</span> <span class='ocrx_word' id='word_1_109' title='bbox 727 1999 903 2070; x_wconf 89' lang='lat' dir='ltr'>insontem</span> <span class='ocrx_word' id='word_1_110' title='bbox 919 1998 1086 2070; x_wconf 82' lang='lat' dir='ltr'>notabat·</span> 
     </span>
    </p>

    <p class='ocr_par' dir='ltr' id='par_1_4' title="bbox 328 2120 1650 3330">
     <span class='ocr_line' id='line_1_15' title="bbox 342 2120 1647 2221; baseline -0.001 -28"><span class='ocrx_word' id='word_1_111' title='bbox 342 2161 345 2168; x_wconf 88' lang='lat'>.</span> <span class='ocrx_word' id='word_1_112' title='bbox 461 2126 598 2195; x_wconf 86' lang='lat' dir='ltr'>Interea</span> <span class='ocrx_word' id='word_1_113' title='bbox 623 2121 842 2194; x_wconf 87' lang='lat' dir='ltr'>Sveticarum</span> <span class='ocrx_word' id='word_1_114' title='bbox 865 2124 1017 2220; x_wconf 89' lang='lat' dir='ltr'>partium</span> <span class='ocrx_word' id='word_1_115' title='bbox 1039 2145 1124 2221; x_wconf 90' lang='lat' dir='ltr'>rege</span> <span class='ocrx_word' id='word_1_116' title='bbox 1148 2123 1379 2220; x_wconf 86' lang='lat' dir='ltr'>absumpto³,</span> <span class='ocrx_word' id='word_1_117' title='bbox 1402 2120 1512 2194; x_wconf 88' lang='lat' dir='ltr'>Gothi</span> <span class='ocrx_word' id='word_1_118' title='bbox 1536 2145 1647 2195; x_wconf 89' lang='lat' dir='ltr'>sum-</span> 
     </span>
     <span class='ocr_line' id='line_1_16' title="bbox 330 2235 1645 2346; baseline 0 -30"><span class='ocrx_word' id='word_1_119' title='bbox 330 2269 437 2335; x_wconf 89' lang='lat' dir='ltr'>mam,</span> <span class='ocrx_word' id='word_1_120' title='bbox 453 2248 557 2344; x_wconf 86' lang='lat' dir='ltr'>cujus</span> <span class='ocrx_word' id='word_1_121' title='bbox 575 2265 683 2314; x_wconf 87' lang='lat' dir='ltr'>omne</span> <span class='ocrx_word' id='word_1_122' title='bbox 704 2267 815 2340; x_wconf 88' lang='lat' dir='ltr'>penes</span> <span class='ocrx_word' id='word_1_123' title='bbox 838 2247 994 2340; x_wconf 79' lang='lat' dir='ltr'>Sveones</span> <span class='ocrx_word' id='word_1_124' title='bbox 1017 2235 1204 2318; x_wconf 86' lang='lat' dir='ltr'>arbitrium</span> <span class='ocrx_word' id='word_1_125' title='bbox 1228 2261 1320 2336; x_wconf 87' lang='lat' dir='ltr'>erat,</span> <span class='ocrx_word' id='word_1_126' title='bbox 1351 2249 1485 2346; x_wconf 85' lang='lat' dir='ltr'>Magno</span> <span class='ocrx_word' id='word_1_127' title='bbox 1502 2239 1645 2316; x_wconf 81' lang='lat' dir='ltr'>deferre</span> 
     </span>
     <span class='ocr_line' id='line_1_17' title="bbox 329 2347 1645 2467; baseline -0.002 -28"><span class='ocrx_word' id='word_1_128' title='bbox 329 2371 444 2458; x_wconf 68' lang='lat' dir='ltr'>ausit,</span> <span class='ocrx_word' id='word_1_129' title='bbox 460 2365 561 2439; x_wconf 91' lang='lat' dir='ltr'>alieni</span> <span class='ocrx_word' id='word_1_130' title='bbox 578 2364 751 2464; x_wconf 89' lang='lat' dir='ltr'>privilegii</span> <span class='ocrx_word' id='word_1_131' title='bbox 782 2365 993 2440; x_wconf 90' lang='lat' dir='ltr'>detrimento</span> <span class='ocrx_word' id='word_1_132' title='bbox 1020 2367 1195 2467; x_wconf 86' lang='lat' dir='ltr'>dignitatis</span> <span class='ocrx_word' id='word_1_133' title='bbox 1209 2369 1278 2443; x_wconf 88' lang='lat' dir='ltr'>sihi</span> <span class='ocrx_word' id='word_1_134' title='bbox 1295 2347 1511 2442; x_wconf 80' lang='lat' dir='ltr'>incrementa</span> <span class='ocrx_word' id='word_1_135' title='bbox 1533 2389 1645 2463; x_wconf 77' lang='lat' dir='ltr'>quas-</span> 
     </span>
     <span class='ocr_line' id='line_1_18' title="bbox 328 2489 1645 2590; baseline 0 -26"><span class='ocrx_word' id='word_1_136' title='bbox 328 2489 467 2564; x_wconf 74' lang='lat' dir='ltr'>rebant.</span> <span class='ocrx_word' id='word_1_137' title='bbox 520 2493 685 2582; x_wconf 86' lang='lat' dir='ltr'>Quorum</span> <span class='ocrx_word' id='word_1_138' title='bbox 709 2492 867 2563; x_wconf 83' lang='lat' dir='ltr'>Sreones</span> <span class='ocrx_word' id='word_1_139' title='bbox 890 2492 1078 2564; x_wconf 83' lang='lat' dir='ltr'>autoritate</span> <span class='ocrx_word' id='word_1_140' title='bbox 1101 2507 1324 2590; x_wconf 83' lang='lat' dir='ltr'>contempta,</span> <span class='ocrx_word' id='word_1_141' title='bbox 1349 2509 1506 2565; x_wconf 79' lang='lat' dir='ltr'>ueterem</span> <span class='ocrx_word' id='word_1_142' title='bbox 1525 2495 1645 2589; x_wconf 74' lang='lat' dir='ltr'>gestis</span> 
     </span>
     <span class='ocr_line' id='line_1_19' title="bbox 329 2611 1647 2713; baseline 0 -27"><span class='ocrx_word' id='word_1_143' title='bbox 329 2637 405 2686; x_wconf 81' lang='lat' dir='ltr'>suae</span> <span class='ocrx_word' id='word_1_144' title='bbox 420 2618 693 2712; x_wconf 68' lang='lat' dir='ltr'>prerogativam</span> <span class='ocrx_word' id='word_1_145' title='bbox 718 2613 753 2682; x_wconf 90' lang='lat' dir='ltr'>in</span> <span class='ocrx_word' id='word_1_146' title='bbox 767 2611 951 2708; x_wconf 87' lang='lat' dir='ltr'>aliquanto</span> <span class='ocrx_word' id='word_1_147' title='bbox 968 2613 1189 2689; x_wconf 82' lang='lat' dir='ltr'>obscurioris</span> <span class='ocrx_word' id='word_1_148' title='bbox 1209 2613 1335 2713; x_wconf 90' lang='lat' dir='ltr'>populi</span> <span class='ocrx_word' id='word_1_149' title='bbox 1364 2613 1494 2688; x_wconf 83' lang='lat' dir='ltr'>invidia</span> <span class='ocrx_word' id='word_1_150' title='bbox 1507 2611 1647 2712; x_wconf 78' lang='lat' dir='ltr'>depo-</span> 
     </span>
     <span class='ocr_line' id='line_1_20' title="bbox 328 2736 1647 2838; baseline -0.003 -28"><span class='ocrx_word' id='word_1_151' title='bbox 328 2761 415 2810; x_wconf 89' lang='lat' dir='ltr'>nere</span> <span class='ocrx_word' id='word_1_152' title='bbox 432 2737 528 2834; x_wconf 86' lang='lat' dir='ltr'>passi</span> <span class='ocrx_word' id='word_1_153' title='bbox 542 2759 615 2808; x_wconf 89' lang='lat' dir='ltr'>uon</span> <span class='ocrx_word' id='word_1_154' title='bbox 634 2743 726 2808; x_wconf 70' lang='lat' dir='ltr'>uuirt.</span> <span class='ocrx_word' id='word_1_155' title='bbox 784 2736 897 2834; x_wconf 85' lang='lat' dir='ltr'>Igitur</span> <span class='ocrx_word' id='word_1_156' title='bbox 911 2737 1065 2833; x_wconf 83' lang='lat' dir='ltr'>antiquae</span> <span class='ocrx_word' id='word_1_157' title='bbox 1086 2737 1261 2838; x_wconf 86' lang='lat' dir='ltr'>dignitatis</span> <span class='ocrx_word' id='word_1_158' title='bbox 1279 2745 1435 2836; x_wconf 84' lang='lat' dir='ltr'>speciem</span> <span class='ocrx_word' id='word_1_159' title='bbox 1458 2739 1647 2825; x_wconf 83' lang='lat' dir='ltr'>intuentes,</span> 
     </span>
     <span class='ocr_line' id='line_1_21' title="bbox 329 2856 1646 2959; baseline -0.002 -29"><span class='ocrx_word' id='word_1_160' title='bbox 329 2859 468 2932; x_wconf 90' lang='lat' dir='ltr'>titulum</span> <span class='ocrx_word' id='word_1_161' title='bbox 480 2860 609 2956; x_wconf 87' lang='lat' dir='ltr'>injusta</span> <span class='ocrx_word' id='word_1_162' title='bbox 620 2856 809 2930; x_wconf 89' lang='lat' dir='ltr'>collatione</span> <span class='ocrx_word' id='word_1_163' title='bbox 824 2873 1044 2956; x_wconf 87' lang='lat' dir='ltr'>praereptum</span> <span class='ocrx_word' id='word_1_164' title='bbox 1070 2862 1156 2934; x_wconf 89' lang='lat' dir='ltr'>novi</span> <span class='ocrx_word' id='word_1_165' title='bbox 1179 2862 1292 2959; x_wconf 67' lang='lat' dir='ltr'>regist</span> <span class='ocrx_word' id='word_1_166' title='bbox 1313 2859 1430 2932; x_wconf 87' lang='lat' dir='ltr'>electu</span> <span class='ocrx_word' id='word_1_167' title='bbox 1448 2875 1646 2932; x_wconf 82' lang='lat' dir='ltr'>cassatum.</span> 
     </span>
     <span class='ocr_line' id='line_1_22' title="bbox 330 2977 1648 3083; baseline 0.002 -30"><span class='ocrx_word' id='word_1_168' title='bbox 330 2983 400 3072; x_wconf 88' lang='lat' dir='ltr'>Qui</span> <span class='ocrx_word' id='word_1_169' title='bbox 416 3005 499 3052; x_wconf 84' lang='lat' dir='ltr'>mox</span> <span class='ocrx_word' id='word_1_170' title='bbox 515 3005 536 3052; x_wconf 90' lang='lat' dir='ltr'>a</span> <span class='ocrx_word' id='word_1_171' title='bbox 551 2978 680 3052; x_wconf 88' lang='lat' dir='ltr'>Gothis</span> <span class='ocrx_word' id='word_1_172' title='bbox 694 2977 911 3054; x_wconf 77' lang='lat' dir='ltr'>trucidatus⁵</span> <span class='ocrx_word' id='word_1_173' title='bbox 943 2997 1056 3054; x_wconf 86' lang='lat' dir='ltr'>morte</span> <span class='ocrx_word' id='word_1_174' title='bbox 1074 2987 1209 3083; x_wconf 87' lang='lat' dir='ltr'>Magno</span> <span class='ocrx_word' id='word_1_175' title='bbox 1225 2986 1417 3082; x_wconf 91' lang='lat' dir='ltr'>imperium</span> <span class='ocrx_word' id='word_1_176' title='bbox 1434 2985 1546 3057; x_wconf 85' lang='lat' dir='ltr'>cessit.</span> <span class='ocrx_word' id='word_1_177' title='bbox 1598 2987 1648 3056; x_wconf 79' lang='lat' dir='ltr'>At</span> 
     </span>
     <span class='ocr_line' id='line_1_23' title="bbox 328 3101 1648 3204; baseline 0.002 -30"><span class='ocrx_word' id='word_1_178' title='bbox 328 3105 482 3203; x_wconf 81' lang='lat' dir='ltr'>Magnus</span> <span class='ocrx_word' id='word_1_179' title='bbox 499 3101 712 3176; x_wconf 83' lang='lat' dir='ltr'>incidentem</span> <span class='ocrx_word' id='word_1_180' title='bbox 727 3103 794 3177; x_wconf 89' lang='lat' dir='ltr'>sibi</span> <span class='ocrx_word' id='word_1_181' title='bbox 809 3109 1016 3202; x_wconf 88' lang='lat' dir='ltr'>nuptiarum</span> <span class='ocrx_word' id='word_1_182' title='bbox 1042 3105 1245 3204; x_wconf 77' lang='lat' dir='ltr'>cupidinem</span> <span class='ocrx_word' id='word_1_183' title='bbox 1272 3105 1492 3180; x_wconf 88' lang='lat' dir='ltr'>Polonorum</span> <span class='ocrx_word' id='word_1_184' title='bbox 1508 3112 1648 3204; x_wconf 85' lang='lat' dir='ltr'>praesi-</span> 
     </span>
     <span class='ocr_line' id='line_1_24' title="bbox 329 3221 1650 3330; baseline 0.005 -34"><span class='ocrx_word' id='word_1_185' title='bbox 329 3221 385 3300; x_wconf 89' lang='lat' dir='ltr'>dis</span> <span class='ocrx_word' id='word_1_186' title='bbox 399 3223 619 3300; x_wconf 81' lang='lat' dir='ltr'>bolisclavi⁷</span> <span class='ocrx_word' id='word_1_187' title='bbox 641 3223 774 3298; x_wconf 82' lang='lat' dir='ltr'>filiam⁸</span> <span class='ocrx_word' id='word_1_188' title='bbox 793 3225 1012 3326; x_wconf 87' lang='lat' dir='ltr'>postulando</span> <span class='ocrx_word' id='word_1_189' title='bbox 1028 3227 1230 3326; x_wconf 77' lang='lat' dir='ltr'>complevit.</span> <span class='ocrx_word' id='word_1_190' title='bbox 1289 3235 1371 3325; x_wconf 88' lang='lat' dir='ltr'>Qua</span> <span class='ocrx_word' id='word_1_191' title='bbox 1395 3231 1465 3306; x_wconf 89' lang='lat' dir='ltr'>sibi</span> <span class='ocrx_word' id='word_1_192' title='bbox 1493 3255 1560 3330; x_wconf 90' lang='lat' dir='ltr'>per</span> <span class='ocrx_word' id='word_1_193' title='bbox 1583 3235 1650 3303; x_wconf 91' lang='lat' dir='ltr'>in·-</span> 
     </span>
    </p>
   </div>
   <div class='ocr_carea' id='block_1_3' title="bbox 324 3517 1672 4884">
    <p class='ocr_par' dir='ltr' id='par_1_5' title="bbox 327 3517 1656 3927">
     <span class='ocr_line' id='line_1_25' title="bbox 375 3517 1650 3614; baseline 0.01 -33"><span class='ocrx_word' id='word_1_194' title='bbox 375 3521 608 3605; x_wconf 76' lang='lat' dir='ltr'>¹Svenonisfitti</span> <span class='ocrx_word' id='word_1_195' title='bbox 625 3517 766 3603; x_wconf 74' lang='lat' dir='ltr'>conjuras]</span> <span class='ocrx_word' id='word_1_196' title='bbox 783 3523 904 3604; x_wconf 85' lang='lat' dir='ltr'>lngerta</span> <span class='ocrx_word' id='word_1_197' title='bbox 917 3519 956 3584; x_wconf 90' lang='lat' dir='ltr'>si·</span> <span class='ocrx_word' id='word_1_198' title='bbox 1060 3529 1171 3590; x_wconf 77' lang='lat' dir='ltr'>‘Novi</span> <span class='ocrx_word' id='word_1_199' title='bbox 1195 3519 1286 3610; x_wconf 74' lang='lat' dir='ltr'>regie]</span> <span class='ocrx_word' id='word_1_200' title='bbox 1308 3523 1365 3588; x_wconf 83' lang='lat' dir='ltr'>Ed.</span> <span class='ocrx_word' id='word_1_201' title='bbox 1385 3547 1433 3612; x_wconf 85' lang='lat' dir='ltr'>pr.</span> <span class='ocrx_word' id='word_1_202' title='bbox 1451 3552 1526 3590; x_wconf 86' lang='lat' dir='ltr'>novo</span> <span class='ocrx_word' id='word_1_203' title='bbox 1551 3535 1650 3614; x_wconf 66' lang='lat' dir='ltr'>regu,</span> 
     </span>
     <span class='ocr_line' id='line_1_26' title="bbox 328 3624 1349 3718; baseline 0.011 -34"><span class='ocrx_word' id='word_1_204' title='bbox 328 3641 365 3688; x_wconf 84' lang='lat' dir='ltr'>re</span> <span class='ocrx_word' id='word_1_205' title='bbox 386 3625 535 3712; x_wconf 85' lang='lat' dir='ltr'>lngerida,</span> <span class='ocrx_word' id='word_1_206' title='bbox 555 3625 616 3690; x_wconf 87' lang='lat' dir='ltr'>lilia</span> <span class='ocrx_word' id='word_1_207' title='bbox 630 3624 805 3712; x_wconf 83' lang='lat' dir='ltr'>Rognvaldi</span> <span class='ocrx_word' id='word_1_208' title='bbox 822 3627 953 3706; x_wconf 83' lang='lat' dir='ltr'>comitis,</span> <span class='ocrx_word' id='word_1_209' title='bbox 1014 3631 1210 3718; x_wconf 83' lang='lat' dir='ltr'>quodminus</span> <span class='ocrx_word' id='word_1_210' title='bbox 1224 3631 1349 3695; x_wconf 89' lang='lat' dir='ltr'>bonum.</span> 
     </span>
     <span class='ocr_line' id='line_1_27' title="bbox 328 3730 1655 3820; baseline 0.007 -28"><span class='ocrx_word' id='word_1_211' title='bbox 328 3730 428 3815; x_wconf 83' lang='lat' dir='ltr'>neptis</span> <span class='ocrx_word' id='word_1_212' title='bbox 442 3736 639 3816; x_wconf 82' lang='lat' dir='ltr'>Margaretae,</span> <span class='ocrx_word' id='word_1_213' title='bbox 672 3732 709 3795; x_wconf 83' lang='lat' dir='ltr'>tle</span> <span class='ocrx_word' id='word_1_214' title='bbox 729 3754 788 3818; x_wconf 85' lang='lat' dir='ltr'>qua</span> <span class='ocrx_word' id='word_1_215' title='bbox 804 3755 895 3820; x_wconf 88' lang='lat' dir='ltr'>supra</span> <span class='ocrx_word' id='word_1_216' title='bbox 918 3733 951 3795; x_wconf 91' lang='lat' dir='ltr'>in</span> <span class='ocrx_word' id='word_1_217' title='bbox 1056 3741 1111 3801; x_wconf 65' lang='grc' dir='ltr'>6Α</span> <span class='ocrx_word' id='word_1_218' title='bbox 1124 3741 1229 3801; x_wconf 78' lang='lat' dir='ltr'>Gothis</span> <span class='ocrx_word' id='word_1_219' title='bbox 1250 3736 1428 3815; x_wconf 83' lang='lat' dir='ltr'>trucidatus]</span> <span class='ocrx_word' id='word_1_220' title='bbox 1452 3739 1574 3799; x_wconf 86' lang='lat' dir='ltr'>Nomen</span> <span class='ocrx_word' id='word_1_221' title='bbox 1597 3755 1655 3801; x_wconf 82' lang='lat' dir='ltr'>re-</span> 
     </span>
     <span class='ocr_line' id='line_1_28' title="bbox 327 3835 1656 3927; baseline 0.008 -31"><span class='ocrx_word' id='word_1_222' title='bbox 327 3836 414 3898; x_wconf 87' lang='lat' dir='ltr'>initio</span> <span class='ocrx_word' id='word_1_223' title='bbox 429 3835 519 3920; x_wconf 84' lang='lat' dir='ltr'>hujus</span> <span class='ocrx_word' id='word_1_224' title='bbox 536 3837 616 3901; x_wconf 89' lang='lat' dir='ltr'>libri.</span> <span class='ocrx_word' id='word_1_225' title='bbox 1013 3843 1058 3927; x_wconf 84' lang='lat' dir='ltr'>gis</span> <span class='ocrx_word' id='word_1_226' title='bbox 1084 3856 1149 3904; x_wconf 87' lang='lat' dir='ltr'>erat</span> <span class='ocrx_word' id='word_1_227' title='bbox 1171 3843 1358 3927; x_wconf 83' lang='lat' dir='ltr'>Ragvaldus,</span> <span class='ocrx_word' id='word_1_228' title='bbox 1383 3843 1463 3906; x_wconf 86' lang='lat' dir='ltr'>lilius</span> <span class='ocrx_word' id='word_1_229' title='bbox 1479 3843 1568 3910; x_wconf 82' lang='lat' dir='ltr'>Olevi</span> <span class='ocrx_word' id='word_1_230' title='bbox 1592 3863 1656 3906; x_wconf 86' lang='lat' dir='ltr'>co·</span> 
     </span>
    </p>

    <p class='ocr_par' dir='ltr' id='par_1_6' title="bbox 326 3929 1659 4246">
     <span class='ocr_line' id='line_1_29' title="bbox 372 3929 1658 4034; baseline 0.008 -30"><span class='ocrx_word' id='word_1_231' title='bbox 372 3945 433 4004; x_wconf 74' lang='lat' dir='ltr'>&#39;Ia</span> <span class='ocrx_word' id='word_1_232' title='bbox 446 3945 526 4004; x_wconf 86' lang='lat' dir='ltr'>cultu</span> <span class='ocrx_word' id='word_1_233' title='bbox 528 3941 693 4029; x_wconf 67' lang='lat' dir='ltr'>semiliber]</span> <span class='ocrx_word' id='word_1_234' title='bbox 713 3943 748 4007; x_wconf 87' lang='lat' dir='ltr'>Id</span> <span class='ocrx_word' id='word_1_235' title='bbox 767 3929 826 4023; x_wconf 76' lang='lat' dir='ltr'>ert,</span> <span class='ocrx_word' id='word_1_236' title='bbox 850 3944 882 4006; x_wconf 92' lang='lat' dir='ltr'>in</span> <span class='ocrx_word' id='word_1_237' title='bbox 903 3965 953 4008; x_wconf 87' lang='lat' dir='ltr'>ve·</span> <span class='ocrx_word' id='word_1_238' title='bbox 1013 3948 1157 4034; x_wconf 89' lang='lat' dir='ltr'>gnomiue</span> <span class='ocrx_word' id='word_1_239' title='bbox 1182 3949 1380 4034; x_wconf 84' lang='lat' dir='ltr'>Neslonning</span> <span class='ocrx_word' id='word_1_240' title='bbox 1409 3947 1486 4030; x_wconf 83' lang='lat' dir='ltr'>(rid.</span> <span class='ocrx_word' id='word_1_241' title='bbox 1506 3953 1658 4014; x_wconf 84' lang='lat' dir='ltr'>Benzelii</span> 
     </span>
     <span class='ocr_line' id='line_1_30' title="bbox 326 4045 1396 4139; baseline 0.009 -29"><span class='ocrx_word' id='word_1_242' title='bbox 326 4047 399 4110; x_wconf 83' lang='lat' dir='ltr'>stitn</span> <span class='ocrx_word' id='word_1_243' title='bbox 418 4045 571 4112; x_wconf 84' lang='lat' dir='ltr'>muliebri.</span> <span class='ocrx_word' id='word_1_244' title='bbox 619 4052 787 4114; x_wconf 76' lang='lat' dir='ltr'>chriiarz&#39;s</span> <span class='ocrx_word' id='word_1_245' title='bbox 808 4047 840 4113; x_wconf 88' lang='lat' dir='ltr'>h.</span> <span class='ocrx_word' id='word_1_246' title='bbox 866 4051 886 4113; x_wconf 89' lang='lat' dir='ltr'>l.</span> <span class='ocrx_word' id='word_1_247' title='bbox 906 4064 952 4114; x_wconf 86' lang='lat' dir='ltr'>est</span> <span class='ocrx_word' id='word_1_248' title='bbox 1012 4075 1146 4120; x_wconf 87' lang='lat' dir='ltr'>monum.</span> <span class='ocrx_word' id='word_1_249' title='bbox 1159 4055 1265 4118; x_wconf 86' lang='lat' dir='ltr'>eccles.</span> <span class='ocrx_word' id='word_1_250' title='bbox 1283 4075 1314 4139; x_wconf 89' lang='lat' dir='ltr'>p.</span> <span class='ocrx_word' id='word_1_251' title='bbox 1330 4053 1396 4136; x_wconf 84' lang='lat'><strong>7⁰).</strong></span> 
     </span>
     <span class='ocr_line' id='line_1_31' title="bbox 326 4157 1659 4246; baseline 0.006 -30"><span class='ocrx_word' id='word_1_252' title='bbox 326 4157 438 4217; x_wconf 76' lang='lat' dir='ltr'>seirius.</span> <span class='ocrx_word' id='word_1_253' title='bbox 1057 4159 1261 4240; x_wconf 72' lang='lat' dir='ltr'>&#39;Bokisclcotl</span> <span class='ocrx_word' id='word_1_254' title='bbox 1282 4161 1466 4246; x_wconf 77' lang='lat' dir='ltr'>stephanius</span> <span class='ocrx_word' id='word_1_255' title='bbox 1487 4160 1659 4245; x_wconf 81' lang='lat' dir='ltr'>corrigens</span> 
     </span>
    </p>

    <p class='ocr_par' dir='ltr' id='par_1_7' title="bbox 326 4259 1663 4438">
     <span class='ocr_line' id='line_1_32' title="bbox 372 4259 1663 4352; baseline 0.006 -30"><span class='ocrx_word' id='word_1_256' title='bbox 372 4261 482 4344; x_wconf 75' lang='lat' dir='ltr'>’Rege</span> <span class='ocrx_word' id='word_1_257' title='bbox 503 4259 667 4350; x_wconf 76' lang='lat' dir='ltr'>absumpto]</span> <span class='ocrx_word' id='word_1_258' title='bbox 697 4263 784 4346; x_wconf 79' lang='lat' dir='ltr'>logio</span> <span class='ocrx_word' id='word_1_259' title='bbox 807 4261 950 4346; x_wconf 77' lang='lat' dir='ltr'>secundo,</span> <span class='ocrx_word' id='word_1_260' title='bbox 1011 4265 1115 4352; x_wconf 80' lang='lat' dir='ltr'>posuit</span> <span class='ocrx_word' id='word_1_261' title='bbox 1131 4271 1292 4352; x_wconf 81' lang='lat' dir='ltr'>Bogislavt&#39;.</span> <span class='ocrx_word' id='word_1_262' title='bbox 1338 4271 1457 4331; x_wconf 82' lang='lat' dir='ltr'>Nomen</span> <span class='ocrx_word' id='word_1_263' title='bbox 1479 4269 1559 4352; x_wconf 82' lang='lat' dir='ltr'>regis</span> <span class='ocrx_word' id='word_1_264' title='bbox 1580 4269 1663 4330; x_wconf 85' lang='grc' dir='ltr'>Ρο-</span> 
     </span>
     <span class='ocr_line' id='line_1_33' title="bbox 326 4355 1333 4438; baseline 0.015 -15"><span class='ocrx_word' id='word_1_265' title='bbox 326 4363 467 4426; x_wconf 78' lang='lat' dir='ltr'>Halstani</span> <span class='ocrx_word' id='word_1_266' title='bbox 479 4355 556 4430; x_wconf 84' lang='lat' dir='ltr'>lilio.</span> <span class='ocrx_word' id='word_1_267' title='bbox 1013 4374 1076 4437; x_wconf 91' lang='lat' dir='ltr'>loni</span> <span class='ocrx_word' id='word_1_268' title='bbox 1091 4387 1157 4438; x_wconf 88' lang='lat' dir='ltr'>eret</span> <span class='ocrx_word' id='word_1_269' title='bbox 1173 4377 1333 4438; x_wconf 82' lang='lat' dir='ltr'>Boleslaus.</span> 
     </span>
    </p>

    <p class='ocr_par' dir='ltr' id='par_1_8' title="bbox 324 4471 1672 4884">
     <span class='ocr_line' id='line_1_34' title="bbox 371 4471 1671 4566; baseline 0.012 -34"><span class='ocrx_word' id='word_1_270' title='bbox 371 4471 509 4554; x_wconf 74' lang='lat' dir='ltr'>*Magno</span> <span class='ocrx_word' id='word_1_271' title='bbox 528 4475 642 4559; x_wconf 79' lang='lat' dir='ltr'>deferre</span> <span class='ocrx_word' id='word_1_272' title='bbox 660 4473 741 4554; x_wconf 77' lang='lat' dir='ltr'>aust]</span> <span class='ocrx_word' id='word_1_273' title='bbox 765 4479 892 4560; x_wconf 83' lang='lat' dir='ltr'>Magnus</span> <span class='ocrx_word' id='word_1_274' title='bbox 914 4498 950 4540; x_wconf 86' lang='lat' dir='ltr'>ex</span> <span class='ocrx_word' id='word_1_275' title='bbox 1056 4479 1197 4558; x_wconf 72' lang='lat' dir='ltr'>⁸Filiam]</span> <span class='ocrx_word' id='word_1_276' title='bbox 1223 4481 1398 4562; x_wconf 84' lang='lat' dir='ltr'>Richlzam,</span> <span class='ocrx_word' id='word_1_277' title='bbox 1437 4501 1530 4566; x_wconf 83' lang='lat' dir='ltr'>quem</span> <span class='ocrx_word' id='word_1_278' title='bbox 1556 4477 1671 4548; x_wconf 70' lang='lat' dir='ltr'>autt&#39;tr</span> 
     </span>
     <span class='ocr_line' id='line_1_35' title="bbox 326 4573 1666 4672; baseline 0.015 -36"><span class='ocrx_word' id='word_1_279' title='bbox 326 4573 409 4657; x_wconf 84' lang='lat' dir='ltr'>regia</span> <span class='ocrx_word' id='word_1_280' title='bbox 429 4577 581 4640; x_wconf 84' lang='lat' dir='ltr'>Sreonum</span> <span class='ocrx_word' id='word_1_281' title='bbox 604 4583 698 4666; x_wconf 85' lang='lat' dir='ltr'>stirpe</span> <span class='ocrx_word' id='word_1_282' title='bbox 718 4582 869 4668; x_wconf 86' lang='lat' dir='ltr'>originem</span> <span class='ocrx_word' id='word_1_283' title='bbox 894 4583 949 4646; x_wconf 88' lang='lat' dir='ltr'>du·</span> <span class='ocrx_word' id='word_1_284' title='bbox 1010 4586 1147 4650; x_wconf 75' lang='lat' dir='ltr'>historiae</span> <span class='ocrx_word' id='word_1_285' title='bbox 1175 4586 1410 4672; x_wconf 80' lang='lat' dir='ltr'>iinytlingomm</span> <span class='ocrx_word' id='word_1_286' title='bbox 1437 4590 1536 4651; x_wconf 85' lang='lat' dir='ltr'>minus</span> <span class='ocrx_word' id='word_1_287' title='bbox 1557 4603 1666 4656; x_wconf 86' lang='lat' dir='ltr'>recte</span> 
     </span>
     <span class='ocr_line' id='line_1_36' title="bbox 326 4679 1672 4778; baseline 0.013 -36"><span class='ocrx_word' id='word_1_288' title='bbox 326 4679 429 4761; x_wconf 83' lang='lat' dir='ltr'>cebat3</span> <span class='ocrx_word' id='word_1_289' title='bbox 454 4684 612 4747; x_wconf 83' lang='lat' dir='ltr'>eratenim</span> <span class='ocrx_word' id='word_1_290' title='bbox 628 4686 704 4770; x_wconf 85' lang='lat' dir='ltr'>logii</span> <span class='ocrx_word' id='word_1_291' title='bbox 718 4689 809 4774; x_wconf 89' lang='lat' dir='ltr'>primi</span> <span class='ocrx_word' id='word_1_292' title='bbox 827 4711 862 4754; x_wconf 82' lang='lat' dir='ltr'>ex</span> <span class='ocrx_word' id='word_1_293' title='bbox 887 4691 949 4754; x_wconf 82' lang='lat' dir='ltr'>lilia</span> <span class='ocrx_word' id='word_1_294' title='bbox 1011 4691 1086 4755; x_wconf 87' lang='lat' dir='ltr'>dicit</span> <span class='ocrx_word' id='word_1_295' title='bbox 1111 4689 1203 4753; x_wconf 82' lang='lat' dir='ltr'>liliam</span> <span class='ocrx_word' id='word_1_296' title='bbox 1236 4695 1388 4774; x_wconf 87' lang='lat' dir='ltr'>Boleslai,</span> <span class='ocrx_word' id='word_1_297' title='bbox 1419 4693 1500 4778; x_wconf 84' lang='lat' dir='ltr'>regis</span> <span class='ocrx_word' id='word_1_298' title='bbox 1521 4693 1672 4762; x_wconf 83' lang='lat' dir='ltr'>Vendu-</span> 
     </span>
     <span class='ocr_line' id='line_1_37' title="bbox 324 4797 1668 4884; baseline 0.014 -37"><span class='ocrx_word' id='word_1_299' title='bbox 324 4804 429 4870; x_wconf 86' lang='lat' dir='ltr'>nepos.</span> <span class='ocrx_word' id='word_1_300' title='bbox 1008 4817 1087 4877; x_wconf 88' lang='lat' dir='ltr'>rum,</span> <span class='ocrx_word' id='word_1_301' title='bbox 1110 4797 1352 4881; x_wconf 85' lang='lat' dir='ltr'>commiscendo,</span> <span class='ocrx_word' id='word_1_302' title='bbox 1378 4813 1413 4863; x_wconf 91' lang='lat' dir='ltr'>ut</span> <span class='ocrx_word' id='word_1_303' title='bbox 1434 4799 1544 4884; x_wconf 75' lang='lat' dir='ltr'>saepius</span> <span class='ocrx_word' id='word_1_304' title='bbox 1569 4797 1668 4865; x_wconf 78' lang='lat' dir='ltr'>taci-</span> 
     </span>
    </p>
   </div>
   <div class='ocr_carea' id='block_1_4' title="bbox 0 0 1796 5466">
    <p class='ocr_par' dir='ltr' id='par_1_9' title="bbox 0 0 1796 5466">
     <span class='ocr_line' id='line_1_38' title="bbox 0 0 1796 5466; baseline 0 1"><span class='ocrx_word' id='word_1_305' title='bbox 0 0 1796 5466; x_wconf 95' lang='lat' dir='ltr'> </span> 
     </span>
    </p>
   </div>
  </div>
 </body>
</html>
