3582 5466
678 302 910 376 tttcoLath.
1315 308 1384 380 621

135 508 336 611 compendii
360 511 503 588 deflexu
525 518 638 588 vitare
659 515 846 611 quivisset,
880 535 1074 612 peragrare
1095 516 1244 610 adorsa,
1268 515 1335 591 sed
1357 542 1447 602 mor,
1558 509 1561 515 ¹

133 633 281 734 palustri
294 661 395 710 oeno
409 635 569 710 tenacius
583 633 762 734 implicata
787 631 1038 714 acdesideutis
1061 639 1127 714 luti
1148 639 1269 716 illuvie
1290 665 1439 739 prepe-

133 757 215 850 dita,
239 757 394 834 musaeo
408 759 618 832 transitionis
632 761 771 857 impetu
795 755 945 832 similem
966 759 1062 860 lu‘gae
1085 761 1275 837 tumultum
1297 761 1440 840 edebat.

133 883 249 980 Maior
269 905 355 980 pars
377 878 479 952 labili
504 879 647 980 paludis
685 877 783 952 mole
806 879 1025 979 pessundata
1042 893 1232 981 'pecorum
1264 911 1366 963 more
1392 885 1440 958 ab

133 994 298 1077 hostibus
317 1001 576 1078 trucidabatur.
634 1005 684 1076 lta
709 1002 949 1076 transmeandi
975 1005 1084 1078 avidis
1106 1005 1381 1105 improvidaque
1405 1025 1441 1082 et

135 1149 227 1198 caeea
251 1125 476 1199 festinatione
497 1124 684 1200 ruentibus
709 1123 1001 1225 impedimentum
1020 1128 1180 1225 periculo
1203 1128 1278 1204 luit
1337 1133 1439 1202 'lau-

136 1247 217 1322 dem
233 1273 332 1348 tegre
351 1249 385 1320 in
400 1246 496 1322 littus
517 1245 692 1322 reditum¹
723 1247 992 1348 discessumque
1011 1267 1071 1324 est
1133 1257 1299 1350 Cumque
1313 1250 1440 1341 Sclavi,

135 1369 280 1468 perinde
304 1394 348 1444 ae
370 1376 517 1445 victoria
541 1371 631 1465 freti,
659 1371 777 1446 verbis
806 1373 935 1446 virium
954 1397 1102 1446 suarum
1124 1371 1275 1448 laudem
1299 1397 1375 1473 pree
1401 1399 1441 1450 se

137 1491 330 1566 lmeutibus
355 1494 508 1570 Dauims
533 1499 712 1592 vituperio
728 1496 1012 1592 insequerentur,
1037 1499 1189 1594 etquasi
1209 1495 1352 1572 illarum
1367 1499 1440 1574 im·-

136 1615 310 1690 beeillitati
324 1614 538 1692 fortitudinis
552 1641 626 1690 suae
639 1617 807 1714 jactantia
829 1619 1018 1716 procacius
1026 1619 1240 1712 insultarent,
1255 1623 1440 1712 Henricus,

136 1744 196 1836 qui
211 1737 328 1838 probe
342 1755 551 1814 nostrorum
566 1741 703 1814 auuuos
725 1760 893 1836 noverat,
920 1742 1062 1817 diversa
1079 1766 1137 1834 se,
1161 1743 1294 1842 inquit,
1318 1741 1440 1820 bosti-

137 1885 198 1936 um
223 1860 337 1934 robur
357 1868 590 1937 usumutioue
612 1861 819 1962 complecti3
849 1871 989 1964 quippe
1012 1868 1105 1964 regis
1136 1889 1261 1941 eorum
1284 1869 1441 1964 ineque

136 1982 331 2084 prevalido
356 1983 561 2084 exemplum
585 1985 732 2085 liquere.
790 1990 861 2079 Qui
885 1990 917 2062 si
942 1995 1035 2062 vires
1056 2013 1142 2062 suas
1166 1995 1303 2082 scisset,
1335 2013 1441 2065 omne

137 2108 262 2206 equitis
285 2108 476 2206 imperium
498 2124 691 2206 sperneret.
752 2111 850 2202 Ques
865 2119 1035 2209 quoniam
1058 2115 1209 2210 ignorat,
1229 2109 1331 2186 facile
1348 2115 1440 2188 insi-

138 2227 250 2304 denn's
263 2229 449 2306 arbitrium
465 2235 606 2331 patitur.
663 2233 715 2304 lta
740 2231 935 2326 Nicolaum,
950 2235 981 2308 si
998 2236 1133 2309 viribus
1150 2236 1222 2310 suis
1241 2231 1352 2307 fidem
1367 2232 1439 2306 ha.

136 2351 242 2447 beret,
266 2369 395 2428 cuncta
422 2354 612 2454 prospere,
635 2355 851 2432 diffidentem
870 2381 955 2431 vero
978 2355 1065 2428 nihil
1096 2355 1244 2432 feliciter
1265 2373 1440 2432 executu-
1522 2375 1525 2387 ’

140 2503 227 2551 rum.
278 2475 592 2571 PosthaecElivus,
607 2479 707 2578 quod
725 2482 849 2579 patriae
864 2479 1042 2552 fortunam
1060 2477 1300 2568 venditaverit,
1318 2503 1338 2550 a
1355 2503 1440 2578 ruge

137 2599 294 2698 perfidiae
308 2598 510 2691 damnatus,
537 2625 610 2676 nou
633 2601 754 2676 solum
777 2603 999 2703 profecturae
1021 2599 1216 2693 beneficio,
1250 2599 1440 2676 sedetiam

137 2724 335 2820 patrimonii
350 2723 461 2798 rebus
482 2726 718 2823 ignominiose
735 2742 881 2817 erutos,
914 2725 1036 2800 ultima
1060 2726 1184 2822 inopia
1207 2721 1438 2804 sordidissimi

137 2843 359 2946 lueripoenas
377 2844 557 2944 persolvit
609 2851 653 2920 At
668 2851 853 2941 Heoricus,
869 2847 919 2922 ob
935 2847 1123 2956 superioris
1138 2869 1271 2945 pugnae
1288 2867 1439 2920 succes-

136 2991 213 3040 sum
230 2967 388 3044 audaciae
403 2971 625 3046 incrementis
641 2988 800 3064 evectus,
824 2969 993 3045 litterales
1014 2973 1136 3044 Dauos
1154 2971 1300 3066 piratica
1320 2967 1439 3042 laces—

135 3091 245 3166 sendo
260 3118 335 3166 uon
348 3091 465 3166 solum
479 3094 621 3168 Eidorae
637 3094 797 3186 finitima,
819 3093 883 3168 sed
908 3100 1013 3168 etiam
1029 3107 1155 3166 cuncta
1170 3090 1325 3166 Slesvico
1355 3091 1440 3166 val-

136 3211 251 3314 loque,
277 3214 379 3316 quod
395 3217 582 3290 Dacorum
598 3242 691 3316 opus
708 3241 889 3307 vocamus,
904 3217 1104 3315 interjecta²
1126 3215 1294 3290 vastabat.
1320 3217 1439 3314 lpsam

137 3337 310 3412 interdum
324 3337 463 3428 urbem,
477 3339 581 3416 illatis
593 3337 685 3414 clam
695 3366 762 3439 per
775 3343 915 3438 navigia
924 3344 1045 3440 copiis,
1056 3337 1293 3438 improvidam
1304 3364 1438 3440 aggre-

138 3456 310 3534 diebatur.
359 3464 495 3562 ltaque,
509 3479 591 3562 post
605 3480 767 3538 exactum
788 3463 932 3536 Elivum
946 3461 1067 3536 adhuc
1081 3461 1214 3536 finibus
1229 3459 1297 3534 illis
1312 3464 1440 3559 provi-

136 3603 218 3654 sore
238 3585 393 3676 vacuis³,
427 3585 655 3662 creberrimae
679 3603 880 3660 exterorum
910 3583 1084 3660 violentie
1119 3589 1224 3658 etiam
1246 3583 1440 3660 domestica

135 3702 231 3776 fruta
247 3731 445 3800 accessere,
479 3723 650 3808 tantoque
667 3712 787 3782 civitas
807 3711 900 3782 intus
916 3731 1026 3806 quam
1042 3709 1129 3782 soris
1145 3707 1309 3780 acerbius
1325 3735 1440 3806 urge-
1465 3789 1467 3796 .

134 3823 249 3921 batur,
274 3847 410 3930 quanto
435 3831 482 3905 ad
496 3831 697 3906 nocendum
713 3831 850 3906 occulta
876 3829 1067 3904 manifestis
1086 3831 1257 3927 proniora
1275 3853 1440 3902 noscun-

178 4151 328 4211 'iaudem
355 4135 432 4234 tigre
461 4157 491 4213 in
513 4155 596 4214 Iaitas
618 4151 755 4233 redr'tum]
862 4151 1001 4213 ²Cuncta
1021 4149 1147 4212 Slesut'co
1167 4152 1298 4232 valloque
1323 4148 1440 4231 tirterje·

24 4259 26 4272 '
130 4255 180 4316 De
195 4265 261 4316 tota
280 4255 338 4316 hac
360 4255 553 4340 expeditione
573 4279 652 4320 anuo
675 4257 757 4322 1113
816 4253 878 4334 cta]
894 4255 927 4318 ltl
943 4267 1007 4333 est,
1028 4267 1125 4318 totam
1141 4253 1296 4337 regionem
1313 4278 1329 4317 a
1344 4251 1438 4319 lluvio

129 4371 270 4445 smcepta
284 4372 367 4425 tacet
380 4363 576 4444 Helmoldos3
592 4363 645 4427 ssd
661 4365 756 4430 Saxo·
814 4359 929 4425 Eidora
951 4382 1046 4446 usque
1070 4359 1109 4424 ud
1133 4360 1301 4426 Siesvieum
1325 4373 1356 4426 et
1375 4363 1439 4426 val·

128 4465 161 4526 ni
174 4465 244 4530 barb
258 4469 355 4531 Daris
369 4469 502 4533 inlausta
514 4482 656 4534 accurate
668 4487 755 4532 enar·
816 4472 879 4535 lum
897 4465 1100 4534 Dannerirlae.

129 4572 210 4635 renti
226 4571 300 4636 lides
314 4575 439 4640 omniuo
455 4576 603 4640 habenda.
645 4573 757 4642 Omnia

129 4691 289 4762 preterea,
310 4703 379 4767 quae
392 4685 441 4748 hic
458 4683 644 4762 afferuntur,
658 4695 689 4746 et
706 4704 757 4746 so·
858 4687 1041 4746 'Praestare
1070 4679 1183 4759 omasi]
1214 4683 1362 4746 Provisor
1390 4682 1441 4745 bic

129 4783 245 4849 cordiae
272 4787 388 4854 Nicolai
410 4803 440 4854 et
468 4791 614 4854 sollertiae
630 4789 754 4855 tierrici
813 4787 993 4875 proiectum
1007 4785 1167 4872 significat,
1187 4787 1253 4876 vire
1266 4787 1438 4874 presidem,

126 4886 207 4954 bene
224 4895 418 4960 conveniunt.
811 4896 999 4981 toparcham.
1020 4893 1071 4977 (8)
