3536 5462
600 251 987 352 wacommunsr.
1329 273 1406 348 cao

138 513 239 566 arma
258 503 484 590 poscentem,
508 489 721 564 Arasiorum
737 483 900 588 pontifex
914 487 1032 562 Srerro
1052 483 1211 562 medinm
1235 486 1459 588 complexus,

138 639 186 689 ne
203 609 295 714 qnid
311 610 393 688 duri
415 618 452 688 in
467 610 612 714 plebem
638 613 890 701 committeret,
916 607 1144 684 obsecrabat.
1201 613 1314 684 Pietas
1336 609 1385 684 illi
1411 635 1459 684 an

140 753 255 812 metus
280 733 379 810 bunc
406 759 536 810 nusum
566 737 785 833 prestiteris,
814 733 993 807 incertum
1014 747 1079 808 est.
1140 732 1213 806 Sed
1239 731 1340 834 apud
1363 739 1459 834 regis

140 861 312 952 animum,
348 861 520 934 continua
542 854 733 932 Absalonis
758 857 901 930 caritme
922 853 1077 958 flagrare
1101 855 1263 951 solitum,
1288 859 1459 931 venientis

140 986 246 1056 amici
282 979 443 1082 pericula
475 977 742 1079 complectentis
777 979 948 1076 precibus
983 979 1318 1079 praeponderabant.
1374 982 1458 1073 Quo

140 1101 397 1194 descendente,
422 1108 485 1202 qui
504 1102 685 1202 navigium
708 1100 980 1192 infestaverant,
1002 1126 1145 1178 summa
1170 1127 1255 1210 cum
1281 1105 1458 1178 innocen-

138 1230 198 1302 tiss
230 1221 473 1316 simulatione,
514 1224 671 1324 repetitis
697 1223 955 1316 tabernaculis,
989 1223 1161 1302 Absaloni
1186 1223 1284 1302 littus
1308 1251 1457 1302 cessere.

137 1353 179 1422 ln
194 1373 269 1447 quo
287 1345 523 1447 postmodum
537 1344 727 1421 dividuum
749 1354 783 1420 ei
804 1348 953 1448 regique
969 1371 1053 1420 cum
1069 1349 1219 1422 Scanico
1239 1349 1348 1424 milite
1371 1349 1458 1424 col-

138 1471 304 1570 loquium
320 1469 386 1544 suit
406 1475 436 1543 ¹.
487 1469 707 1560 Scanienses,
739 1470 841 1569 apud
867 1495 962 1569 quos
986 1495 1050 1545 rex
1071 1469 1256 1572 sopiendae
1277 1471 1459 1548 seditionis
1552 1563 1556 1572 ³

139 1591 331 1668 consilium
347 1592 525 1692 agitabat,
537 1573 774 1667 ⁸absalonem
791 1591 1024 1694 advenasque
1038 1595 1174 1666 Scauiae
1189 1601 1344 1694 portioni
1362 1619 1459 1694 prae·

140 1720 277 1814 positos
301 1713 535 1790 remittendos
558 1714 770 1810 mouebant,
795 1713 968 1810 dicendo,
993 1714 1081 1789 nihil
1110 1713 1158 1790 ad
1175 1715 1359 1816 publicam
1385 1717 1456 1792 de·

137 1840 307 1912 mentium
341 1836 649 1935 comprimendam
682 1863 811 1913 eornm
849 1839 1013 1915 absentia
1037 1839 1219 1916 efficacius
1243 1840 1342 1934 iore,
1373 1862 1458 1939 quas

136 1985 215 2036 non
234 1958 427 2035 adversum
450 1985 596 2060 regem,
626 1959 693 2036 sed
714 1965 751 2035 in
783 1962 930 2037 illorum
956 1963 1084 2061 plenos
1107 1962 1332 2063 malignitatis
1356 1977 1459 2036 aetus

138 2086 318 2158 exarserit.
375 2083 492 2181 Hujus
517 2086 699 2158 senteutiae
731 2084 982 2186 suffragatores
999 2087 1162 2161 Jutenses
1188 2084 1314 2161 milites
1345 2084 1458 2158 luere.

139 2204 327 2280 Creditum
360 2181 455 2295 ests
477 2229 540 2280 eos
571 2211 701 2307 partim
744 2205 965 2284 decimarum
1006 2207 1112 2300 odio,
1154 2232 1308 2308 quarum
1339 2233 1459 2306 nuper

139 2330 276 2426 Smniae
294 2325 553 2428 Siniandiaequc
567 2329 696 2404 solutio
713 2329 908 2406 inoleverat
922 2335 953 2421 ²,
978 2335 1108 2432 partim
1127 2346 1224 2404 metu
1244 2355 1287 2404 ex
1304 2329 1457 2406 forensis
1575 2375 1578 2383 =

12 2443 13 2452 '
139 2475 278 2553 pugnae
293 2454 309 2500 ³
323 2445 328 2450 ’
342 2449 588 2528 recordatione
617 2469 798 2531 contracto
823 2454 1014 2531 absalonis
1040 2453 1225 2530 affectasse
1249 2452 1456 2532 discessum.

191 2792 201 2824 ¹
226 2789 386 2850 Dmuluum
492 2789 665 2871 colloquium
689 2782 772 2872 suit]
827 2789 985 2856 consecuti
1003 2803 1097 2856 erant.

137 2891 252 2956 Milites
267 2893 437 2972 (Hermen)
459 2892 627 2979 provincie
643 2889 774 2966 sesnin,
875 2899 1049 2962 ’Formo
1075 2894 1198 2986 pugna]
1234 2895 1346 2962 Mirum
1373 2913 1456 2975 reue,

138 2997 206 3061 sire
230 2998 384 3078 nobilitas,
404 2999 430 3062 si
447 2999 489 3062 ita
505 3000 618 3084 placet,
638 2998 775 3076 Scauics,
829 3025 965 3088 pugnem
987 2999 1025 3070 ad
1047 3005 1159 3067 Fntam
1184 3002 1285 3067 siunm
1312 2998 1355 3084 (v.
1380 3021 1404 3065 s.
1426 3022 1457 3086 p·
1597 3007 1601 3013 ’

140 3103 266 3169 adduas
286 3107 395 3170 classes
409 3105 611 3190 pertinebant,
627 3103 776 3190 siquidem
830 3103 893 3172 654
909 3107 968 3196 sq.)
990 3107 1040 3171 hic
1066 3108 1177 3174 iterans
1204 3108 1312 3174 eodem
1334 3105 1457 3170 nonnius

140 3223 178 3274 nt
205 3213 273 3297 regi
293 3213 324 3275 in
354 3223 419 3274 tota
437 3211 622 3308 prusiada,
655 3209 697 3274 ita
725 3234 774 3275 ar·
828 3216 993 3302 appellari,
1013 3216 1098 3306 qnod
1117 3237 1209 3302 snpra
1227 3238 1297 3303 pag.
1313 3209 1378 3279 676
1394 3235 1457 3278 non

139 3318 341 3404 arhiepiscopo
358 3317 389 3380 in
403 3318 562 3382 territorio
574 3317 775 3404 archicpiscn·
828 3323 894 3387 siue
910 3322 1018 3386 idonea
1043 3343 1131 3388 nausa
1152 3335 1332 3410 corruptum
1356 3321 1459 3386 existi·

138 3438 232 3512 patus
249 3425 362 3490 milites
376 3423 498 3510 legendi
517 3423 566 3507 jus
579 3425 775 3510 competebat
830 3426 980 3493 mabstnr.
1024 3432 1148 3494 lterstio
1172 3443 1273 3494 tamen
1296 3430 1357 3494 bon
1377 3427 1458 3512 judi·

139 3533 186 3612 (v.
204 3535 351 3617 Lep-lut.
369 3532 388 3594 l.
402 3533 454 3610 ill,
469 3526 550 3614 cd).
583 3530 776 3616 negligitur
829 3509 910 3598 bium
933 3537 981 3598 rix
1001 3535 1151 3621 infringit.
1193 3537 1296 3628 Quum
1316 3547 1457 3621 apertum

138 3638 175 3700 in
194 3637 301 3700 littnrs
319 3657 387 3701 curu
405 3637 468 3701 sais
487 3635 681 3716 hominibus,
711 3637 776 3700 Ab·
828 3641 879 3720 ait,
902 3639 941 3702 dc
963 3639 1070 3703 eodem
1091 3640 1211 3726 proelio
1233 3654 1364 3726 auoque
1385 3641 1456 3704 loco

137 3743 242 3808 sunni
259 3764 329 3807 cnm
346 3743 407 3810 suis
426 3765 562 3811 morsum
583 3743 774 3830 colloquium
828 3763 1000 3810 samonem
1022 3765 1103 3825 ease,
1132 3746 1293 3826 librarius,
1319 3745 1372 3832 qni
1391 3745 1457 3811 illio

139 3847 214 3912 i'uit.
827 3874 887 3938 pro
908 3853 1032 3916 nomine
1050 3849 1110 3938 ipsi
1136 3849 1295 3938 incognito
1316 3853 1457 3938 Ucitsms's

188 3959 409 4020 ²Deciirsnrturs
431 3957 500 4018 nulrit
526 3999 569 4021 ...
600 3953 773 4036 inoleverat]
828 3979 857 4023 v.
884 3959 1078 4047 sbtuieensris)
1111 3957 1269 4044 cognitum
1297 3959 1456 4046 (sorensis)

138 4065 220 4126 Haec
250 4062 359 4142 rerba,
389 4081 588 4146 quomrum
616 4065 775 4132 seditionis
828 4065 1009 4150 scripserat,
1038 4064 1090 4128 hic
1110 4065 1192 4130 idem
1216 4064 1378 4150 repetivit,
1407 4065 1457 4129 rei

45 4153 49 4162 ¹
138 4189 263 4244 causam
284 4181 410 4252 tangere
439 4168 596 4249 ridentur,
624 4171 714 4235 simul
742 4193 776 4236 o·
829 4173 874 4238 sic
887 4173 963 4236 alins
982 4171 1175 4237 scribendum
1195 4170 1291 4252 duxit,
1313 4169 1397 4258 quod
1415 4169 1455 4234 ab

138 4237 299 4355 ateudunt,
320 4295 411 4361 quarn
429 4293 500 4340 asro
516 4275 701 4342 decimarum
726 4299 777 4342 so·
829 4278 891 4343 alio
916 4276 1046 4342 fortasse
1072 4277 1135 4343 illic
1161 4278 1308 4363 scriptum
1344 4274 1455 4342 inerat.

139 4385 218 4447 latio
250 4383 345 4447 Danis
382 4393 500 4446 extorta
527 4383 590 4446 sit..
627 4385 662 4446 ln
693 4382 776 4450 Jntia
829 4383 945 4447 Proelii
954 4383 1108 4449 adFotam
1122 4384 1223 4448 sinum
1233 4383 1264 4446 in
1273 4383 1376 4449 maltis
1390 4405 1457 4449 mo·

135 4491 235 4575 igitar
264 4489 387 4573 integro
420 4507 511 4574 paene
549 4489 652 4554 monio
686 4501 773 4575 post-
826 4491 981 4555 numantia
1001 4490 1119 4556 mentio
1138 4489 1192 4570 fit,
1212 4511 1359 4577 nusquam
1379 4511 1455 4558 vero

136 4616 234 4683 quam
261 4597 396 4660 Canntns
422 4605 543 4662 sanctu
569 4596 642 4662 baio
673 4615 773 4660 musas
817 4597 943 4684 forense
957 4597 1090 4662 tainum.
1145 4599 1196 4660 De
1224 4596 1286 4661 aiio
1321 4596 1454 4684 quodam

138 4701 236 4766 vitan
251 4699 463 4788 impenderat,
487 4719 577 4788 reges
596 4714 690 4789 atque
708 4699 773 4789 epi·
826 4704 948 4791 prnslio
971 4701 1061 4768 nobis
1081 4700 1241 4787 incognito
1261 4704 1326 4786 rix,
1357 4725 1393 4770 nc
1414 4723 1454 4768 ras

135 4807 227 4894 scopi
241 4808 377 4875 noadnnr
392 4806 578 4904 decimum
589 4809 772 4878 utunnnsu
827 4809 879 4878 rix
895 4807 1031 4899 quidem,
1047 4809 1098 4876 bic
1116 4827 1218 4879 sermo
1239 4827 1304 4877 ests
1321 4821 1433 4898 potest
