3538 5460
349 291 425 366 976
671 287 852 362 Histoe
868 289 974 362 DAN.
988 283 1128 362 LIBER
1147 289 1241 364 XVI.

297 502 451 602 receptis
466 500 571 575 exitio
586 497 699 574 luere.
731 501 857 576 Paucis
873 493 1014 575 hostem
1028 499 1243 601 opperiendi
1259 505 1400 576 aninam
1416 497 1492 574 luit.
1526 493 1624 577 lllius

297 651 385 700 vero
404 631 509 700 etiam
524 619 671 696 ridicula
686 621 842 696 formido
861 627 980 715 extitit,
1004 625 1068 722 qui
1084 623 1216 698 sociale
1233 623 1436 722 exemplum
1455 649 1624 725 perusus,
1744 709 1745 712 Ἴ

296 773 388 822 nexo
409 772 452 820 ex
474 747 687 820 rudentibus
706 743 839 844 laqueo
868 745 1065 844 suspendio
1087 769 1128 822 se·
1156 771 1368 820 consu-ere
1392 768 1512 848 quam·
1528 745 1623 822 hosti
1744 751 1745 770 ¹

247 915 249 920 ·
296 869 498 944 necandum
519 870 685 966 praebere
709 869 843 942 maluit.
894 868 1005 962 Quod
1032 867 1396 968 lactumcomplures
1420 871 1521 969 prius
1546 869 1622 943 ad-

296 997 491 1084 miratione,
519 991 648 1065 deinde
670 991 829 1065 ludibrio
846 993 1040 1089 prosecuti,
1066 990 1256 1066 dulcedine
1271 993 1471 1091 spoliorum
1488 991 1624 1068 lentius

167 1197 172 1207 ,
295 1117 461 1192 hostibus
477 1105 651 1192 inhaerere
670 1131 877 1214 coeperunt.
926 1113 1069 1208 Quibus
1084 1113 1244 1189 Absalou
1262 1121 1466 1215 praeteritis,
1492 1120 1620 1190 moni*-

296 1246 432 1338 tisque,
466 1263 511 1310 nc
533 1239 694 1338 praedam
721 1263 831 1338 quam
853 1235 993 1310 bostem
1019 1243 1159 1337 insequi
1178 1238 1344 1323 mallent,
1370 1255 1510 1338 septem
1533 1239 1624 1313 solis
1744 1251 1745 1330 t

294 1362 450 1437 navibus
474 1377 582 1437 totam
605 1387 699 1463 pene
721 1363 908 1460 fugacium
930 1359 1079 1435 classem
1102 1361 1264 1435 insectari
1289 1389 1363 1435 non
1381 1362 1531 1454 destitit,
1558 1360 1620 1434 illa

294 1489 461 1559 nimirum
479 1485 613 1559 fiducia
629 1511 734 1578 usus,
759 1509 832 1582 qua
852 1489 956 1556 toties
973 1484 1039 1558 sibi
1056 1485 1212 1558 hostium
1228 1479 1326 1585 terga
1347 1490 1511 1584 aspicere
1525 1509 1620 1558 con-

294 1613 382 1710 tigit.
442 1611 567 1707 Neque
592 1611 685 1684 euim
712 1633 733 1682 a
757 1606 965 1707 palantibus
988 1609 1025 1680 in
1044 1607 1123 1688 ,illa
1150 1609 1414 1708 insequentium
1437 1615 1622 1706 paucitate

293 1757 486 1823 numerus,
511 1730 577 1804 sed
594 1723 703 1808 virtus
721 1731 973 1806 aestimabatur.
1026 1733 1179 1804 Centum
1204 1731 1317 1805 ferme
1341 1732 1489 1804 navium
1508 1731 1617 1806 turba

295 1856 480 1928 maritimae
497 1853 593 1954 fugae
616 1855 809 1929 diffidentia
835 1872 1035 1930 terrestrem
1060 1855 1195 1953 cepit¹,
1220 1879 1360 1953 perque
1383 1853 1553 1930 horridos
1575 1881 1620 1928 ac

296 1977 456 2052 desertos
480 1975 589 2050 saltus
617 1981 762 2052 inermis
789 1979 1007 2077 attonitaque
1026 1977 1227 2052 discursum
1245 1976 1407 2052 habuit²-.
1457 1981 1619 2052 ¹larimo-

293 2115 376 2176 rum
402 2125 552 2199 quoque
580 2099 717 2176 hostilis
750 2105 930 2202 sauguinis
957 2126 1067 2200 quam
1097 2099 1232 2199 praedae
1258 2100 1457 2176 avidiorem
1485 2107 1615 2176 conci-

293 2228 401 2300 tatior
414 2221 557 2300 tucndae
576 2229 700 2324 patriae
722 2225 858 2325 cupido
875 2223 1088 2298 reddiderat
1139 2228 1310 2324 Quinque
1327 2247 1370 2296 ac
1384 2227 1526 2326 triginta
1541 2249 1617 2299 na-

291 2350 416 2448 vigiis³
437 2347 640 2424 vehementi
664 2354 812 2452 remigio
836 2352 1017 2424 concitatis
1042 2347 1180 2422 hostilis
1202 2345 1422 2422 Absalonem
1439 2346 1618 2422 nobilitas

292 2472 485 2547 devitabat.
535 2478 626 2568 Quae
644 2501 726 2547 cum
743 2491 879 2573 septem
898 2472 975 2547 solu
989 2473 1056 2545 sibi
1072 2475 1203 2546 instare
1216 2471 1525 2564 animadverteret,
1546 2471 1613 2544 fu-

292 2623 377 2698 gam
393 2621 495 2670 suam
516 2623 590 2671 non
611 2597 729 2670 solum
752 2600 906 2689 tristem,
932 2595 993 2670 sed
1010 2603 1114 2669 etiam
1130 2589 1411 2670 erubescendam
1431 2613 1529 2688 rata,
1554 2589 1614 2669 bis

290 2720 527 2820 navigationi,
560 2718 710 2818 perinde
734 2747 776 2794 ec
807 2745 969 2820 pugnam
991 2720 1217 2810 conlectura,
1259 2715 1612 2793 laxamentumdm

291 2859 416 2918 conata
439 2859 499 2917 est
550 2845 660 2942 igitur
675 2841 857 2935 Absalon,
883 2867 1093 2943 quanquam
1117 2843 1165 2916 ab
1187 2833 1309 2914 amicis
1327 2858 1467 2916 caeteroe
1488 2842 1610 2918 classis

290 2965 485 3042 adventum
503 2968 663 3064 opperiri
678 2985 874 3068 rogaretur,
899 2965 998 3041 nulla
1020 2989 1063 3038 ex
1078 2983 1181 3064 parte
1195 2981 1334 3040 cessato
1349 2966 1500 3065 remigio
1513 2988 1612 3064 pro-

289 3087 391 3188 gredi
407 3089 752 3188 perseveravit,plus
768 3089 926 3164 bostium
941 3087 1177 3186 trepidatione
1193 3113 1303 3188 quam
1318 3081 1614 3162 sociorumanri·

288 3210 345 3284 liis
364 3210 538 3289 utendum
556 3213 750 3310 praefatus.
790 3218 875 3326 Quo
900 3217 1064 3313 cognito,
1090 3211 1206 3286 Sclavi
1222 3233 1365 3285 summa
1383 3235 1465 3283 cum
1482 3216 1611 3283 erani-

287 3339 444 3411 matione
469 3351 604 3408 metum
627 3337 755 3454 rubori
782 3321 1035 3435 praetulerunt,
1067 3353 1251 3436 navesque
1277 3351 1382 3426 suaa,
1413 3355 1506 3432 quo
1503 3331 1613 3431 lugo

287 3457 481 3534 habiliores
498 3475 626 3551 essent,
653 3483 750 3530 arma
767 3473 802 3531 et
820 3483 936 3557 equos
953 3461 989 3532 in
1005 3458 1225 3557 profundum
1240 3453 1458 3556 abjiciendo,
1482 3461 1616 3530 oneri-

285 3583 358 3658 bus
373 3580 618 3658 vacuefacere
610 3599 830 3692 coeperunt.
885 3588 1009 3655 Acrius
1031 3581 1159 3654 deinde
1180 3581 1446 3656 converberato
1464 3579 1610 3679 pelago,

228 3739 236 3752 ·
285 3711 424 3801 Panum
443 3729 585 3779 amnem
599 3723 837 3804 perseverate
853 3705 949 3807 fugae
965 3704 1236 3804 receptaculum
1250 3697 1482 3777 habueruut·
1503 3705 1610 3794 Quos

285 3829 447 3906 Absalou
472 3855 516 3904 eo
535 3853 653 3926 usque
677 3852 792 3903 vacuo
818 3832 1051 3904 cunctationis
1066 3830 1215 3928 remigio
1231 3833 1431 3918 insecutus,
1457 3848 1608 3924 vespera

285 3951 488 4044 adsuetos,
514 3955 579 4052 qui
601 3950 736 4049 praedae
752 3953 1008 4047 incubuerant,
1032 3956 1183 4028 revertit.
1235 3949 1345 4048 Cujus
1363 3974 1409 4023 ue
1426 3951 1609 4048 particeps

284 4075 434 4178 quidem
450 4079 529 4151 lore
546 4081 722 4168 sustinuit,
748 4074 901 4176 gloriam
915 4077 962 4152 ad
976 4101 1035 4166 se,
1060 4074 1177 4174 spolia
1190 4072 1237 4148 ad
1254 4073 1383 4148 milites
1403 4069 1609 4146 redundare

327 4399 342 4440 ¹
363 4409 538 4468 Terrestrem
556 4399 646 4490 cepit]
667 4404 711 4464 lta
725 4400 773 4464 ed.
787 4403 911 4486 puste-
975 4399 1085 4490 quihus
1111 4401 1192 4464 Saxo
1214 4396 1372 4482 Bagislrri
1393 4393 1504 4460 militet
1523 4391 1610 4458 alili·

282 4509 413 4598 pbanins
430 4509 552 4598 scripsit
571 4515 674 4598 coepit.
975 4521 1041 4574 ctos
1063 4505 1148 4586 dicit,
1160 4504 1236 4594 'lere
1251 4522 1363 4572 ¹curares
1382 4513 1550 4566 enumerat.

328 4619 526 4681 ²Dr'seursum
544 4615 658 4695 babuit]
673 4614 840 4696 Arnoldtrq
858 4616 912 4702 qui
1021 4618 1184 4702 3(ὶιιίιιᾳιιιι
1202 4638 1238 4676 ac
1259 4616 1386 4696 trigenta
1405 4607 1547 4698 delapsis]
1567 4610 1605 4672 ln

282 4721 396 4788 exitum
418 4721 509 4806 hujus
529 4724 641 4810 proelii
661 4723 797 4788 breviter
817 4743 912 4808 expo·
974 4720 1045 4786 hiat.
1065 4721 1165 4804 Ilnytl.
1183 4720 1203 4782 l.
1216 4739 1243 4782 c.
1258 4719 1490 4804 ‚qunquaginta
1510 4733 1609 4784 neree

280 4831 327 4896 nit
342 4830 363 4896 l.
375 4833 426 4914 111,
446 4851 513 4916 cap.
526 4827 556 4910 7,
577 4829 697 4896 easdem
714 4832 911 4920 calamitates,
975 4830 1103 4898 erarius
1123 4827 1275 4894 dicuntur·
1303 4889 1308 4894 .
