3524 5460
359 291 434 363 660
691 285 867 358 tttstott.
881 287 987 356 DAN.
1005 286 1143 357 LIBER
1161 288 1252 401 ΧΝ.

309 495 421 570 altum
437 517 556 593 usque
571 493 764 592 pern-aeds,
796 493 927 565 tuttam
943 493 1047 565 tacite
1062 485 1502 591 petivit⁸Haraldumque
1525 492 1628 591 apud

309 621 530 719 Scypetorp²
551 618 673 690 vicum
686 630 901 689 nocturum
921 614 1171 712 superstitibus
1186 613 1267 688 filiis
1291 617 1536 712 interceptum,
1561 614 1626 688 di-

309 741 446 831 luculo,
467 738 628 814 conclavi
648 753 853 830 extractum,
886 737 1028 836 absque
1050 754 1217 834 respectu
1232 737 1456 812 fraternitatis
1479 734 1625 836 capitali

308 861 485 964 supplicio
501 859 621 934 affecit.
663 865 716 932 Ex
733 861 867 960 quibus
883 859 1027 951 Olarus,
1042 858 1203 933 clausum
1218 865 1325 934 armis
1339 857 1546 934 cubiculum
1561 862 1624 934 vi-

309 989 411 1078 deuS,
436 1001 569 1058 mumta
587 1009 671 1058 oum
693 983 849 1058 foeminis
871 1000 987 1074 veste,
1021 982 1211 1056 salutarem
1237 987 1328 1056 inter
1348 980 1469 1055 hostes
1494 1005 1624 1080 egres-

309 1139 390 1187 sum
417 1109 552 1183 habuit.
621 1112 675 1179 Ea
698 1123 906 1206 tempestate
929 1105 1109 1178 Haraldus
1134 1109 1312 1202 Norvagia
1339 1103 1487 1202 pulsus,
1513 1120 1552 1176 ut
1574 1105 1623 1178 ab

309 1235 416 1306 Erico
431 1228 567 1329 aliquid
585 1231 713 1303 virium
730 1228 969 1317 contraheret,
1001 1228 1037 1298 in
1052 1230 1204 1300 Daniam
1226 1226 1445 1327 pervehitur.
1507 1229 1624 1318 Quem

308 1353 496 1428 Ericusob
507 1351 669 1426 relictum
679 1352 726 1424 ab
742 1356 821 1451 ejus
837 1351 969 1424 aemnlo
984 1351 1245 1422 matrimonium
1260 1349 1462 1448 supplicem
1479 1353 1625 1446 recepit,

310 1479 546 1575 oblatumque
564 1476 633 1548 sibi
656 1478 859 1573 speciosum
876 1497 1016 1572 pugnae
1032 1471 1173 1545 titulum
1193 1476 1354 1573 gavisus,
1387 1470 1520 1544 auxiliis
1537 1497 1627 1546 eum

309 1605 481 1702 prosequi
498 1600 628 1671 statuit.
689 1597 869 1670 Haraldus
889 1611 1026 1687 auteur,
1061 1611 1207 1693 excepta
1228 1593 1455 1684 liberalitate,
1486 1591 1626 1666 nullam

311 1724 419 1798 animi
431 1721 506 1794 fere
523 1718 645 1792 dotem
667 1718 827 1818 adeptus,
846 1719 973 1792 crebra
989 1724 1147 1816 corporis
1163 1722 1291 1791 virtute
1305 1715 1473 1813 pollebat
1540 1717 1625 1788 Cu·-

311 1849 371 1946 jus
388 1842 526 1918 viribus
542 1842 654 1916 fretus
669 1840 768 1940 apud
787 1840 1008 1940 Helsyngarn
1034 1839 1223 1937 oppidum,
1241 1842 1393 1937 pignore
1408 1864 1492 1910 curn
1517 1841 1624 1912 Erico

311 1969 451 2068 posito,
477 1990 522 2036 an
546 1990 630 2036 cum
653 1963 845 2038 lectissimis
866 1966 943 2062 ejus
960 1966 1062 2061 equis
1086 1988 1193 2036 cursu
1212 1958 1424 2032 contendere
1439 1964 1626 2060 potuisset,

313 2089 461 2164 duobus
476 2096 510 2160 in
527 2104 703 2160 certamen
720 2087 893 2175 admissis,
915 2101 1072 2183 utroque
1089 2103 1219 2157 metam
1242 2087 1343 2183 prior
1362 2090 1481 2158 tenuit.
1544 2088 1625 2158 Ge-

313 2215 417 2287 minis
429 2209 604 2310 siqnidem
626 2211 715 2282 inter
729 2208 945 2284 currendum
969 2207 1107 2282 bacillis
1134 2208 1291 2296 innixus,
1327 2205 1461 2279 crebris
1488 2231 1626 2305 corpus

312 2335 463 2412 saltibus
479 2333 690 2406 concitabat.
739 2331 848 2406 Aliud
865 2357 1015 2432 quoque
1029 2332 1201 2404 inusitatae
1227 2328 1407 2428 agilitatis²
1428 2347 1626 2426 spectacu-

311 2459 389 2530 lum
414 2455 520 2530 edere
550 2472 788 2531 consueverat
858 2458 961 2553 Saepe
985 2459 1114 2528 etenim
1132 2459 1221 2526 inter
1241 2436 1484 2550 navigaridum
1507 2461 1628 2553 puppi

313 2580 469 2655 exiliens.
484 2585 520 2651 in
548 2602 693 2677 proram
709 2603 776 2676 per
796 2594 916 2650 exerta
931 2604 1111 2651 remorum
1130 2580 1245 2674 capita
1262 2573 1481 2669 decucurrit,
1516 2575 1626 2650 inde-

314 2731 388 2806 que
412 2728 520 2776 oursu
544 2707 580 2772 in
606 2697 703 2774 aliud
726 2701 854 2799 navigii
879 2699 970 2774 latus
993 2699 1146 2787 reflexo,
1170 2723 1237 2797 per
1260 2696 1421 2795 reliquos
1442 2722 1628 2773 remorum

314 2825 456 2901 ordines
481 2823 613 2914 locum,
636 2848 713 2923 quo
737 2839 953 2915 excesserat,
983 2823 1158 2920 repetivit.
1212 2822 1282 2913 Qui
1313 2822 1344 2893 si
1367 2845 1492 2919 parem
1517 2824 1627 2896 animi
1697 2869 1702 2876 ·

313 2951 481 3024 virtutem
502 2971 523 3018 a
537 2960 664 3019 natura
680 2950 850 3032 traxisset,
875 2970 1107 3044 nequaquam
1123 2969 1162 3018 se
1181 2949 1270 3016 inter
1286 2935 1472 3042 amplexus
1488 2945 1628 3045 pellicis

313 3068 446 3142 aemulo
460 3067 690 3142 obruendum
704 3040 883 3142 dedisset*
920 3069 1011 3140 Huic
1025 3070 1153 3142 Ericus
1170 3072 1305 3142 tametsi
1323 3055 1490 3166 opitulari
1506 3067 1628 3160 vellet,

314 3190 447 3268 Sclavis
461 3189 690 3264 domesticam
703 3213 832 3290 pacem
847 3189 1163 3290 interpellantibus,
1180 3193 1349 3300 'animum
1366 3213 1479 3290 opere
1502 3193 1626 3266 comi-

313 3317 381 3390 tari
399 3315 595 3415 nequiviti.

359 3601 559 3694 ²Scypatorp]
578 3607 679 3670 Sveno
701 3603 839 3692 dggonis
866 3607 942 3672 scri·
1041 3611 1219 3672 'Inusitata
1233 3605 1393 3694 agilitatis]
1415 3606 1545 3690 agilitas
1562 3611 1632 3671 Ha·

312 3711 370 3792 hit,
396 3710 566 3776 Haraldum
587 3710 620 3772 in
642 3711 737 3774 reteri
759 3711 831 3777 sede
855 3713 941 3797 regia
995 3711 1073 3777 raldi
1087 3713 1167 3778 Gille
1183 3715 1353 3777 celebratur
1373 3715 1405 3776 in
1427 3713 1555 3777 historia
1575 3735 1636 3778 re·

313 3815 395 3904 apud
415 3818 519 3902 ialing
532 3815 628 3896 (nunc
644 3817 783 3903 Jellr'nge)
803 3837 939 3882 cummo-
996 3841 1067 3904 gum
1080 3825 1213 3905 Norr'eg.
1234 3823 1294 3886 rol.
1316 3825 1356 3884 lll
1369 3843 1400 3906 p.
1415 3815 1562 3882 282283.

312 3937 413 3990 return
436 3921 537 3987 luisse.
586 3922 734 3989 Sericum
754 3926 873 3988 Saxone
892 3924 938 3988 la·

314 4033 357 4096 cit
386 4031 555 4096 chronicon
581 4029 778 4094 Rostitdense
811 4029 937 4113 (Script.
1041 4034 1200 4096 ³An'mum
1218 4055 1303 4119 opere
1324 4036 1461 4124 comt'tfr'
1479 4033 1639 4117 nequiuit]

312 4157 372 4202 rer.
391 4141 470 4202 Dan.
482 4139 544 4202 vol.
564 4141 578 4200 1
598 4161 630 4224 p.
648 4132 733 4220 384).
780 4138 873 4198 Hune
893 4136 938 4197 lo·
995 4141 1106 4204 Narrat
1121 4136 1541 4214 SnorroStbrlaeus,Ericum
1561 4143 1645 4202 Ha-

314 4264 383 4307 cum
416 4244 626 4332 Langebelrius
661 4241 809 4305 existimat
845 4239 939 4304 fuisse
993 4244 1081 4308 raldo
1103 4244 1274 4310 Hallandiae
1291 4241 1507 4330 praefecturam
1527 4241 1644 4312 feudo

313 4350 418 4413 villam
434 4349 542 4414 deinde
560 4351 657 4414 Slibet
680 4347 801 4428 dictam,
823 4347 871 4410 cui
886 4347 938 4410 ad·
996 4353 1177 4414 concessisse
1204 4365 1239 4414 et
1266 4363 1337 4413 octo
1365 4370 1456 4413 nares
1486 4349 1653 4436 bellicas,

193 4513 195 4516 .
313 4454 393 4538 jacet
407 4455 555 4540 praedium
569 4457 682 4537 nobile,
702 4457 776 4520 olim
789 4455 872 4518 curia
893 4473 942 4518 re·
998 4471 1147 4542 apparatu
1172 4471 1275 4520 tamen
1301 4457 1423 4520 nautico
1452 4456 1657 4542 destitutas,

315 4561 374 4646 gia,
389 4565 583 4627 Horoldslier
597 4561 678 4627 dicta
691 4561 765 4643 (rid.
781 4574 845 4625 not.
858 4565 938 4625 Lan-
996 4561 1122 4626 donasse
1136 4557 1210 4645 (vol.
1224 4566 1265 4626 111
1278 4585 1309 4648 p.
1328 4561 1408 4656 3903
1428 4561 1508 4627 cuir.
1528 4565 1661 4650 linyt-

314 4667 383 4754 gab.
393 4667 432 4731 ad
446 4670 548 4734 locum
560 4679 591 4733 et
605 4669 738 4734 Atlantis
751 4669 861 4737 Danici
876 4669 937 4736 rol.
994 4667 1147 4754 liugasaga
1159 4665 1288 4756 1³:343).

238 4861 252 4880 ,
312 4771 494 4862 aptet).
