3508 5460
581 291 908 368 wanburmtttts
932 295 958 366 1.
1300 297 1375 376 785

117 527 186 604 qne
201 505 297 598 dnn,
322 527 408 580 cnm
423 502 540 598 larius,
562 503 812 580 crebrescente
834 503 1004 604 snmigio,
1028 501 1143 578 facem
1159 507 1307 608 oppidis
1328 511 1427 588 sub-

119 630 247 727 jectam
273 643 528 727 agnoscerent,
553 627 681 703 similia
704 624 1007 720 arbitrareris,
1033 627 1218 703 confestim
1235 656 1429 736 expugna-

117 752 199 824 tioni
219 748 426 826 incendium
448 747 674 826 addiderunt.
735 752 826 844 Qum
845 773 903 824 res
926 749 1126 824 incredibili
1149 779 1273 854 regem
1292 781 1429 859 angore

117 879 301 974 permovit.
352 875 546 973 interjectis
560 869 700 963 diebus,
721 899 807 948 cum
821 875 952 964 Caesar,
971 897 1080 971 quem
1096 874 1259 952 vindictae
1276 877 1429 955 modum

118 997 392 1096 abiaguntinis,
417 999 554 1096 proprii
568 995 745 1095 pontificis
767 995 1088 1092 interfectoribus¹,
1108 1002 1248 1099 exigere
1270 997 1429 1096 deberet,

117 1119 150 1192 in
175 1123 349 1194 concione
372 1122 613 1220 perquireret,
640 1117 908 1212 Waldemarns,
932 1121 1051 1192 iterata
1068 1123 1253 1219 superiore
1270 1122 1429 1220 querela,

117 1245 217 1342 equis
232 1266 375 1316 annona
397 1240 553 1332 desectis,
573 1239 754 1316 renalium
776 1241 1024 1316 alimentorum
1038 1241 1197 1318 subsidio
1213 1247 1428 1344 postulabat.

117 1371 160 1440 At
176 1371 315 1460 Caesar,
336 1367 647 1464 circumjacentem
664 1367 888 1466 provinciam
904 1367 1068 1466 conjugis
1083 1390 1160 1440 auae
1176 1370 1430 1466 patrimonium

118 1511 192 1564 esse
217 1503 387 1582 testatus,
411 1489 545 1564 srustra
565 1511 650 1562 eum
671 1503 796 1586 emptu
818 1486 983 1562 affectare
1010 1486 1171 1580 dicebat,
1197 1487 1298 1589 quod
1322 1509 1430 1592 raptu

120 1627 236 1710 petere
258 1609 451 1686 licuisset².
503 1614 633 1686 Contra
656 1608 917 1703 Waldemarus,
928 1636 1051 1713 regem
1067 1633 1117 1703 se,
1130 1635 1204 1686 non
1220 1611 1430 1710 predonem

116 1757 192 1808 esne
206 1732 446 1833 proclamans,
462 1731 681 1808 dommeatus
706 1733 892 1808 latrocinio
914 1737 1147 1834 quaesiturum
1162 1734 1330 1836 negabat,
1357 1753 1431 1831 ant,

118 1857 216 1957 quod
231 1857 328 1933 dorni
344 1861 507 1958 iniquum
524 1855 672 1948 duxerit,
695 1855 797 1955 apud
812 1871 949 1934 exteros
965 1858 1261 1959 approbaturum.
1300 1861 1431 1954 Quan-

119 2006 227 2081 quam
250 1983 345 2054 enim
369 1977 547 2078 ejusmodi
575 1979 743 2054 violentia
770 1980 976 2054 necessitate
1000 1980 1215 2056 excusabilis
1240 1979 1431 2078 uideretur,

118 2105 298 2204 permissis
321 2103 372 2176 uti
394 2125 525 2201 passus
546 2127 620 2176 non
638 2119 709 2194 est,
734 2127 779 2176 ne
800 2100 1005 2178 domesticae
1028 2109 1200 2202 requitatis
1219 2121 1431 2180 muneretu-

119 2225 235 2300 dinem
249 2227 438 2326 peregrina
452 2230 653 2300 austeritate
666 2242 924 2324 corrumperet.
978 2228 1092 2325 Cujus
1106 2228 1327 2302 sanctitatem
1341 2231 1431 2304 nni·-

119 2351 209 2422 versi
226 2350 425 2422 Germaniae
449 2351 628 2448 principes
651 2354 807 2422 maximo
834 2347 965 2446 plausu
992 2347 1291 2446 comprobantes,
1316 2375 1431 2452 seque

118 2487 239 2545 mutua
253 2467 486 2545 admiratione
501 2473 654 2546 invicem
679 2487 896 2562 contuentes,
914 2471 1040 2546 beatos
1057 2471 1211 2570 ajebant,
1238 2499 1332 2573 qnos
1347 2476 1431 2548 tanti

118 2596 183 2668 riri
200 2596 381 2694 integritas
396 2593 572 2692 regendos
588 2609 737 2667 curaret.
797 2595 877 2687 Qua
892 2591 1001 2666 laude
1018 2600 1165 2668 tacitum
1179 2621 1322 2669 morum
1338 2619 1432 2670 suo-

118 2743 197 2792 rurn
215 2717 430 2817 vituperium
447 2713 642 2789 ediderunt.
692 2716 846 2791 Dimisso
865 2718 986 2815 itaque
999 2741 1104 2818 rege,
1129 2725 1309 2794 Caesarcm
1324 2721 1431 2792 Herr-

117 2849 211 2916 ricus
228 2840 364 2915 hortari
386 2841 513 2942 caepit,
536 2837 695 2914 redituro
715 2844 792 2939 regi
816 2844 993 2938 impensas
1014 2839 1188 2940 expediat,
1208 2866 1328 2941 neque
1347 2867 1433 2918 eum

116 2963 362 3064 hospitalitatis
380 2987 455 3037 suae
474 2980 656 3062 expertem
680 2961 844 3054 dimittat,
870 2965 977 3064 cujus
999 2967 1110 3062 patria
1126 2967 1229 3064 quasi
1243 2989 1434 3040 commone

116 3087 338 3162 advenarum
364 3083 558 3184 hospitium
583 3087 728 3160 existere
753 3085 872 3160 soleat
934 3085 1041 3179 Quod
1060 3085 1298 3164 Caesarfacile
1319 3087 1432 3186 polli-

115 3211 215 3303 citus,
238 3233 368 3308 parum
386 3225 552 3284 executus
568 3225 630 3283 est.
669 3209 850 3282 ‘Pontifex
869 3231 956 3286 vero
976 3213 1207 3314 Magantinus
1222 3209 1433 3285 humanita-

158 3504 384 3587 ¹Mngarrtriris,
393 3507 515 3592 proprii
526 3505 677 3592 pontificis
699 3509 744 3568 ia·
801 3518 851 3570 ter
868 3504 985 3592 punita.
1005 3503 1154 3586 (Raumer
1167 3503 1350 3571 Geacbiclrte
1377 3505 1432 3569 der·

115 3605 335 3695 terfectoribus]
370 3613 491 3695 tragus
522 3609 555 3672 in
583 3609 658 3676 urbe
677 3615 745 3676 Mo·
802 3609 1035 3676 Hobenrtanfea
1054 3617 1142 3677 Tam.
1159 3611 1177 3677 1
1197 3635 1230 3700 p.
1246 3605 1432 3687 tta-178).

111 3715 221 3802 guntin
235 3715 339 3778 turba
362 3713 473 3782 dlutius
496 3715 674 3800 viguerant,
695 3720 742 3783 ia·
854 3721 970 3806 'Quod
984 3736 1074 3806 raptu
1090 3737 1192 3809 petere
1213 3715 1356 3798 Ir'cnr'sset]
1376 3718 1433 3781 bli-

111 3837 162 3886 ter·
191 3841 268 3909 qaas
295 3821 542 3908 archiepiscopos
577 3825 744 3908 Arooldua,
802 3845 872 3888 rum
893 3824 1084 3910 imperatoris
1108 3843 1307 3911 responsam,
1333 3823 1434 3908 aliqm

111 3931 167 4018 qni
187 3952 207 3994 a
229 3943 317 4016 parte
345 3927 539 4012 imperatoris
561 3943 704 4013 steterat,
726 3954 744 3996 a
805 3933 914 3996 saltem
930 3951 967 3996 ex
991 3943 1091 4018 parte,
1105 3931 1263 3996 illustrant
1275 3929 1434 4017 sequentia

109 4035 232 4102 ciribnr
249 4036 357 4099 misere
378 4031 481 4099 iuerat
500 4036 670 4102 trucidatus
693 4062 745 4103 nn·
805 4038 871 4122 ejus
889 4037 1002 4118 rerba,
1021 4059 1090 4122 qnae
1113 4048 1232 4102 exstem
1251 4036 1285 4100 in
1305 4033 1435 4121 epistola

108 4163 151 4208 no
168 4137 264 4206 1160.
288 4141 370 4206 Huic
384 4141 445 4207 dno
461 4160 649 4206 racoenorer
665 4165 745 4208 anno
803 4145 1019 4209 convocatorin
1040 4143 1166 4230 singulis
1199 4141 1435 4229 archiepiscopis

107 4248 255 4335 sequenti
270 4249 453 4327 electirnnt,
467 4268 598 4334 quomrn
616 4262 745 4338 uterque
804 4251 894 4314 missa
925 4253 972 4330 (in
994 4251 1102 4316 Manaii
1130 4249 1258 4318 collect·
1279 4247 1435 4314 concilior.

106 4355 304 4420 ammonem
321 4354 480 4418 electionis
502 4373 565 4418 enar
592 4354 652 4420 lroc
676 4357 745 4442 ipso
801 4353 1270 4444 Tom.1x1p.11dd)=13tqmir
1283 4355 1437 4420 sinadam

105 4473 257 4548 tempore
271 4461 414 4526 obtinere
429 4460 581 4526 studebat.
632 4465 748 4528 Neuter
806 4465 923 4528 cautela
947 4487 1006 4527 noa
1033 4482 1131 4541 aocet,
1150 4467 1258 4532 mriiter
1279 4469 1344 4537 rai,
1364 4485 1437 4550 quer

104 4587 222 4634 eornm
259 4582 327 4633 tnrrr
362 4570 573 4656 episcopatum
604 4567 748 4633 obtinuit.
807 4585 901 4634 terrem
924 4571 1064 4646 adduces,
1086 4575 1177 4636 ormr‘s
1196 4585 1227 4635 et
1247 4571 1357 4660 clypeis
1375 4574 1437 4633 sint

101 4677 206 4742 Anno
226 4677 376 4762 sequenti,
390 4677 444 4763 qui
461 4675 576 4740 eadem
590 4688 749 4762 perpetra·
806 4679 914 4744 muniti
917 4703 930 4753 ,·
949 4683 1067 4768 r'irsup‘er
1077 4683 1208 4744 tentoria
1219 4675 1351 4762 deserar,
1366 4677 1436 4763 qaia

98 4795 241 4864 amant,
262 4783 396 4849 comitiis
428 4783 598 4870 Magantia
625 4782 749 4865 babilis,
803 4802 927 4874 propter
953 4785 1104 4852 hararum
1130 4792 1284 4852 raritatem
1307 4798 1437 4849 mussa·

95 4889 284 4978 proscripti
297 4901 370 4956 aunt
383 4901 415 4956 et
430 4901 498 4956 tota
513 4887 619 4958 ciritae
633 4891 749 4960 sarmi-
806 4903 889 4960 sorr'a
908 4913 1002 4960 eruar.
