<?xml version="1.0" encoding="UTF-8"?>
<!DOCTYPE html PUBLIC "-//W3C//DTD XHTML 1.0 Transitional//EN"
    "http://www.w3.org/TR/xhtml1/DTD/xhtml1-transitional.dtd">
<html xmlns="http://www.w3.org/1999/xhtml" xml:lang="en" lang="en">
 <head>
  <title>
</title>
<meta http-equiv="Content-Type" content="text/html;charset=utf-8" />
  <meta name='ocr-system' content='tesseract 3.04.00' />
  <meta name='ocr-capabilities' content='ocr_page ocr_carea ocr_par ocr_line ocrx_word'/>
</head>
<body>
  <div class='ocr_page' id='page_1' title='image "./historiadanica01velsgoog_0089.png"; bbox 0 0 3582 5466; ppageno 0'>
   <div class='ocr_carea' id='block_1_1' title="bbox 372 307 1271 404">
    <p class='ocr_par' dir='ltr' id='par_1_1' title="bbox 372 307 1271 404">
     <span class='ocr_line' id='line_1_1' title="bbox 372 307 1271 404; baseline -0.002 -22"><span class='ocrx_word' id='word_1_1' title='bbox 372 311 447 384; x_wconf 79' lang='lat'>626</span> <span class='ocrx_word' id='word_1_2' title='bbox 700 309 875 382; x_wconf 84' lang='lat' dir='ltr'><strong>HISTOR.</strong></span> <span class='ocrx_word' id='word_1_3' title='bbox 889 309 1003 404; x_wconf 64' lang='lat' dir='ltr'>flnttt.</span> <span class='ocrx_word' id='word_1_4' title='bbox 1019 309 1158 382; x_wconf 84' lang='lat' dir='ltr'>LIBER</span> <span class='ocrx_word' id='word_1_5' title='bbox 1175 307 1271 382; x_wconf 73' lang='lat' dir='ltr'>lxm.</span> 
     </span>
    </p>
   </div>
   <div class='ocr_carea' id='block_1_2' title="bbox 214 517 1774 4428">
    <p class='ocr_par' dir='ltr' id='par_1_2' title="bbox 214 517 1774 4428">
     <span class='ocr_line' id='line_1_2' title="bbox 323 517 1639 622; baseline 0.002 -28"><span class='ocrx_word' id='word_1_6' title='bbox 323 524 372 596; x_wconf 92' lang='lat' dir='ltr'>eis</span> <span class='ocrx_word' id='word_1_7' title='bbox 392 519 500 612; x_wconf 91' lang='lat' dir='ltr'>bellu,</span> <span class='ocrx_word' id='word_1_8' title='bbox 526 521 663 622; x_wconf 88' lang='lat' dir='ltr'>quibus</span> <span class='ocrx_word' id='word_1_9' title='bbox 677 519 859 618; x_wconf 87' lang='lat' dir='ltr'>praecipue</span> <span class='ocrx_word' id='word_1_10' title='bbox 876 517 1016 592; x_wconf 80' lang='lat' dir='ltr'>Solaria</span> <span class='ocrx_word' id='word_1_11' title='bbox 1031 517 1242 610; x_wconf 78' lang='lat' dir='ltr'>vexabatur,</span> <span class='ocrx_word' id='word_1_12' title='bbox 1266 517 1423 594; x_wconf 85' lang='lat' dir='ltr'>liliorum</span> <span class='ocrx_word' id='word_1_13' title='bbox 1449 520 1639 597; x_wconf 67' lang='lat' dir='ltr'>mutnus</span> 
     </span>
     <span class='ocr_line' id='line_1_3' title="bbox 323 638 1638 743; baseline 0.001 -27"><span class='ocrx_word' id='word_1_14' title='bbox 323 641 527 734; x_wconf 84' lang='lat' dir='ltr'>diffidebat,</span> <span class='ocrx_word' id='word_1_15' title='bbox 552 640 748 738; x_wconf 74' lang='lat' dir='ltr'><strong>maluitque</strong></span> <span class='ocrx_word' id='word_1_16' title='bbox 764 655 946 714; x_wconf 87' lang='lat' dir='ltr'>maturum</span> <span class='ocrx_word' id='word_1_17' title='bbox 969 639 1178 715; x_wconf 85' lang='lat' dir='ltr'>fortitudine</span> <span class='ocrx_word' id='word_1_18' title='bbox 1203 638 1387 718; x_wconf 77' lang='lat' dir='ltr'>heredem</span> <span class='ocrx_word' id='word_1_19' title='bbox 1407 644 1638 743; x_wconf 72' lang='lat' dir='ltr'>circumpe-</span> 
     </span>
     <span class='ocr_line' id='line_1_4' title="bbox 322 761 1638 861; baseline 0.002 -23"><span class='ocrx_word' id='word_1_20' title='bbox 322 781 376 838; x_wconf 76' lang='lat' dir='ltr'>&#39;cta</span> <span class='ocrx_word' id='word_1_21' title='bbox 396 765 529 840; x_wconf 84' lang='lat' dir='ltr'>arbitrii</span> <span class='ocrx_word' id='word_1_22' title='bbox 545 770 600 838; x_wconf 88' lang='lat' dir='ltr'>sui</span> <span class='ocrx_word' id='word_1_23' title='bbox 615 761 775 836; x_wconf 86' lang='lat' dir='ltr'>libertate</span> <span class='ocrx_word' id='word_1_24' title='bbox 789 766 1022 856; x_wconf 80' lang='lat' dir='ltr'><strong>consciscere,</strong></span> <span class='ocrx_word' id='word_1_25' title='bbox 1039 787 1151 861; x_wconf 84' lang='lat' dir='ltr'>quam</span> <span class='ocrx_word' id='word_1_26' title='bbox 1167 763 1244 838; x_wconf 90' lang='lat' dir='ltr'>sub</span> <span class='ocrx_word' id='word_1_27' title='bbox 1261 761 1424 858; x_wconf 87' lang='lat' dir='ltr'>naturali,</span> <span class='ocrx_word' id='word_1_28' title='bbox 1448 765 1515 840; x_wconf 88' lang='lat' dir='ltr'>sed</span> <span class='ocrx_word' id='word_1_29' title='bbox 1530 768 1638 840; x_wconf 82' lang='lat' dir='ltr'>inva-</span> 
     </span>
     <span class='ocr_line' id='line_1_5' title="bbox 323 884 1638 988; baseline 0.001 -26"><span class='ocrx_word' id='word_1_30' title='bbox 323 889 418 982; x_wconf 90' lang='lat' dir='ltr'>lido,</span> <span class='ocrx_word' id='word_1_31' title='bbox 441 887 691 988; x_wconf 81' lang='lat' dir='ltr'>patrimonium</span> <span class='ocrx_word' id='word_1_32' title='bbox 705 889 832 960; x_wconf 85' lang='lat' dir='ltr'>exteris</span> <span class='ocrx_word' id='word_1_33' title='bbox 858 884 1131 986; x_wconf 89' lang='lat' dir='ltr'>pervadendum</span> <span class='ocrx_word' id='word_1_34' title='bbox 1157 885 1373 986; x_wconf 89' lang='lat' dir='ltr'>relinquere.</span> <span class='ocrx_word' id='word_1_35' title='bbox 1430 889 1517 962; x_wconf 85' lang='lat' dir='ltr'>llaec</span> <span class='ocrx_word' id='word_1_36' title='bbox 1540 887 1638 963; x_wconf 84' lang='lat' dir='ltr'>olle-</span> 
     </span>
     <span class='ocr_line' id='line_1_6' title="bbox 322 1009 1637 1106; baseline -0.001 -20"><span class='ocrx_word' id='word_1_37' title='bbox 322 1029 459 1086; x_wconf 92' lang='lat' dir='ltr'>rentem</span> <span class='ocrx_word' id='word_1_38' title='bbox 471 1014 631 1084; x_wconf 81' lang='lat' dir='ltr'>Currutus</span> <span class='ocrx_word' id='word_1_39' title='bbox 646 1011 834 1106; x_wconf 87' lang='lat' dir='ltr'>impietatis</span> <span class='ocrx_word' id='word_1_40' title='bbox 843 1009 912 1081; x_wconf 92' lang='lat' dir='ltr'>sibi</span> <span class='ocrx_word' id='word_1_41' title='bbox 925 1025 1046 1082; x_wconf 89' lang='lat' dir='ltr'>notam</span> <span class='ocrx_word' id='word_1_42' title='bbox 1055 1012 1318 1084; x_wconf 88' lang='lat' dir='ltr'>immerentium</span> <span class='ocrx_word' id='word_1_43' title='bbox 1332 1009 1532 1086; x_wconf 88' lang='lat' dir='ltr'>liberorum</span> <span class='ocrx_word' id='word_1_44' title='bbox 1541 1037 1637 1086; x_wconf 93' lang='lat' dir='ltr'>con-</span> 
     </span>
     <span class='ocr_line' id='line_1_7' title="bbox 319 1129 1637 1232; baseline 0.002 -24"><span class='ocrx_word' id='word_1_45' title='bbox 319 1147 458 1232; x_wconf 88' lang='lat' dir='ltr'>temptu</span> <span class='ocrx_word' id='word_1_46' title='bbox 474 1139 674 1232; x_wconf 85' lang='lat' dir='ltr'>pariturum</span> <span class='ocrx_word' id='word_1_47' title='bbox 692 1129 854 1224; x_wconf 87' lang='lat' dir='ltr'>affirmat,</span> <span class='ocrx_word' id='word_1_48' title='bbox 874 1156 987 1230; x_wconf 91' lang='lat' dir='ltr'>seque</span> <span class='ocrx_word' id='word_1_49' title='bbox 1002 1148 1075 1204; x_wconf 90' lang='lat' dir='ltr'>tam</span> <span class='ocrx_word' id='word_1_50' title='bbox 1089 1133 1230 1229; x_wconf 88' lang='lat' dir='ltr'>injustis</span> <span class='ocrx_word' id='word_1_51' title='bbox 1247 1135 1326 1232; x_wconf 87' lang='lat' dir='ltr'>ejus</span> <span class='ocrx_word' id='word_1_52' title='bbox 1341 1135 1527 1232; x_wconf 86' lang='lat' dir='ltr'>promissis</span> <span class='ocrx_word' id='word_1_53' title='bbox 1542 1159 1637 1210; x_wconf 90' lang='lat' dir='ltr'>usn-</span> 
     </span>
     <span class='ocr_line' id='line_1_8' title="bbox 321 1256 1637 1358; baseline 0.003 -30"><span class='ocrx_word' id='word_1_54' title='bbox 321 1281 402 1328; x_wconf 92' lang='lat' dir='ltr'>rum</span> <span class='ocrx_word' id='word_1_55' title='bbox 421 1271 535 1356; x_wconf 82' lang='lat' dir='ltr'>negat.</span> <span class='ocrx_word' id='word_1_56' title='bbox 593 1257 777 1328; x_wconf 87' lang='lat' dir='ltr'>Postremo</span> <span class='ocrx_word' id='word_1_57' title='bbox 794 1256 1152 1352; x_wconf 74' lang='lat' dir='ltr'>perseverantissimis</span> <span class='ocrx_word' id='word_1_58' title='bbox 1169 1257 1313 1330; x_wconf 86' lang='lat' dir='ltr'>ilenrici</span> <span class='ocrx_word' id='word_1_59' title='bbox 1333 1258 1503 1356; x_wconf 88' lang='lat' dir='ltr'>precibus</span> <span class='ocrx_word' id='word_1_60' title='bbox 1518 1283 1637 1358; x_wconf 88' lang='lat' dir='ltr'>supe-</span> 
     </span>
     <span class='ocr_line' id='line_1_9' title="bbox 321 1376 1637 1480; baseline 0.005 -30"><span class='ocrx_word' id='word_1_61' title='bbox 321 1395 430 1469; x_wconf 91' lang='lat' dir='ltr'>ratur,</span> <span class='ocrx_word' id='word_1_62' title='bbox 454 1378 632 1478; x_wconf 82' lang='lat' dir='ltr'>propositi</span> <span class='ocrx_word' id='word_1_63' title='bbox 650 1378 824 1451; x_wconf 87' lang='lat' dir='ltr'>rationem</span> <span class='ocrx_word' id='word_1_64' title='bbox 841 1401 863 1450; x_wconf 85' lang='lat' dir='ltr'>a</span> <span class='ocrx_word' id='word_1_65' title='bbox 880 1393 1044 1450; x_wconf 88' lang='lat' dir='ltr'>natorum</span> <span class='ocrx_word' id='word_1_66' title='bbox 1060 1376 1228 1450; x_wconf 87' lang='lat' dir='ltr'>socordia</span> <span class='ocrx_word' id='word_1_67' title='bbox 1245 1383 1450 1455; x_wconf 80' lang='lat' dir='ltr'>mutuantis</span> <span class='ocrx_word' id='word_1_68' title='bbox 1513 1386 1543 1453; x_wconf 83' lang='grc' dir='ltr'><strong>Α</strong></span> <span class='ocrx_word' id='word_1_69' title='bbox 1559 1407 1637 1480; x_wconf 89' lang='lat' dir='ltr'>qno</span> 
     </span>
     <span class='ocr_line' id='line_1_10' title="bbox 321 1499 1636 1603; baseline 0.001 -29"><span class='ocrx_word' id='word_1_70' title='bbox 321 1509 429 1575; x_wconf 87' lang='lat' dir='ltr'>etiam</span> <span class='ocrx_word' id='word_1_71' title='bbox 444 1501 667 1599; x_wconf 86' lang='lat' dir='ltr'>imperatoris</span> <span class='ocrx_word' id='word_1_72' title='bbox 692 1503 821 1600; x_wconf 85' lang='lat' dir='ltr'>gratia,</span> <span class='ocrx_word' id='word_1_73' title='bbox 852 1499 956 1599; x_wconf 90' lang='lat' dir='ltr'>quod</span> <span class='ocrx_word' id='word_1_74' title='bbox 979 1499 1116 1574; x_wconf 89' lang='lat' dir='ltr'>Sclavia</span> <span class='ocrx_word' id='word_1_75' title='bbox 1142 1503 1181 1574; x_wconf 93' lang='lat' dir='ltr'>in</span> <span class='ocrx_word' id='word_1_76' title='bbox 1205 1501 1286 1598; x_wconf 85' lang='lat' dir='ltr'>ejus</span> <span class='ocrx_word' id='word_1_77' title='bbox 1307 1499 1485 1577; x_wconf 84' lang='lat' dir='ltr'>beneficio</span> <span class='ocrx_word' id='word_1_78' title='bbox 1508 1513 1636 1603; x_wconf 89' lang='lat' dir='ltr'>reponi</span> 
     </span>
     <span class='ocr_line' id='line_1_11' title="bbox 321 1621 1638 1724; baseline 0.001 -26"><span class='ocrx_word' id='word_1_79' title='bbox 321 1622 520 1713; x_wconf 78' lang='lat' dir='ltr'>rideretur,</span> <span class='ocrx_word' id='word_1_80' title='bbox 560 1621 760 1696; x_wconf 79' lang='lat' dir='ltr'><strong>admodum</strong></span> <span class='ocrx_word' id='word_1_81' title='bbox 787 1647 891 1724; x_wconf 91' lang='lat' dir='ltr'>egere</span> <span class='ocrx_word' id='word_1_82' title='bbox 914 1625 1155 1723; x_wconf 68' lang='lat' dir='ltr'>permoneas,</span> <span class='ocrx_word' id='word_1_83' title='bbox 1193 1647 1328 1721; x_wconf 84' lang='lat' dir='ltr'>equum</span> <span class='ocrx_word' id='word_1_84' title='bbox 1353 1631 1384 1697; x_wconf 92' lang='lat' dir='ltr'>ei</span> <span class='ocrx_word' id='word_1_85' title='bbox 1407 1625 1525 1700; x_wconf 83' lang='lat' dir='ltr'>calces</span> <span class='ocrx_word' id='word_1_86' title='bbox 1547 1649 1638 1701; x_wconf 84' lang='lat' dir='ltr'>suro</span> 
     </span>
     <span class='ocr_line' id='line_1_12' title="bbox 322 1723 1636 1847; baseline 0 -27"><span class='ocrx_word' id='word_1_87' title='bbox 322 1745 503 1820; x_wconf 81' lang='lat' dir='ltr'>confixum</span> <span class='ocrx_word' id='word_1_88' title='bbox 518 1750 675 1820; x_wconf 87' lang='lat' dir='ltr'>muneris</span> <span class='ocrx_word' id='word_1_89' title='bbox 691 1745 775 1820; x_wconf 93' lang='lat' dir='ltr'>loco</span> <span class='ocrx_word' id='word_1_90' title='bbox 791 1749 989 1840; x_wconf 84' lang='lat' dir='ltr'>transmisit,</span> <span class='ocrx_word' id='word_1_91' title='bbox 1013 1742 1229 1847; x_wconf 86' lang='lat' dir='ltr'>donumque</span> <span class='ocrx_word' id='word_1_92' title='bbox 1243 1723 1311 1844; x_wconf 73' lang='lat' dir='ltr'>ped</span> <span class='ocrx_word' id='word_1_93' title='bbox 1326 1771 1365 1821; x_wconf 87' lang='lat' dir='ltr'>se</span> <span class='ocrx_word' id='word_1_94' title='bbox 1380 1745 1503 1822; x_wconf 90' lang='lat' dir='ltr'>habile</span> <span class='ocrx_word' id='word_1_95' title='bbox 1518 1753 1636 1822; x_wconf 89' lang='lat' dir='ltr'>inusi-</span> 
     </span>
     <span class='ocr_line' id='line_1_13' title="bbox 320 1867 1636 1968; baseline 0.003 -27"><span class='ocrx_word' id='word_1_96' title='bbox 320 1871 400 1942; x_wconf 87' lang='lat' dir='ltr'>tatis</span> <span class='ocrx_word' id='word_1_97' title='bbox 417 1867 636 1968; x_wconf 87' lang='lat' dir='ltr'>ungularum</span> <span class='ocrx_word' id='word_1_98' title='bbox 653 1875 869 1943; x_wconf 83' lang='lat' dir='ltr'>ornamentis</span> <span class='ocrx_word' id='word_1_99' title='bbox 887 1871 1071 1968; x_wconf 82' lang='lat' dir='ltr'>accipienti</span> <span class='ocrx_word' id='word_1_100' title='bbox 1091 1869 1332 1944; x_wconf 84' lang='lat' dir='ltr'>venerabilius</span> <span class='ocrx_word' id='word_1_101' title='bbox 1344 1869 1509 1944; x_wconf 80' lang='lat' dir='ltr'>reddidit.</span> <span class='ocrx_word' id='word_1_102' title='bbox 1542 1877 1636 1945; x_wconf 92' lang='lat' dir='ltr'>Cre-</span> 
     </span>
     <span class='ocr_line' id='line_1_14' title="bbox 321 1989 1638 2093; baseline 0.005 -31"><span class='ocrx_word' id='word_1_103' title='bbox 321 1989 492 2084; x_wconf 90' lang='lat' dir='ltr'>diderim,</span> <span class='ocrx_word' id='word_1_104' title='bbox 509 2005 594 2064; x_wconf 93' lang='lat' dir='ltr'>tunc</span> <span class='ocrx_word' id='word_1_105' title='bbox 615 1993 867 2090; x_wconf 84' lang='lat' dir='ltr'>imperatorem</span> <span class='ocrx_word' id='word_1_106' title='bbox 882 1990 966 2091; x_wconf 88' lang='lat' dir='ltr'>plus</span> <span class='ocrx_word' id='word_1_107' title='bbox 990 1989 1105 2064; x_wconf 92' lang='lat' dir='ltr'>laudis</span> <span class='ocrx_word' id='word_1_108' title='bbox 1129 1996 1167 2066; x_wconf 90' lang='lat' dir='ltr'>in</span> <span class='ocrx_word' id='word_1_109' title='bbox 1191 1990 1308 2066; x_wconf 89' lang='lat' dir='ltr'>dantis</span> <span class='ocrx_word' id='word_1_110' title='bbox 1331 1991 1503 2068; x_wconf 88' lang='lat' dir='ltr'>industria</span> <span class='ocrx_word' id='word_1_111' title='bbox 1528 2019 1638 2093; x_wconf 85' lang='lat' dir='ltr'>quam</span> 
     </span>
     <span class='ocr_line' id='line_1_15' title="bbox 322 2113 1638 2217; baseline 0.006 -31"><span class='ocrx_word' id='word_1_112' title='bbox 322 2113 420 2188; x_wconf 94' lang='lat' dir='ltr'>dono</span> <span class='ocrx_word' id='word_1_113' title='bbox 438 2118 654 2214; x_wconf 78' lang='lat' dir='ltr'>reposuisse,</span> <span class='ocrx_word' id='word_1_114' title='bbox 682 2141 765 2188; x_wconf 92' lang='lat' dir='ltr'>cum</span> <span class='ocrx_word' id='word_1_115' title='bbox 779 2117 885 2213; x_wconf 89' lang='lat' dir='ltr'>primi</span> <span class='ocrx_word' id='word_1_116' title='bbox 901 2116 1003 2214; x_wconf 86' lang='lat' dir='ltr'>pretii</span> <span class='ocrx_word' id='word_1_117' title='bbox 1019 2113 1311 2215; x_wconf 66' lang='lat' dir='ltr'>metallumque</span> <span class='ocrx_word' id='word_1_118' title='bbox 1334 2117 1638 2217; x_wconf 78' lang='lat' dir='ltr'>contemptibilius</span> 
     </span>
     <span class='ocr_line' id='line_1_16' title="bbox 321 2235 1638 2338; baseline 0.004 -30"><span class='ocrx_word' id='word_1_119' title='bbox 321 2235 494 2329; x_wconf 88' lang='lat' dir='ltr'>habiturn,</span> <span class='ocrx_word' id='word_1_120' title='bbox 512 2235 584 2311; x_wconf 91' lang='lat' dir='ltr'>hoc</span> <span class='ocrx_word' id='word_1_121' title='bbox 598 2237 789 2338; x_wconf 85' lang='lat' dir='ltr'>gloriosius</span> <span class='ocrx_word' id='word_1_122' title='bbox 807 2235 943 2312; x_wconf 80' lang='lat' dir='ltr'>videret</span> <span class='ocrx_word' id='word_1_123' title='bbox 957 2236 1130 2312; x_wconf 88' lang='lat' dir='ltr'>oblatum.</span> <span class='ocrx_word' id='word_1_124' title='bbox 1177 2238 1381 2338; x_wconf 79' lang='lat' dir='ltr'>Absumpto</span> <span class='ocrx_word' id='word_1_125' title='bbox 1396 2243 1564 2335; x_wconf 74' lang='lat' dir='ltr'>ideoideo,</span> <span class='ocrx_word' id='word_1_126' title='bbox 1577 2240 1638 2314; x_wconf 91' lang='lat' dir='ltr'>le-</span> 
     </span>
     <span class='ocr_line' id='line_1_17' title="bbox 323 2359 1292 2461; baseline 0.001 -28"><span class='ocrx_word' id='word_1_127' title='bbox 323 2375 442 2459; x_wconf 88' lang='lat' dir='ltr'>gatam</span> <span class='ocrx_word' id='word_1_128' title='bbox 457 2359 529 2433; x_wconf 89' lang='lat' dir='ltr'>sibi</span> <span class='ocrx_word' id='word_1_129' title='bbox 547 2361 770 2458; x_wconf 89' lang='lat' dir='ltr'>provinciam</span> <span class='ocrx_word' id='word_1_130' title='bbox 786 2359 888 2435; x_wconf 92' lang='lat' dir='ltr'>nullo</span> <span class='ocrx_word' id='word_1_131' title='bbox 906 2361 1107 2461; x_wconf 78' lang='lat' dir='ltr'>refragante</span> <span class='ocrx_word' id='word_1_132' title='bbox 1121 2359 1292 2460; x_wconf 86' lang='lat' dir='ltr'>possedit.</span> 
     </span>
     <span class='ocr_line' id='line_1_18' title="bbox 452 2481 1638 2576; baseline 0.003 -22"><span class='ocrx_word' id='word_1_133' title='bbox 452 2485 588 2556; x_wconf 85' lang='lat' dir='ltr'>interea</span> <span class='ocrx_word' id='word_1_134' title='bbox 610 2482 800 2576; x_wconf 87' lang='lat' dir='ltr'>Haraldus,</span> <span class='ocrx_word' id='word_1_135' title='bbox 822 2509 903 2560; x_wconf 93' lang='lat' dir='ltr'>cum</span> <span class='ocrx_word' id='word_1_136' title='bbox 926 2509 994 2559; x_wconf 90' lang='lat' dir='ltr'>nec</span> <span class='ocrx_word' id='word_1_137' title='bbox 1019 2485 1119 2559; x_wconf 93' lang='lat' dir='ltr'>domi</span> <span class='ocrx_word' id='word_1_138' title='bbox 1148 2483 1266 2558; x_wconf 87' lang='lat' dir='ltr'>clarus</span> <span class='ocrx_word' id='word_1_139' title='bbox 1292 2507 1360 2556; x_wconf 90' lang='lat' dir='ltr'>nec</span> <span class='ocrx_word' id='word_1_140' title='bbox 1381 2481 1469 2558; x_wconf 84' lang='lat' dir='ltr'>soris</span> <span class='ocrx_word' id='word_1_141' title='bbox 1491 2481 1638 2558; x_wconf 83' lang='lat' dir='ltr'>celeber</span> 
     </span>
     <span class='ocr_line' id='line_1_19' title="bbox 320 2605 1636 2706; baseline -0.002 -25"><span class='ocrx_word' id='word_1_142' title='bbox 320 2605 534 2697; x_wconf 86' lang='lat' dir='ltr'>haberetur,</span> <span class='ocrx_word' id='word_1_143' title='bbox 566 2607 702 2680; x_wconf 82' lang='lat' dir='ltr'>virtutis</span> <span class='ocrx_word' id='word_1_144' title='bbox 723 2608 882 2704; x_wconf 87' lang='lat' dir='ltr'>inopiam</span> <span class='ocrx_word' id='word_1_145' title='bbox 897 2621 1100 2706; x_wconf 81' lang='lat' dir='ltr'>qnaestuum</span> <span class='ocrx_word' id='word_1_146' title='bbox 1117 2610 1226 2706; x_wconf 84' lang='lat' dir='ltr'>copia</span> <span class='ocrx_word' id='word_1_147' title='bbox 1241 2605 1363 2680; x_wconf 83' lang='lat' dir='ltr'>levare</span> <span class='ocrx_word' id='word_1_148' title='bbox 1378 2608 1546 2706; x_wconf 89' lang='lat' dir='ltr'>cupiens,</span> <span class='ocrx_word' id='word_1_149' title='bbox 1569 2629 1636 2679; x_wconf 89' lang='lat' dir='ltr'>re·</span> 
     </span>
     <span class='ocr_line' id='line_1_20' title="bbox 319 2725 1636 2830; baseline -0.002 -28"><span class='ocrx_word' id='word_1_150' title='bbox 319 2729 454 2802; x_wconf 85' lang='lat' dir='ltr'>sertum</span> <span class='ocrx_word' id='word_1_151' title='bbox 467 2729 624 2826; x_wconf 87' lang='lat' dir='ltr'>nequitia</span> <span class='ocrx_word' id='word_1_152' title='bbox 638 2727 797 2802; x_wconf 85' lang='lat' dir='ltr'>animum</span> <span class='ocrx_word' id='word_1_153' title='bbox 812 2731 972 2804; x_wconf 83' lang='lat' dir='ltr'>inimum</span> <span class='ocrx_word' id='word_1_154' title='bbox 992 2728 1224 2830; x_wconf 88' lang='lat' dir='ltr'>turpitudinis</span> <span class='ocrx_word' id='word_1_155' title='bbox 1238 2736 1448 2828; x_wconf 79' lang='lat' dir='ltr'>voraginem</span> <span class='ocrx_word' id='word_1_156' title='bbox 1463 2734 1547 2829; x_wconf 88' lang='lat' dir='ltr'>egit.</span> <span class='ocrx_word' id='word_1_157' title='bbox 1578 2725 1636 2800; x_wconf 78' lang='lat' dir='ltr'>Ad</span> 
     </span>
     <span class='ocr_line' id='line_1_21' title="bbox 320 2849 1637 2952; baseline -0.001 -26"><span class='ocrx_word' id='word_1_158' title='bbox 320 2853 466 2952; x_wconf 85' lang='lat' dir='ltr'>rapinas</span> <span class='ocrx_word' id='word_1_159' title='bbox 481 2868 517 2926; x_wconf 91' lang='lat' dir='ltr'>et</span> <span class='ocrx_word' id='word_1_160' title='bbox 534 2851 629 2926; x_wconf 85' lang='lat' dir='ltr'>furta</span> <span class='ocrx_word' id='word_1_161' title='bbox 645 2853 829 2950; x_wconf 89' lang='lat' dir='ltr'>mancipiis</span> <span class='ocrx_word' id='word_1_162' title='bbox 847 2853 1025 2928; x_wconf 85' lang='lat' dir='ltr'>utebatur.</span> <span class='ocrx_word' id='word_1_163' title='bbox 1076 2853 1270 2928; x_wconf 82' lang='lat' dir='ltr'>Servorum</span> <span class='ocrx_word' id='word_1_164' title='bbox 1285 2850 1431 2926; x_wconf 85' lang='lat' dir='ltr'>labores</span> <span class='ocrx_word' id='word_1_165' title='bbox 1448 2849 1637 2925; x_wconf 87' lang='lat' dir='ltr'>latrociniis</span> 
     </span>
     <span class='ocr_line' id='line_1_22' title="bbox 321 2972 1638 3076; baseline -0.002 -27"><span class='ocrx_word' id='word_1_166' title='bbox 321 2975 536 3076; x_wconf 83' lang='lat' dir='ltr'>applicabat.</span> <span class='ocrx_word' id='word_1_167' title='bbox 585 2973 781 3049; x_wconf 86' lang='lat' dir='ltr'>Satellitum</span> <span class='ocrx_word' id='word_1_168' title='bbox 803 2972 912 3050; x_wconf 89' lang='lat' dir='ltr'>cultui</span> <span class='ocrx_word' id='word_1_169' title='bbox 933 2977 1072 3051; x_wconf 85' lang='lat' dir='ltr'>viciniae</span> <span class='ocrx_word' id='word_1_170' title='bbox 1095 2974 1234 3075; x_wconf 83' lang='lat' dir='ltr'>spolie,</span> <span class='ocrx_word' id='word_1_171' title='bbox 1257 2975 1419 3074; x_wconf 86' lang='lat' dir='ltr'>sumptui</span> <span class='ocrx_word' id='word_1_172' title='bbox 1441 2972 1638 3072; x_wconf 90' lang='lat' dir='ltr'>impende-</span> 
     </span>
     <span class='ocr_line' id='line_1_23' title="bbox 321 3097 1641 3200; baseline -0.001 -27"><span class='ocrx_word' id='word_1_173' title='bbox 321 3099 455 3173; x_wconf 90' lang='lat' dir='ltr'>bantur</span> <span class='ocrx_word' id='word_1_174' title='bbox 475 3113 644 3172; x_wconf 88' lang='lat' dir='ltr'>armenta.</span> <span class='ocrx_word' id='word_1_175' title='bbox 695 3101 861 3172; x_wconf 81' lang='lat' dir='ltr'>AEstatem</span> <span class='ocrx_word' id='word_1_176' title='bbox 883 3100 1041 3198; x_wconf 89' lang='lat' dir='ltr'>piratica,</span> <span class='ocrx_word' id='word_1_177' title='bbox 1066 3105 1202 3200; x_wconf 83' lang='lat' dir='ltr'>pariter</span> <span class='ocrx_word' id='word_1_178' title='bbox 1225 3097 1364 3173; x_wconf 80' lang='lat' dir='ltr'>civibus</span> <span class='ocrx_word' id='word_1_179' title='bbox 1378 3111 1487 3195; x_wconf 88' lang='lat' dir='ltr'>atquc</span> <span class='ocrx_word' id='word_1_180' title='bbox 1510 3099 1641 3172; x_wconf 78' lang='lat' dir='ltr'>exteris</span> 
     </span>
     <span class='ocr_line' id='line_1_24' title="bbox 321 3219 1641 3322; baseline -0.002 -27"><span class='ocrx_word' id='word_1_181' title='bbox 321 3221 530 3314; x_wconf 87' lang='lat' dir='ltr'>insidiosus,</span> <span class='ocrx_word' id='word_1_182' title='bbox 559 3223 686 3322; x_wconf 78' lang='lat' dir='ltr'>exegit.</span> <span class='ocrx_word' id='word_1_183' title='bbox 769 3223 965 3315; x_wconf 84' lang='lat' dir='ltr'>Caeterum,</span> <span class='ocrx_word' id='word_1_184' title='bbox 1001 3245 1078 3321; x_wconf 92' lang='lat' dir='ltr'>quo</span> <span class='ocrx_word' id='word_1_185' title='bbox 1101 3221 1298 3296; x_wconf 82' lang='lat' dir='ltr'>llosltildioe</span> <span class='ocrx_word' id='word_1_186' title='bbox 1319 3219 1530 3294; x_wconf 75' lang='lat' dir='ltr'>damnosius</span> <span class='ocrx_word' id='word_1_187' title='bbox 1562 3221 1641 3292; x_wconf 88' lang='lat' dir='ltr'>im·</span> 
     </span>
     <span class='ocr_line' id='line_1_25' title="bbox 214 3339 1642 3444; baseline -0.001 -25"><span class='ocrx_word' id='word_1_188' title='bbox 214 3385 218 3406; x_wconf 67' lang='lat'>,</span> <span class='ocrx_word' id='word_1_189' title='bbox 321 3347 480 3435; x_wconf 90' lang='lat' dir='ltr'>mineret,</span> <span class='ocrx_word' id='word_1_190' title='bbox 503 3344 693 3420; x_wconf 81' lang='lat' dir='ltr'>adversam</span> <span class='ocrx_word' id='word_1_191' title='bbox 710 3345 744 3418; x_wconf 94' lang='lat' dir='ltr'>ei</span> <span class='ocrx_word' id='word_1_192' title='bbox 765 3345 998 3418; x_wconf 90' lang='lat' dir='ltr'>munitionem</span> <span class='ocrx_word' id='word_1_193' title='bbox 1020 3346 1150 3440; x_wconf 82' lang='lat' dir='ltr'>erexit,</span> <span class='ocrx_word' id='word_1_194' title='bbox 1183 3369 1292 3444; x_wconf 91' lang='lat' dir='ltr'>quam</span> <span class='ocrx_word' id='word_1_195' title='bbox 1318 3360 1353 3418; x_wconf 87' lang='lat' dir='ltr'>et</span> <span class='ocrx_word' id='word_1_196' title='bbox 1382 3339 1642 3419; x_wconf 71' lang='lat' dir='ltr'>sordidissimae</span> 
     </span>
     <span class='ocr_line' id='line_1_26' title="bbox 322 3447 1642 3568; baseline -0.003 -26"><span class='ocrx_word' id='word_1_197' title='bbox 322 3465 491 3542; x_wconf 85' lang='lat' dir='ltr'>clientelae</span> <span class='ocrx_word' id='word_1_198' title='bbox 521 3465 721 3566; x_wconf 85' lang='lat' dir='ltr'>frequentia</span> <span class='ocrx_word' id='word_1_199' title='bbox 759 3464 965 3566; x_wconf 87' lang='lat' dir='ltr'>complevit.</span> <span class='ocrx_word' id='word_1_200' title='bbox 1023 3469 1170 3568; x_wconf 83' lang='lat' dir='ltr'>ltaque,</span> <span class='ocrx_word' id='word_1_201' title='bbox 1201 3471 1293 3544; x_wconf 89' lang='lat' dir='ltr'>ruris</span> <span class='ocrx_word' id='word_1_202' title='bbox 1317 3467 1440 3566; x_wconf 88' lang='lat' dir='ltr'>opima</span> <span class='ocrx_word' id='word_1_203' title='bbox 1468 3447 1642 3564; x_wconf 74' lang='lat' dir='ltr'>popula-</span> 
     </span>
     <span class='ocr_line' id='line_1_27' title="bbox 317 3587 1642 3691; baseline -0.006 -24"><span class='ocrx_word' id='word_1_204' title='bbox 317 3607 402 3684; x_wconf 83' lang='lat' dir='ltr'>tns,</span> <span class='ocrx_word' id='word_1_205' title='bbox 436 3593 516 3691; x_wconf 87' lang='lat' dir='ltr'>pari</span> <span class='ocrx_word' id='word_1_206' title='bbox 537 3613 730 3665; x_wconf 83' lang='lat' dir='ltr'>vernarum</span> <span class='ocrx_word' id='word_1_207' title='bbox 752 3587 930 3666; x_wconf 85' lang='lat' dir='ltr'>maleficio</span> <span class='ocrx_word' id='word_1_208' title='bbox 951 3589 1069 3666; x_wconf 82' lang='lat' dir='ltr'>civilia</span> <span class='ocrx_word' id='word_1_209' title='bbox 1093 3590 1284 3668; x_wconf 82' lang='lat' dir='ltr'>lacerabat.</span> <span class='ocrx_word' id='word_1_210' title='bbox 1347 3593 1418 3684; x_wconf 90' lang='lat' dir='ltr'>Qui</span> <span class='ocrx_word' id='word_1_211' title='bbox 1438 3587 1533 3662; x_wconf 84' lang='lat' dir='ltr'>elam</span> <span class='ocrx_word' id='word_1_212' title='bbox 1562 3611 1642 3660; x_wconf 92' lang='lat' dir='ltr'>no-</span> 
     </span>
     <span class='ocr_line' id='line_1_28' title="bbox 321 3713 1774 3828; baseline -0.005 -38"><span class='ocrx_word' id='word_1_213' title='bbox 321 3733 383 3790; x_wconf 92' lang='lat' dir='ltr'>ctu</span> <span class='ocrx_word' id='word_1_214' title='bbox 397 3715 584 3789; x_wconf 90' lang='lat' dir='ltr'>meritoriis</span> <span class='ocrx_word' id='word_1_215' title='bbox 598 3738 677 3789; x_wconf 90' lang='lat' dir='ltr'>sese</span> <span class='ocrx_word' id='word_1_216' title='bbox 693 3713 849 3788; x_wconf 88' lang='lat' dir='ltr'>tabernis</span> <span class='ocrx_word' id='word_1_217' title='bbox 874 3713 1120 3814; x_wconf 88' lang='lat' dir='ltr'>subjicientes,</span> <span class='ocrx_word' id='word_1_218' title='bbox 1146 3715 1379 3814; x_wconf 86' lang='lat' dir='ltr'>complacitas</span> <span class='ocrx_word' id='word_1_219' title='bbox 1401 3713 1522 3786; x_wconf 86' lang='lat' dir='ltr'>animo</span> <span class='ocrx_word' id='word_1_220' title='bbox 1536 3733 1644 3784; x_wconf 89' lang='lat' dir='ltr'>mer-</span> <span class='ocrx_word' id='word_1_221' title='bbox 1773 3795 1774 3828; x_wconf 24' lang='grc'>1</span> 
     </span>
     <span class='ocr_line' id='line_1_29' title="bbox 323 3829 1644 3936; baseline -0.003 -24"><span class='ocrx_word' id='word_1_222' title='bbox 323 3863 383 3913; x_wconf 92' lang='lat' dir='ltr'>ces</span> <span class='ocrx_word' id='word_1_223' title='bbox 410 3839 560 3936; x_wconf 90' lang='lat' dir='ltr'>impune</span> <span class='ocrx_word' id='word_1_224' title='bbox 591 3834 787 3930; x_wconf 88' lang='lat' dir='ltr'>tollebant,</span> <span class='ocrx_word' id='word_1_225' title='bbox 826 3836 903 3912; x_wconf 90' lang='lat' dir='ltr'>aliis</span> <span class='ocrx_word' id='word_1_226' title='bbox 926 3837 1066 3910; x_wconf 90' lang='lat' dir='ltr'>interim</span> <span class='ocrx_word' id='word_1_227' title='bbox 1090 3835 1269 3912; x_wconf 88' lang='lat' dir='ltr'>districtos</span> <span class='ocrx_word' id='word_1_228' title='bbox 1290 3835 1476 3936; x_wconf 86' lang='lat' dir='ltr'>hospitum</span> <span class='ocrx_word' id='word_1_229' title='bbox 1498 3829 1644 3934; x_wconf 74' lang='lat' dir='ltr'>jugulis</span> 
     </span>
     <span class='ocr_line' id='line_1_30' title="bbox 320 3957 1645 4063; baseline -0.003 -31"><span class='ocrx_word' id='word_1_230' title='bbox 320 3957 461 4063; x_wconf 83' lang='lat' dir='ltr'>gladios</span> <span class='ocrx_word' id='word_1_231' title='bbox 485 3959 769 4060; x_wconf 88' lang='lat' dir='ltr'>applicantibus,</span> <span class='ocrx_word' id='word_1_232' title='bbox 799 3961 1051 4058; x_wconf 86' lang='lat' dir='ltr'>interitumque</span> <span class='ocrx_word' id='word_1_233' title='bbox 1072 3960 1309 4051; x_wconf 89' lang='lat' dir='ltr'>minantibus,</span> <span class='ocrx_word' id='word_1_234' title='bbox 1332 3968 1368 4032; x_wconf 95' lang='lat' dir='ltr'>ni</span> <span class='ocrx_word' id='word_1_235' title='bbox 1393 3959 1531 4056; x_wconf 78' lang='lat' dir='ltr'>injurie</span> <span class='ocrx_word' id='word_1_236' title='bbox 1560 3979 1645 4056; x_wconf 80' lang='lat' dir='ltr'>pa-</span> 
     </span>
     <span class='ocr_line' id='line_1_31' title="bbox 321 4079 1649 4182; baseline -0.003 -26"><span class='ocrx_word' id='word_1_237' title='bbox 321 4085 480 4157; x_wconf 87' lang='lat' dir='ltr'>tientiam</span> <span class='ocrx_word' id='word_1_238' title='bbox 503 4082 699 4182; x_wconf 88' lang='lat' dir='ltr'>praebeant.</span> <span class='ocrx_word' id='word_1_239' title='bbox 740 4085 794 4154; x_wconf 85' lang='lat' dir='ltr'>Ea</span> <span class='ocrx_word' id='word_1_240' title='bbox 817 4081 904 4155; x_wconf 86' lang='lat' dir='ltr'>furti</span> <span class='ocrx_word' id='word_1_241' title='bbox 921 4083 1089 4156; x_wconf 81' lang='lat' dir='ltr'>uiolentia</span> <span class='ocrx_word' id='word_1_242' title='bbox 1111 4107 1290 4158; x_wconf 88' lang='lat' dir='ltr'>summam</span> <span class='ocrx_word' id='word_1_243' title='bbox 1313 4085 1458 4159; x_wconf 86' lang='lat' dir='ltr'>civitatis</span> <span class='ocrx_word' id='word_1_244' title='bbox 1475 4079 1649 4180; x_wconf 91' lang='lat' dir='ltr'>opulen-</span> 
     </span>
     <span class='ocr_line' id='line_1_32' title="bbox 322 4202 1649 4308; baseline -0.002 -30"><span class='ocrx_word' id='word_1_245' title='bbox 322 4209 407 4279; x_wconf 91' lang='lat' dir='ltr'>tiam</span> <span class='ocrx_word' id='word_1_246' title='bbox 431 4208 479 4281; x_wconf 85' lang='lat' dir='ltr'>ad</span> <span class='ocrx_word' id='word_1_247' title='bbox 502 4205 641 4282; x_wconf 89' lang='lat' dir='ltr'>ultimas</span> <span class='ocrx_word' id='word_1_248' title='bbox 662 4205 719 4302; x_wconf 74' lang='lat' dir='ltr'>{rei</span> <span class='ocrx_word' id='word_1_249' title='bbox 747 4203 928 4278; x_wconf 85' lang='lat' dir='ltr'>familiaris</span> <span class='ocrx_word' id='word_1_250' title='bbox 950 4211 1131 4308; x_wconf 86' lang='lat' dir='ltr'>angustias</span> <span class='ocrx_word' id='word_1_251' title='bbox 1161 4205 1310 4306; x_wconf 89' lang='lat' dir='ltr'>redegit.</span> <span class='ocrx_word' id='word_1_252' title='bbox 1382 4202 1533 4278; x_wconf 86' lang='lat' dir='ltr'>Talibus</span> <span class='ocrx_word' id='word_1_253' title='bbox 1565 4227 1649 4276; x_wconf 88' lang='lat' dir='ltr'>ca-</span> 
     </span>
     <span class='ocr_line' id='line_1_33' title="bbox 322 4323 1773 4428; baseline -0.005 -28"><span class='ocrx_word' id='word_1_254' title='bbox 322 4327 465 4404; x_wconf 81' lang='lat' dir='ltr'>lumniae</span> <span class='ocrx_word' id='word_1_255' title='bbox 491 4331 641 4408; x_wconf 89' lang='lat' dir='ltr'>stimulis</span> <span class='ocrx_word' id='word_1_256' title='bbox 670 4329 835 4404; x_wconf 85' lang='lat' dir='ltr'>lacessita</span> <span class='ocrx_word' id='word_1_257' title='bbox 857 4329 1060 4428; x_wconf 84' lang='lat' dir='ltr'>provincia,</span> <span class='ocrx_word' id='word_1_258' title='bbox 1097 4334 1251 4404; x_wconf 88' lang='lat' dir='ltr'>accensis</span> <span class='ocrx_word' id='word_1_259' title='bbox 1280 4323 1524 4428; x_wconf 80' lang='lat' dir='ltr'>indignatione</span> <span class='ocrx_word' id='word_1_260' title='bbox 1554 4331 1652 4400; x_wconf 87' lang='lat' dir='ltr'>ani·</span> <span class='ocrx_word' id='word_1_261' title='bbox 1772 4323 1773 4393; x_wconf 85' lang='lat' dir='ltr'>l</span> 
     </span>
    </p>
   </div>
   <div class='ocr_carea' id='block_1_3' title="bbox 321 4601 1772 4956">
    <p class='ocr_par' dir='ltr' id='par_1_3' title="bbox 321 4601 1772 4959">
     <span class='ocr_line' id='line_1_34' title="bbox 322 4601 1656 4735; baseline 0.001 -25"><span class='ocrx_word' id='word_1_262' title='bbox 322 4643 459 4710; x_wconf 79' lang='lat' dir='ltr'>dominio</span> <span class='ocrx_word' id='word_1_263' title='bbox 480 4646 670 4730; x_wconf 56' lang='lat' dir='ltr'>tenemium</span> <span class='ocrx_word' id='word_1_264' title='bbox 689 4649 842 4714; x_wconf 88' lang='lat' dir='ltr'>intereos</span> <span class='ocrx_word' id='word_1_265' title='bbox 866 4643 954 4712; x_wconf 81' lang='lat' dir='ltr'>brevi</span> <span class='ocrx_word' id='word_1_266' title='bbox 1007 4601 1118 4732; x_wconf 81' lang='lat' dir='ltr'>mgna</span> <span class='ocrx_word' id='word_1_267' title='bbox 1130 4647 1261 4734; x_wconf 86' lang='lat' dir='ltr'>pecunia</span> <span class='ocrx_word' id='word_1_268' title='bbox 1272 4667 1404 4735; x_wconf 72' lang='lat' dir='ltr'>reguum</span> <span class='ocrx_word' id='word_1_269' title='bbox 1421 4645 1656 4714; x_wconf 79' lang='lat' dir='ltr'>Obonitarnm</span> 
     </span>
     <span class='ocr_line' id='line_1_35' title="bbox 321 4749 1772 4840; baseline 0 -22"><span class='ocrx_word' id='word_1_270' title='bbox 321 4752 440 4818; x_wconf 77' lang='lat' dir='ltr'>bellun</span> <span class='ocrx_word' id='word_1_271' title='bbox 453 4752 632 4818; x_wconf 79' lang='lat' dir='ltr'>intestinum</span> <span class='ocrx_word' id='word_1_272' title='bbox 653 4767 791 4820; x_wconf 80' lang='lat' dir='ltr'>exortum</span> <span class='ocrx_word' id='word_1_273' title='bbox 811 4775 886 4834; x_wconf 82' lang='lat' dir='ltr'>etse,</span> <span class='ocrx_word' id='word_1_274' title='bbox 910 4767 953 4835; x_wconf 89' lang='lat' dir='ltr'>et,</span> <span class='ocrx_word' id='word_1_275' title='bbox 998 4751 1046 4818; x_wconf 79' lang='lat' dir='ltr'>ab</span> <span class='ocrx_word' id='word_1_276' title='bbox 1064 4753 1250 4840; x_wconf 87' lang='lat' dir='ltr'>imperatore</span> <span class='ocrx_word' id='word_1_277' title='bbox 1263 4755 1413 4820; x_wconf 86' lang='lat' dir='ltr'>Lethario</span> <span class='ocrx_word' id='word_1_278' title='bbox 1429 4753 1523 4834; x_wconf 83' lang='lat' dir='ltr'>(anno</span> <span class='ocrx_word' id='word_1_279' title='bbox 1539 4749 1659 4837; x_wconf 79' lang='lat'>1129)</span> <span class='ocrx_word' id='word_1_280' title='bbox 1771 4757 1772 4766; x_wconf 77' lang='grc'>’</span> 
     </span>
     <span class='ocr_line' id='line_1_36' title="bbox 321 4856 1465 4956; baseline 0 -28"><span class='ocrx_word' id='word_1_281' title='bbox 321 4858 465 4928; x_wconf 71' lang='lat' dir='ltr'>omnibu</span> <span class='ocrx_word' id='word_1_282' title='bbox 483 4872 584 4928; x_wconf 69' lang='lat' dir='ltr'>noete</span> <span class='ocrx_word' id='word_1_283' title='bbox 614 4859 775 4944; x_wconf 53' lang='lat' dir='ltr'>menda,</span> <span class='ocrx_word' id='word_1_284' title='bbox 801 4863 951 4928; x_wconf 70' lang='lat' dir='ltr'>&amp;mium</span> <span class='ocrx_word' id='word_1_285' title='bbox 1008 4856 1388 4944; x_wconf 77' lang='lat' dir='ltr'>enisse(fletmotd.1.e)</span> <span class='ocrx_word' id='word_1_286' title='bbox 1457 4947 1465 4956; x_wconf 32' lang='grc' dir='ltr'>ι</span> 
     </span>
    </p>
   </div>
   <div class='ocr_carea' id='block_1_4' title="bbox 0 0 1796 5466">
    <p class='ocr_par' dir='ltr' id='par_1_4' title="bbox 0 0 1796 5466">
     <span class='ocr_line' id='line_1_37' title="bbox 0 0 1796 5466; baseline 0 0"><span class='ocrx_word' id='word_1_287' title='bbox 0 0 1796 5466; x_wconf 95' lang='lat' dir='ltr'> </span> 
     </span>
    </p>
   </div>
   <div class='ocr_carea' id='block_1_5' title="bbox 1767 5227 1771 5432">
    <p class='ocr_par' dir='ltr' id='par_1_5' title="bbox 1767 5169 1771 5432">
     <span class='ocr_line' id='line_1_38' title="bbox 1767 5227 1771 5432; baseline 0 -242"><span class='ocrx_word' id='word_1_288' title='bbox 1767 5227 1771 5432; x_wconf 35' lang='lat'>1</span> 
     </span>
    </p>
   </div>
  </div>
 </body>
</html>
