3508 5460
590 339 920 414 WALDEMARUS
937 341 961 412 1.
1307 349 1382 421 80³

7 599 8 632 ;
113 573 239 650 sparso
252 547 384 654 militiae
404 573 536 648 genere
556 553 795 650 pervenisset,
810 549 996 650 oppidani,
1020 549 1151 628 fiducia
1165 527 1316 644 virium,
1337 581 1433 656 por-

7 733 8 738 .
113 690 204 764 tant,
228 695 340 772 quam
356 669 447 746 urbs
464 675 606 748 unicam
630 671 806 765 habehat,
821 678 966 772 egressi,
981 697 1027 744 ne
1040 677 1208 748 virtutem
1222 699 1323 752 suam
1340 679 1433 752 intra

7 827 9 840 .
113 797 244 870 moenia
272 793 500 884 cohiberent,
533 795 677 874 obviam
704 811 966 895 processerunt
1025 799 1126 891 Quos
1148 824 1231 890 rex,
1265 799 1376 872 Danis
1389 825 1432 874 ex

112 916 276 993 consulto
297 917 526 1012 cedentibus,
558 917 702 1018 longius
727 917 910 995 moenibus
934 941 1103 994 amovere
1126 933 1294 1016 conatus,
1324 939 1433 1021 post·
1505 961 1512 983 ·

112 1066 223 1142 quam
241 1055 386 1140 sperato
404 1041 583 1116 cautiores
606 1040 872 1134 animadvertit,
896 1041 1095 1116 incursatos
1116 1041 1246 1116 urbem
1269 1061 1434 1142 repetere
1551 1118 1554 1129 ,

112 1169 238 1265 coegit.
303 1167 410 1238 Porta
426 1177 575 1255 tamen,·
596 1189 643 1238 ne
670 1167 754 1263 equi
775 1160 904 1261 jaculis
925 1161 1220 1259 confoderentur,
1253 1165 1433 1242 abstinuit.

111 1283 458 1364 TuncSialsudensis
471 1312 585 1387 eques
599 1286 778 1380 Nicolaus,
795 1285 914 1362 forma
927 1301 963 1364 et
977 1289 1105 1364 virtute
1119 1289 1346 1388 precipuus,
1359 1291 1431 1366 telo

112 1435 178 1509 per
192 1426 338 1510 portam
355 1409 506 1508 injecto,
542 1409 725 1508 quendam
746 1437 790 1484 ex
811 1407 978 1486 hostibus
1007 1411 1043 1484 iu
1067 1407 1166 1484 aditu
1189 1413 1433 1490 resistentibus

112 1537 306 1610 exanimem
320 1534 522 1632 prostravit,
539 1535 802 1632 innocuusque,
817 1532 952 1612 reflexu
965 1533 1129 1632 protinus
1140 1557 1249 1632 equo,
1263 1531 1432 1612 discessit.

114 1659 228 1757 Cujus
252 1653 684 1750 fastnusThorbernus1,
718 1660 811 1732 inter
838 1641 1043 1755 precipuos
1074 1653 1269 1730 stalandiae
1292 1659 1433 1756 equites

113 1777 377 1873 numerandus,
402 1779 482 1879 pari
506 1777 674 1872 audaeia,
706 1778 771 1858 sed
798 1777 931 1876 dispari
951 1777 1096 1854 fortuna
1118 1777 1327 1871 aemulatus,
1348 1805 1433 1854 cum

112 1927 226 1976 urmrn
243 1927 287 1976 ex
304 1901 490 1993 hostibus,
523 1899 655 1978 directa
675 1904 714 1976 in
736 1900 891 2002 globum
906 1899 1047 1991 laneca,
1073 1899 1306 1995 vulnerasset,
1329 1900 1433 1977 redi-

111 2043 263 2127 tumque
278 2025 419 2101 reflexis
434 2021 588 2100 habenis
605 2040 790 2117 tentasset,
813 2031 860 2098 ita
885 2022 1007 2126 lapide
1021 2028 1113 2098 ictus
1140 2040 1211 2117 est,
1243 2041 1283 2100 ut
1300 2025 1434 2101 multus

110 2151 263 2249 cespite
280 2173 389 2223 cruor
402 2144 694 2246 profunderetur.
772 2145 1019 2240 Quamobrem
1039 2147 1149 2248 longa
1177 2147 1342 2246 eorporis
1358 2145 1433 2222 de-

110 2271 247 2346 bilitate
263 2285 461 2364 contrecta,
486 2294 602 2345 seram
625 2269 901 2346 incolumitatem
924 2295 1019 2372 aegre
1032 2271 1269 2370 recuperavit.
1321 2273 1432 2344 Buri-

110 2396 187 2470 sins
211 2419 381 2495 quoque,
409 2393 499 2468 durn
517 2391 711 2468 nobilitatis
732 2415 808 2468 sum
831 2393 1064 2492 splendorem
1081 2393 1283 2492 conspicuis
1296 2397 1434 2466 virtutis

109 2518 287 2618 operibus
302 2539 448 2617 sequare
460 2517 598 2609 nititur,
624 2515 730 2590 simili
749 2516 910 2592 audaciae
927 2541 1059 2618 genere
1075 2533 1192 2616 portas
1213 2538 1433 2616 propugna-

110 2657 208 2716 tores
230 2639 390 2732 adortus,
414 2655 487 2713 tarn
508 2663 680 2738 asperum
707 2645 781 2715 saxi
808 2643 919 2716 ictum
948 2639 1063 2740 eapite
1088 2643 1246 2738 excepit,
1271 2651 1311 2714 ut
1328 2663 1433 2736 paene

108 2789 210 2864 equo
222 2764 391 2836 exanimis
406 2761 644 2838 delaberetur.
702 2765 770 2837 Cui
791 2767 956 2864 corporis
981 2761 1120 2840 viribus
1143 2761 1278 2838 carenti
1308 2761 1433 2835 socio-

106 2911 193 2960 rum
212 2891 441 2980 interrentus,
466 2911 513 2960 ne
528 2884 576 2958 ab
595 2883 762 2962 hostibus
782 2887 1055 2988 opprimeretur,
1080 2883 1212 2960 auxilio
1226 2883 1303 2962 fuit.
1350 2889 1434 2980 Quo

104 3013 239 3098 euenit,
255 3023 297 3080 ut
308 3009 461 3109 Rugiani
474 3005 762 3110 haudquaquam
778 3009 844 3084 sihi
862 3023 939 3084 tuto
963 3026 1060 3087 extra
1078 3011 1212 3085 moenia
1231 3005 1432 3087 dimicaturi

105 3129 329 3224 viderentur,
353 3131 445 3204 intra
464 3155 546 3230 qun
564 3147 636 3206 tarn
661 3111 877 3207 obstinatam
898 3129 1057 3208 hostiurn
1074 3133 1300 3231 praesentiatn
1317 3157 1434 3231 expe-

104 3253 306 3355 riebamur.
357 3251 445 3326 Inde
462 3251 510 3326 ad
523 3257 743 3352 provinciam
757 3251 976 3330 Asmodam²
996 3269 1070 3330 tota
1085 3253 1198 3330 classe
1212 3280 1433 3340 concessum.

102 3373 293 3465 Abselon,
317 3399 403 3448 curn
427 3394 464 3450 et
487 3375 692 3454 fortitudine
707 3397 742 3453 et
762 3385 879 3478 prima
906 3380 959 3453 rei
986 3377 1125 3454 bellicae
1141 3379 1264 3478 pesida
1287 3380 1434 3478 vigeret,

102 3495 304 3572 accedente
318 3501 486 3591 exercitu,
509 3501 614 3599 primi
636 3503 786 3601 agminis
802 3501 943 3590 ducem,
968 3515 1177 3592 revertente,
1203 3507 1346 3575 extremi
1364 3527 1434 3576 co-

99 3621 237 3694 mitem
253 3643 361 3720 agere
375 3637 629 3716 concreverat,
660 3647 878 3724 semperque
903 3624 1049 3699 Danice
1080 3623 1270 3722 juventutis
1302 3647 1435 3722 prorn-

96 3745 308 3844 ptissimos,
333 3767 398 3818 seu
417 3743 552 3844 predae
576 3768 642 3824 seu
676 3745 799 3847 gloriae
821 3745 960 3838 studio,
986 3743 1131 3822 sodales
1151 3742 1328 3839 habebat,
1348 3769 1436 3846 rege

153 4013 381 4096 'linostemad
393 4013 484 4080 Hand
501 4014 592 4082 dubie
606 4015 687 4082 lilius
699 4019 746 4082 in·
804 4019 929 4106 scripsit
944 4017 1149 4090 Josmondam,
1168 4027 1199 4080 et
1217 4036 1365 4102 perquam
1383 4034 1435 4080 ue·

87 4122 401 4207 telliglturSnnonis
415 4121 641 4209 dellnsrdorp,
656 4124 749 4206 idern,
805 4127 932 4192 sisimile
955 4139 1016 4204 est,
1050 4123 1185 4208 priorum
1205 4121 1354 4190 editorem
1380 4139 1436 4186 no-

88 4241 137 4294 rst
151 4221 300 4308 videtur,
332 4229 441 4314 quiin
461 4228 655 4314 expeditione
675 4231 746 4295 enni
805 4253 876 4298 men
896 4251 1059 4318 perperam
1086 4232 1202 4313 legisse.
1260 4226 1437 4318 Quodquod

86 4325 199 4402 1164
222 4335 406 4420 legationem
430 4334 467 4400 ad
497 4336 665 4399 Henrieum
694 4335 749 4398 du·
805 4359 881 4402 vero
895 4335 999 4414 fuerit,
1019 4357 1056 4400 eo
1075 4334 1156 4400 hand
1181 4332 1272 4398 dubie
1293 4333 1437 4420 intelligi·

84 4463 181 4508 eem
196 4439 284 4506 obiit
330 4443 456 4506 Fratres
473 4441 502 4506 ei
523 4453 610 4506 aaut
627 4445 749 4521 Petrus,
807 4457 953 4510 terreres
968 4444 1127 4515 Jasmaad,
1143 4437 1350 4505 meridionalis
1366 4458 1437 4524 pars

79 4559 186 4638 post
212 4547 399 4612 Absalonem
430 4549 590 4634 episeopus
609 4547 750 4611 Roeslril-
808 4547 1068 4637 (septentrionalis
1082 4567 1155 4614 reru
1172 4551 1298 4612 W'ttow
1311 4543 1437 4625 ffidtur)

78 4651 228 4732 densis,
251 4665 283 4717 et
298 4652 455 4734 Andreas,
478 4652 614 4740 ejusdem
631 4672 749 4718 sucees-
807 4657 890 4720 illius
912 4656 1100 4742 peninsula,
1133 4675 1204 4740 que
1233 4655 1328 4738 longo
1356 4649 1438 4716 ilexu

73 4785 156 4830 mr
179 4756 217 4820 in
233 4756 306 4824 sede
315 4759 481 4826 Lnodensi.
504 4759 571 4843 (V.)
740 4795 743 4804 Α
809 4775 924 4827 terrem
940 4762 1148 4828 coutinentem
1162 4761 1272 4847 Rogita
1288 4757 1437 4824 orientem

145 4870 168 4906 ²
180 4863 360 4947 Armatam]
374 4869 420 4931 lte
435 4863 483 4930 ed.
501 4889 550 4952 pr.
567 4866 750 4952 stephanius
810 4881 843 4933 et
866 4865 1107 4954 septentrionem
1125 4887 1230 4934 serem
1250 4863 1354 4952 ambit.
1370 4857 1439 4944 (t.)

156 4989 229 5036 Su.
243 4989 373 5036 umet.
387 4987 449 5034 illst
463 4989 525 5035 ltu.
1168 4975 1244 5067 (51)
