3508 5460
370 289 443 364 738
697 289 872 360 Htsroa
895 287 1154 358 Damttttutt
1175 287 1264 357 XIV.

318 503 447 578 stiriam
465 503 614 576 summis
635 502 828 600 gratiarum
844 497 1045 572 actionibus
1070 511 1302 598 prosecutus,
1327 491 1478 568 concilio
1501 516 1631 568 exces-

318 625 379 716 sit,
403 623 582 698 delectum
601 625 776 696 curiosius
792 619 992 694 habiturus.
1051 622 1218 717 Cumque
1234 637 1304 692 tres
1319 628 1494 716 spectatae'·
1507 616 1630 714 opini-

319 755 398 822 onis
425 750 538 840 viros,
569 746 703 844 quibus
735 759 884 842 quartus
915 741 965 816 ob
997 744 1163 816 virtutem
1195 739 1356 814 Absalon
1385 727 1632 837 adjiciebatur,

319 873 663 968 circumspexissem,
696 883 737 940 ut
759 891 802 937 ex
823 887 948 938 eorum
975 890 1126 938 numero
1152 869 1357 965 potissimus
1382 873 1632 950 assumeretur,

319 993 571 1068 Waldemarus
587 993 690 1065 tacita
702 987 924 1090 singulorum
941 985 1109 1087 suflragia
1125 994 1160 1060 in
1177 991 1280 1064 unius
1295 983 1428 1060 tabulae
1445 997 1630 1082 segregata

320 1116 500 1192 volumina
525 1115 649 1185 reterri
669 1113 790 1210 jussit,
815 1114 1045 1186 sinceriorem
1073 1109 1252 1186 electionis
1278 1109 1442 1184 habitum
1467 1121 1590 1196 ratus,
1602 1111 1629 1176 si

284 1221 291 1232 ⁸
319 1239 604 1334 uniuscujusque
620 1233 781 1307 voluntas
797 1251 878 1308 ante
893 1259 1002 1308 manu
1018 1259 1127 1334 quam
1144 1233 1263 1334 lingua
1281 1231 1505 1332 proderetur.
1530 1237 1632 1306 Ere-

319 1368 455 1460 nitque,
473 1375 520 1452 ut,
539 1361 699 1442 omnium
720 1359 855 1456 scripto
880 1359 914 1428 in
932 1383 1038 1430 unam
1055 1375 1206 1432 coeunte
1232 1361 1460 1448 sententiam,
1486 1353 1632 1430 honoris

320 1483 461 1558 culmen
483 1479 650 1552 Absaloni
676 1479 935 1555 decerneretur.
1005 1482 1075 1576 Qui
1102 1507 1187 1556 mox
1214 1481 1357 1554 antistes
1379 1498 1535 1570 creatus,
1558 1505 1631 1554 uon

320 1614 436 1681 minus
458 1613 609 1704 piratam
636 1627 675 1676 se
705 1629 818 1704 quam
843 1601 1046 1702 pontificem
1069 1608 1197 1704 gessit,
1223 1604 1325 1702 parvi
1344 1605 1520 1678 aestimans
1536 1608 1631 1676 intus

320 1729 527 1828 religionem
544 1732 655 1819 tucri,
680 1733 707 1802 si
725 1727 810 1802 loris
832 1751 910 1802 eam
934 1725 1126 1825 periclitari
1145 1741 1336 1826 pateretur.
1392 1730 1516 1824 Neque
1538 1726 1631 1800 enirn

319 1860 437 1928 minus
454 1877 641 1926 sacrorum
658 1851 780 1926 attinet
802 1851 915 1927 cultui
936 1827 1089 1951 pdblicae
1110 1849 1290 1952 religionis
1314 1851 1434 1928 hostes
1460 1847 1633 1946 repellere

318 2003 431 2078 quam
456 1977 736 2072 ceremoniarum
760 1975 879 2050 tutelae
902 1998 1041 2050 vacare.
1098 1979 1235 2074 ltaque,
1258 1969 1519 2074 pontificalibus
1534 1972 1634 2046 tectis

321 2101 459 2199 majore
483 2123 525 2170 er
549 2115 650 2196 parte
675 2097 753 2172 solo
777 2103 945 2196 aequatis,
971 2123 1046 2196 quo
1066 2099 1218 2196 patriam
1242 2096 1461 2172 firmioribus
1484 2091 1633 2166 vallaret

321 2223 489 2314 excubiis,
505 2226 717 2296 maritimam
732 2219 873 2295 assidue
884 2222 1069 2294 stationem
1081 2244 1270 2318 peragens,
1285 2219 1512 2294 habitationis
1527 2241 1632 2292 usum

320 2343 656 2442 interdumasylvis
672 2345 937 2447 lrondibusque
954 2349 1106 2418 mutuari
1129 2341 1278 2418 solebat.
1340 2335 1631 2441 Cujustamhu-
1734 2423 1735 2428 η

322 2466 415 2543 milis
441 2467 576 2538 mansio
602 2466 795 2543 convulsos
811 2473 934 2566 patriae
949 2482 1094 2567 penates
1111 2472 1231 2542 erexit.
1283 2465 1510 2564 Eloquentia
1528 2487 1631 2562 quo·
1734 2489 1735 2492 ¹

323 2617 396 2690 que
413 2591 491 2688 ejas
506 2588 671 2686 praesidia
688 2585 931 2666 sialandenses
955 2589 1121 2665 salutaria
1138 2603 1334 2665 senserunt.
1364 2593 1368 2596 ’
1391 2591 1481 2660 Nam
1498 2585 1630 2660 donae-

324 2721 432 2790 sticas
460 2711 658 2804 conciones,
683 2711 726 2785 ad
752 2716 825 2786 rim
844 2729 879 2786 et
902 2719 1014 2786 rixam
1037 2736 1154 2813 usque
1176 2711 1365 2813 litigiosas,
1390 2707 1632 2784 moderatione

322 2864 389 2916 sua
413 2829 460 2909 ad
483 2838 698 2934 pacatiorem
715 2832 877 2910 habitum
895 2835 1070 2934 perduxit.
1137 2839 1325 2934 Tantaque
1353 2833 1531 2908 facundiae
1554 2835 1633 2933 ejus

323 2974 529 3034 ornamenta
553 2955 668 3050 fuere,
694 2973 732 3032 ut
752 2982 815 3034 eos
834 2977 945 3034 semet
968 2957 1167 3034 stoliditatis
1188 2957 1360 3032 damnare
1377 2970 1541 3054 cogeret,
1572 2956 1633 3054 qui

324 3108 407 3158 eum
422 3083 568 3152 inertem
593 3078 847 3180 elinguemque
863 3081 1098 3156 crediderant.
1156 3083 1229 3156 Nec
1250 3086 1350 3181 pensi
1367 3079 1469 3153 duait
1486 3078 1634 3154 duratos

324 3204 411 3305 gelu
431 3200 562 3275 lluctus
585 3199 756 3299 hybernis
774 3202 913 3277 sulcare
926 3208 1092 3306 navigiis,
1117 3229 1162 3277 nc
1181 3203 1295 3278 ullum
1309 3206 1393 3278 anni
1409 3219 1556 3303 tempus
1569 3229 1631 3280 sa-

324 3326 500 3404 lutaribus
524 3341 663 3397 vacaret
688 3325 866 3416 excubiis,
890 3343 952 3400 aut
973 3327 1117 3424 insignis
1137 3327 1217 3424 ejus
1235 3352 1322 3426 erga
1344 3333 1495 3428 patriam
1521 3335 1634 3432 pietas

324 3449 520 3525 necessitati
538 3445 663 3520 cedere
683 3446 872 3524 videretur.
944 3451 1069 3546 ltaque
1085 3472 1159 3520 nou
1174 3450 1290 3522 minus
1310 3456 1433 3548 patriae
1450 3437 1631 3552 parientem

326 3599 438 3675 quam
473 3569 679 3672 pontificem
704 3573 794 3672 egit,
819 3569 948 3644 militiae
973 3587 1007 3644 et
1029 3567 1208 3672 religionis
1229 3573 1363 3648 sociato
1379 3573 1521 3676 fulgore
1542 3603 1634 3653 coa·

325 3700 484 3796 spicuus.
545 3696 659 3768 Prima
678 3692 746 3786 illi,
778 3693 895 3794 pridie
920 3719 1029 3793 quam
1060 3691 1282 3767 Palmarum¹
1310 3695 1458 3772 solenne
1480 3702 1635 3794 instaret,

326 3818 426 3918 apud
457 3815 700 3892 Borlundam²
733 3821 852 3892 vicum
882 3817 1075 3925 adversum
1109 3817 1254 3892 Sclavos
1279 3823 1486 3920 congressio
1520 3825 1634 3898 extitit.

325 3946 497 4016 Nunciata
512 3965 669 4040 namque
685 3966 810 4014 eorum
825 3942 1040 4038 irruptione,
1067 3939 1228 4014 clientela
1254 3940 1426 4017 duntaxat
1441 3969 1525 4038 sua,
1550 3973 1634 4046 quae
1703 3966 1719 3994 ⁴

326 4063 498 4138 deremet
521 4080 602 4138 octo
620 4063 769 4156 militum
791 4090 983 4137 numerum
999 4063 1187 4163 explebat,
1218 4069 1419 4157 instructus,
1444 4066 1635 4144 adversum

328 4201 483 4281 quatuor
493 4187 653 4288 etviginti
673 4187 818 4259 narium
837 4189 960 4284 copias
977 4200 1018 4258 ut
1036 4183 1253 4285 periculoso,
1278 4187 1325 4258 ita
1340 4185 1431 4262 felici
1445 4197 1635 4264 certamine

314 4303 515 4381 wdimicarit.
576 4306 833 4407 Compluribus
849 4308 1028 4407 siquidem
1049 4308 1208 4400 adverse
1234 4316 1342 4409 partis
1362 4315 1521 4412 equitum
1534 4311 1635 4402 lusis,

376 4615 501 4682 'Pridie
512 4617 697 4707 Palmarum]
710 4623 769 4690 Die
784 4614 807 4687 l}
825 4621 953 4710 Aprilis.
1015 4629 1051 4690 tle
1070 4627 1100 4691 in
1121 4625 1201 4691 libro
1224 4647 1332 4692 census
1351 4627 1458 4696 Daniae
1476 4625 1635 4712 (scriptor.

372 4723 592 4808 'Bor-landam]
617 4727 711 4797 Vicus
731 4727 904 4795 Boeslunde
922 4727 954 4792 in
1015 4753 1075 4798 rer.
1089 4733 1167 4800 Dan.
1179 4733 1250 4800 vot.
1263 4732 1320 4797 Vll
1332 4757 1362 4819 p.
1376 4729 1462 4818 596).

329 4831 487 4920 loparcbia
502 4831 644 4918 Slegelse.
680 4831 803 4900 Dicitur
816 4839 955 4901 Borslua·
