3508 5460
602 311 930 387 wnunuuanus
948 317 972 386 1.
1146 385 1149 398 ,
1306 281 1396 393 'cst

138 526 302 623 majestas
316 521 476 606 obtinuit.
526 523 615 591 Eam
633 521 725 592 enirn
741 545 817 618 prae
836 545 874 592 se
891 511 1046 594 ferentes
1067 523 1102 594 in
1131 521 1284 598 humana
1303 525 1447 602 diuina-

138 673 208 746 que
229 643 414 745 grassandi
435 659 645 740 potestatem
671 642 862 733 habehant,
887 646 1166 744 necquicquam
1189 653 1252 739 eis,
1278 649 1380 746 quod
1397 651 1447 724 li-

137 771 251 842 bitum
274 768 378 857 foret,
404 767 565 840 illicitum
583 765 796 839 habebatur.
847 765 1015 863 Populari
1033 767 1154 858 urbes,
1179 793 1258 842 aras
1276 769 1447 866 demoliri,

137 893 189 964 fas
204 916 248 964 ac
263 889 365 962 nefas
387 892 422 962 in
437 915 543 988 aequo
562 913 708 986 ponere,
734 867 954 985 cunctosque
973 891 1098 990 Rugiae
1116 908 1263 990 penates
1281 913 1343 968 aut
1367 901 1447 970 rni-

138 1019 190 1086 nis
218 1029 280 1084 aut
311 1011 481 1086 incendiis
505 1027 661 1085 evertere
685 1015 878 1108 potuisset;
903 1024 1110 1110 tantumque
1132 1021 1368 1111 superstitioni
1385 1021 1447 1092 in-

136 1135 276 1208 dultum
296 1151 358 1226 est,
382 1148 422 1206 nt
436 1133 553 1232 exigui
568 1134 677 1231 panni
695 1132 882 1206 auctoritas
899 1133 1006 1229 regiae
1024 1138 1204 1231 potestatis
1220 1142 1310 1211 vires
1327 1155 1447 1217 trans-

135 1255 333 1330 scenderet.
359 1263 361 1272 ’
384 1254 580 1329 Plectentes
598 1257 711 1356 signo,
738 1252 886 1351 perinde
903 1279 946 1328 ac
963 1254 1085 1328 divino
1103 1259 1299 1356 gestamini,
1323 1260 1448 1335 hono-

136 1407 212 1454 rem
243 1377 443 1468 habebant,
483 1377 608 1450 officiis
634 1375 783 1468 damna,
824 1378 969 1476 injurias
1000 1361 1182 1475 obs'equiis
1205 1381 1447 1478 rependentes.

135 1506 274 1577 Interea
296 1505 401 1574 variis
423 1497 636 1573 inchoandae
661 1497 859 1573 obsidionis
883 1499 1054 1598 operibus
1082 1503 1260 1574 insistente
1282 1509 1447 1593 exercitu,

137 1625 287 1722 aliisque
304 1622 456 1712 stabula,
482 1620 559 1696 aliis
578 1626 727 1694 tentoria
749 1620 795 1693 ad
813 1625 1031 1696 necessarios
1050 1645 1134 1695 usus
1151 1622 1291 1696 militari
1306 1651 1447 1724 procu-

136 1751 274 1820 ratione
297 1747 531 1835 versantibus,
555 1768 640 1842 rege
660 1769 744 1816 vero
766 1743 883 1817 diurni
899 1745 1030 1818 caloris
1052 1733 1355 1844 inlcmperantiam
1375 1755 1447 1822 otio
1553 1769 1557 1794 ¹

136 1887 244 1966 atque
259 1867 477 1943 umbraculis
494 1867 653 1960 leniente,
678 1869 865 1940 Danorurn
883 1863 974 1940 forte
993 1872 1115 1965 pueri,
1141 1865 1253 1965 plenis
1271 1870 1446 1968 petulan-

137 1999 193 2064 tiae
208 1989 416 2066 excursibus
432 1990 480 2064 ad
494 1989 628 2066 vallum
644 1988 816 2088 perducti,
834 2006 1016 2063 contortos
1026 1988 1139 2062 sunda
1150 1989 1292 2090 lapillos
1304 1993 1340 2063 in
1352 2017 1448 2090 pro-

137 2113 342 2214 pugnacula
372 2117 489 2214 jacere
517 2130 714 2211 coeperunt
783 2115 947 2206 Quorum
970 2115 1113 2210 ingenio
1144 2111 1308 2186 delectati
1335 2120 1447 2216 magis

135 2237 392 2328 Archonenses,
412 2263 521 2336 quam
539 2239 657 2326 territi,
683 2234 813 2308 similes
828 2233 922 2308 lusui
943 2235 1038 2308 nisus
1054 2241 1161 2308 armis
1179 2240 1340 2333 excipere
1357 2262 1447 2310 eru-

137 2361 351 2452 bescebant,
385 2359 435 2432 ob
470 2357 578 2459 idque
604 2385 667 2433 eos
698 2375 861 2458 spectare
896 2383 1005 2456 quam
1036 2355 1209 2454 repellere
1234 2359 1447 2434 maluerunt.

136 2481 434 2557 Adolescentibus
454 2480 608 2555 subinde
622 2506 821 2578 puerorum
837 2496 996 2580 coeptum
1012 2479 1047 2548 in
1066 2479 1239 2552 consimili
1261 2506 1446 2577 provoca-

137 2609 238 2679 tionis
263 2630 394 2705 genere
418 2602 689 2694 aemulantibus,
722 2600 905 2700 spectandi
930 2601 1112 2706 voluptate
1138 2600 1317 2702 deposita,
1350 2627 1446 2704 aegre

137 2755 298 2830 pugnarn
313 2743 513 2826 capessunt.
566 2731 721 2800 Juvenes
740 2751 890 2824 quoque
911 2730 1030 2817 nostri,
1054 2724 1181 2800 relictis
1205 2726 1311 2800 variae
1330 2743 1445 2798 occu-

135 2849 288 2950 pationis
312 2849 456 2940 officiis,
489 2846 536 2921 ad
558 2847 687 2922 auxilia
707 2850 808 2922 sociis
834 2846 980 2919 serenda
1002 2865 1233 2937 concurrunt,
1266 2848 1446 2946 equitibus

135 2977 201 3049 ista
218 2972 670 3072 pueriliumexercitiorum
686 2972 768 3044 loco
787 2970 1009 3074 ducentibus.
1060 2975 1109 3042 lta
1134 2997 1192 3045 res
1218 2969 1378 3068 parvulis
1402 2995 1446 3043 ac

134 3123 229 3196 pene
246 3093 525 3194 despicabilibus
550 3096 651 3169 initiis
677 3111 793 3194 coepta
820 3092 992 3192 grandem
1008 3090 1104 3167 haud
1124 3091 1194 3166 levi
1209 3096 1244 3164 in
1264 3091 1446 3166 momento

134 3218 295 3318 ponendi
313 3219 511 3291 certaminis
527 3242 758 3319 progressum
775 3217 923 3314 accepit,
942 3214 1188 3316 paulatimque
1203 3217 1352 3316 puerilis
1369 3215 1446 3290 ludi

135 3346 401 3416 incitamentum
423 3339 471 3412 ad
494 3346 627 3414 serium
653 3339 761 3414 virilis
783 3364 915 3438 pugnae
932 3336 1081 3410 modum
1100 3341 1289 3440 prorepsit
1341 3343 1448 3412 Forte

134 3481 257 3538 autem
273 3479 391 3564 egesta
407 3479 519 3561 portae
535 3461 668 3536 humus
691 3463 726 3534 in
747 3467 836 3534 antri
856 3467 931 3536 sive
954 3461 1143 3560 crepidinis
1159 3463 1324 3553 formam,
1350 3461 1447 3537 sub·
1539 3465 1541 3468 ’

135 3585 273 3662 sidente
289 3585 477 3687 glebarum
492 3585 598 3678 mole,
625 3601 854 3674 concesserat,
872 3601 1065 3682 vastosque
1078 3590 1167 3656 inter
1184 3588 1306 3658 turrim
1321 3599 1356 3658 et
1378 3609 1447 3658 ce-

132 3712 247 3808 spites
271 3706 387 3782 hiatus
412 3707 566 3808 patebat.
627 3713 742 3803 Quem
768 3733 851 3782 curn
871 3709 1003 3806 egregii
1025 3709 1131 3779 animi
1147 3709 1289 3806 ignotus
1305 3709 1447 3805 juvenis

131 3829 376 3932 gerendarum
392 3856 512 3904 rerum
534 3834 721 3930 proposito
741 3845 986 3929 opportunum
1009 3826 1311 3918 animadverteret,
1337 3830 1447 3901 attin-

129 3951 245 4052 gendi
262 3955 341 4051 ejus
359 3978 466 4053 opem
489 3978 511 4025 a
530 3956 633 4028 sociis
650 3951 867 4052 imploravit,
893 3976 967 4049 quo
983 3955 1010 4024 si
1026 3953 1186 4050 ipsorum
1202 3949 1330 4024 auxilio
1347 3973 1448 4047 prae-

128 4081 309 4168 cessisset,
334 4083 632 4176 expugnationem
649 4075 744 4149 illico
763 4075 1035 4150 subsecuturam
1053 4099 1164 4172 seque
1182 4075 1339 4154 victoriae,
1357 4098 1447 4174 gra-

127 4200 223 4272 dum
238 4197 417 4272 facturum
438 4198 650 4299 spondebat.
702 4200 853 4293 Quibus,
873 4193 1040 4297 ⁴quonam
1055 4197 1166 4271 modo
1181 4198 1300 4296 juvari
1317 4210 1449 4294 posset,

125 4319 447 4421 percontantibus,
466 4322 624 4412 telorum
647 4319 835 4420 cuspides,
864 4326 947 4422 quis
970 4339 1141 4421 tanquam
1157 4318 1257 4394 scalis
1273 4317 1449 4410 eraderet,

125 4443 263 4518 mediis
286 4446 459 4542 cespitum
483 4443 571 4518 locis
592 4445 752 4540 immergi
774 4431 962 4544 praecepit,
995 4467 1111 4541 eoque
1134 4446 1277 4541 negotio
1305 4440 1449 4514 snbve—
1519 4488 1522 4494 -

125 4584 232 4657 ctus,
267 4584 459 4665 postquam
480 4566 736 4657 animadvertit,
755 4571 804 4640 ita
828 4593 866 4641 se
888 4565 1050 4664 undique
1067 4568 1146 4664 ejus
1168 4569 1259 4638 antri
1282 4563 1449 4663 praesidio

123 4689 322 4780 vallatum,
346 4707 388 4763 ut
410 4689 458 4764 ab
474 4689 638 4766 hostibus
661 4689 743 4762 laedt
762 4716 834 4762 non
852 4705 992 4788 posset,
1025 4687 1206 4763 extruendi
1231 4689 1320 4790 ignis
1339 4689 1449 4789 gratia

121 4830 367 4890 stramentum
383 4819 557 4914 poposcit.
610 4819 859 4915 Interrogatus,
882 4838 928 4886 an
943 4811 1157 4888 accendendi
1174 4814 1251 4912 ejus
1268 4797 1449 4887 materiam
