3582 5466
687 293 922 372 utcomtts.
1334 297 1406 369 635

150 521 305 582 mentm
319 507 400 605 jeci,
415 499 455 580 tn
471 507 626 580 incedam
639 504 778 604 absque
795 521 927 606 negoto
941 505 1126 580 messuisti.
1162 509 1207 578 Et
1220 504 1369 604 quidem
1385 511 1459 578 im-

150 653 301 730 pmm
312 629 360 702 ad
378 627 534 720 militem,
559 625 842 702 ernolumentum
863 627 911 702 ud
936 654 1058 728 regem
1082 626 1285 702 redundare
1308 653 1376 728 par
1398 643 1460 704 est.

149 755 194 825 Et
209 777 257 826 ne
277 751 424 826 ulterius
444 751 590 850 privatae
617 749 747 824 mititte
766 751 860 826 lacta
880 774 1101 850 prosequar,
1135 755 1240 824 etiam
1257 752 1293 824 in
1314 748 1460 850 publiea

151 873 307 950 adverso
321 899 391 974 pro
405 889 439 946 te
455 869 604 946 vulnera
618 897 771 972 corpore
786 878 920 972 excepi.
969 877 1014 945 Et
1029 889 1148 946 tamen
1161 877 1214 946 sic
1229 872 1276 946 de
1297 889 1330 946 te
1348 875 1459 948 meri-

150 1015 227 1074 tum
252 998 456 1096 suspicione
481 1011 517 1068 et
533 997 754 1092 querimonia
770 995 1046 1071 eausubundus¹
1075 995 1292 1096 aggrederis,
1313 999 1460 1072 veteris·

151 1145 228 1220 que
241 1119 359 1194 militis
383 1123 434 1192 tui
454 1119 755 1217 promptissimam
781 1115 892 1192 fidem
916 1135 952 1192 et
973 1120 1204 1192 certissimam
1226 1120 1459 1192 innocentiam

152 1259 276 1318 notare
289 1241 453 1316 deforme
467 1265 539 1314 non
557 1238 668 1314 ducis.
721 1242 828 1314 Hisne
840 1265 927 1340 ergo
944 1242 1118 1339 operibus
1132 1241 1256 1330 merui,
1271 1256 1310 1314 ut
1324 1239 1460 1334 adrer-

152 1389 238 1446 sum¹
257 1391 316 1438 me
338 1363 601 1438 aemulationem
624 1377 722 1436 tuam
746 1367 784 1434 io
808 1365 979 1436 concione
1009 1360 1269 1464 destringeresl
1328 1369 1461 1438 Haecne

153 1513 197 1562 ex
212 1487 341 1562 labore
354 1491 513 1588 premis,
535 1511 578 1558 ex
595 1484 715 1558 militia
731 1484 906 1583 stipendia
921 1483 1126 1593 decerpam,
1152 1505 1203 1578 ut,
1217 1488 1323 1586 cujus
1340 1487 1458 1562 bene-

151 1608 333 1686 ficentiam
349 1609 555 1710 sperabam,
581 1607 857 1706 indignationem
876 1611 1062 1706 experiar?
1112 1609 1235 1684 Aliena
1253 1635 1275 1682 u
1292 1627 1327 1684 te
1343 1615 1385 1686 sit
1398 1617 1459 1686 in-

151 1735 247 1832 grati
261 1731 340 1808 haec
354 1733 459 1806 animi
477 1729 596 1820 labes,
621 1744 660 1802 ut
674 1753 826 1827 operum
846 1755 1010 1804 meorum
1034 1730 1217 1806 beneficiis
1242 1732 1375 1808 invidia
1400 1753 1461 1810 at-
1508 1724 1512 1736 ’

154 1879 232 1953 que
245 1855 496 1930 obnectutione
513 1849 741 1952 respondeas.
793 1855 928 1927 Verum
945 1869 1055 1927 totam
1076 1853 1170 1930 hanc
1194 1855 1461 1931 'nsimulatiouis

153 1978 241 2066 vim,
256 1977 305 2050 ab
318 1975 451 2054 invidia
464 1977 675 2078 profectum,
699 2002 773 2052 non
796 1993 879 2069 tuae,
899 1976 965 2052 sed
987 1995 1132 2052 tuorum
1159 1975 1364 2076 malignitati
1388 1985 1460 2054 im-

151 2098 351 2197 putandam
375 2101 546 2174 existimo.
605 2106 651 2174 At
665 2103 818 2200 inregni
832 2101 971 2200 tasugto
985 2099 1179 2174 collocatos
1208 2098 1367 2178 dillieiles
1391 2129 1460 2178 uc-

153 2222 382 2296 eusatoribus
401 2247 506 2298 aures
519 2224 682 2322 praebere
695 2225 870 2298 convenit.
920 2225 992 2294 Diu
1008 2235 1195 2319 paternum
1214 2220 1286 2296 hoc
1308 2227 1459 2324 imperi-

153 2369 218 2416 nm
232 2369 329 2445 gere,
354 2345 574 2446 feliciterque
589 2362 625 2420 et
644 2339 796 2420 nominis
812 2360 848 2418 et
871 2347 970 2443 regni
986 2343 1184 2441 insignibus
1207 2359 1313 2420 utere.
1370 2351 1461 2422 Hee-

152 2466 275 2541 redem
292 2469 368 2562 tibi,
392 2495 502 2569 quem
518 2485 643 2544 natura
664 2465 778 2559 dedit,
805 2470 948 2540 lortunu
974 2463 1144 2538 conciliet.
1203 2467 1284 2565 Ego
1309 2473 1460 2560 sermio
1574 2561 1584 2586 ι
1675 2475 1679 2484 ’

152 2615 375 2692 quocunqne
390 2619 448 2668 me
465 2593 616 2666 lornano
630 2591 757 2666 habitu
772 2591 989 2678 continuem,
1013 2611 1198 2685 nunquam
1217 2587 1461 2666 celsitudinem

151 2731 251 2788 uram
269 2713 343 2788 fide
359 2715 416 2794 vel
431 2715 607 2816 obsequio
625 2715 741 2788 colere
755 2709 1038 2820 supersedebo².

285 2838 491 2914 Permulsus
510 2841 670 2914 oratione
687 2858 760 2928 rex,
777 2834 1010 2935 placidiorem
1031 2843 1103 2910 oria
1122 2835 1284 2912 habitum
1300 2834 1462 2927 induens,

138 2935 328 3033 'menum
345 2959 435 3034 lalso
456 2963 617 3035 instinctu
645 2975 855 3058 conceptam
878 2961 914 3030 in
940 2961 1017 3056 ipsu
1042 2975 1189 3056 repente
1206 2963 1376 3034 concione
1389 2959 1461 3034 de·

152 3087 292 3179 posuit,
318 3099 498 3158 execratus
521 3109 595 3175 eos,
612 3085 677 3182 qui
690 3080 947 3180 simplicitatem
968 3083 1048 3179 ejus
1072 3080 1266 3156 scurriliter
1288 3097 1458 3158 attentas-

150 3221 243 3296 sent,
268 3229 380 3304 seque
394 3205 562 3306 deinceps
578 3204 770 3280 adversum
786 3202 997 3301 hujusmodi
1023 3206 1306 3278 criminationum
1330 3228 1460 3280 susur-

149 3352 215 3401 ros
231 3351 338 3402 aures
354 3327 608 3405 obseraturum
625 3329 804 3428 promittit.
857 3328 1021 3425 Cumque
1034 3329 1205 3402 Henricus
1224 3351 1366 3402 omnem
1384 3327 1460 3402 oh·-

152 3451 363 3526 treetationis
379 3475 455 3526 suae
470 3452 603 3526 molem
617 3451 887 3550 prudentissima
905 3451 1031 3522 Canmi
1055 3456 1288 3548 responsione
1303 3451 1461 3524 subver-

150 3597 236 3646 sam
255 3573 406 3663 rideret,
439 3573 672 3648 familiaribus
686 3597 807 3672 regem
829 3572 932 3646 minis
949 3571 1173 3671 aggreditur,
1200 3599 1340 3650 summa
1361 3575 1462 3650 illum

149 3695 258 3795 regni
272 3695 488 3772 affectatione
504 3701 614 3772 teneri
630 3699 806 3795 inquiens,
824 3699 1067 3791 incertamque
1085 3699 1216 3795 Magno
1238 3703 1337 3798 regni
1363 3705 1461 3796 peti-

145 3819 286 3890 tionem
299 3817 468 3912 l'oturam,
493 3823 523 3895 si
538 3819 677 3920 populo
693 3814 815 3917 judice
831 3815 1034 3892 desummo
1057 3841 1179 3890 secum
1202 3817 1294 3892 foret
1310 3835 1458 3892 conno-

143 3943 304 4014 versiam
331 3941 528 4020 habiturus.
591 3946 734 4042 Quippe
761 3943 943 4015 Cunutum
974 3955 1112 4012 caeterae
1142 3939 1318 4015 nobilium
1344 3941 1480 4038 turbae

195 4253 205 4285 ¹
221 4247 449 4332 cassabundus]
463 4250 617 4315 causandi
635 4269 693 4312 vox
706 4269 778 4333 pro·
835 4269 913 4326 mur,
928 4247 1097 4312 orationem
1107 4247 1217 4311 Canuti
1229 4270 1245 4310 a
1258 4249 1375 4311 Saxone
1389 4219 1461 4311 fuls·

131 4355 219 4443 pria
235 4353 269 4416 in
291 4351 363 4417 l'oro
385 4369 416 4418 et
434 4354 560 4439 judicio.
608 4351 700 4418 Medii
721 4355 779 4418 teri
833 4373 866 4418 se
898 4353 1062 4437 expolitam
1083 4363 1114 4416 et
1133 4352 1224 4416 variis
1244 4353 1461 4418 sententiarum

128 4459 352 4547 scriptorlltns
373 4462 482 4526 usitata
504 4484 565 4548 pro
583 4464 714 4549 ruspare,
734 4485 778 4525 re·
835 4460 1013 4546 ambagibus
1035 4470 1164 4521 aucum.
1219 4457 1280 4523 Sed
1306 4471 1368 4523 tam
1390 4473 1461 4547 apta

123 4569 334 4660 prehendere.
388 4569 471 4632 iiiuc
496 4571 699 4634 cassabundus
720 4579 776 4648 est,
834 4579 880 4632 est
896 4579 963 4630 tota
979 4563 1210 4650 argumentandi
1227 4565 1316 4648 ratio,
1334 4581 1371 4632 nt
1387 4587 1462 4632 neu·

128 4674 197 4762 qni
212 4685 347 4756 accusat,
367 4674 481 4740 crimen
498 4675 638 4740 intentat.
660 4671 709 4760 (S)
830 4673 946 4758 tiquam
960 4671 1142 4751 dubitemus,
1151 4673 1304 4760 precipue
1314 4673 1460 4738 orationis

832 4779 1373 4866 momentsauepotibnasltialmonis
1384 4784 1460 4844 Gan·

188 4893 205 4927 ²
216 4889 321 4954 Colere
339 4887 545 4978 supersedebo]
567 4888 668 4954 Facile
686 4887 777 4970 largi·
835 4883 898 4948 didi
912 4889 1027 4950 Nostro
1040 4883 1131 4952 luisse
1144 4886 1264 4957 tradita.
