3508 5460
350 225 425 298 826
674 225 849 295 HISTOR.
868 226 973 296 DAN.
993 225 1131 295 LIBER
1147 224 1239 296 XlV.

446 343 458 370 Ι

301 433 450 532 pitiandi
479 437 590 532 gratia
624 436 787 532 exquisiti
820 431 936 507 cultus
955 433 1088 533 poculo
1112 449 1302 508 veneratus
1319 447 1382 523 est,
1408 432 1615 530 alienigenae

300 554 478 654 religionis
494 553 653 628 studium
668 555 871 629 domesticae
888 555 1129 655 praeferendo,
1177 559 1283 655 eujus
1300 554 1534 654 postmodum
1550 580 1614 628 sa-

301 676 567 776 crilegiiinfelici
580 704 668 751 nece
685 703 812 777 poenas
829 679 1033 777 persolvit¹.
1083 678 1160 750 Alia
1176 703 1324 775 quoque
1339 675 1422 748 fana
1439 676 1614 772 complu-

302 802 402 874 ribus
418 803 452 872 in
474 799 561 872 locis
580 799 651 872 hoe
672 827 804 875 numen
820 802 990 894 habebat,
1016 827 1098 900 quae
1115 826 1180 899 per
1194 801 1360 897 supparis
1379 799 1554 898 dignitatis
1574 825 1616 872 ac

301 928 447 994 minoris
462 901 626 1018 potentiae
642 923 821 998 flamines²
841 925 1062 1023 regebantur.
1115 928 1288 995 Praeterea
1303 922 1521 1020 peculiarem
1543 920 1615 994 albi

303 1041 432 1116 coloris
450 1069 583 1141 equum
599 1046 699 1120 titulo
717 1045 937 1145 possidebat,
957 1048 1063 1144 cujus
1075 1047 1174 1146 jubae
1190 1062 1250 1118 aut
1266 1043 1392 1118 caudae
1409 1045 1503 1143 pilos
1520 1071 1615 1118 con-

302 1164 434 1239 vellere
455 1167 629 1240 nefarium
653 1169 863 1242 ducebatur.
917 1172 1022 1244 Hunc
1047 1169 1111 1244 soli
1128 1168 1305 1242 sacerdoti
1332 1168 1503 1267 pascendi
1527 1173 1615 1240 insi-

302 1287 485 1385 dendique
498 1290 557 1387 jus
574 1309 660 1382 emt,
685 1318 738 1364 ne·
749 1291 857 1364 divini
877 1292 1037 1366 animalis
1060 1317 1164 1381 usuS,
1191 1316 1267 1391 quo
1282 1287 1615 1390 frequentior,·boc

301 1409 405 1484 vilior
434 1409 634 1484 haberetur.
688 1417 726 1486 ln
749 1414 820 1488 hoc
847 1440 941 1514 equo
967 1421 1136 1513 opinione
1157 1418 1281 1514 Rugiae
1314 1416 1543 1490 Svantovitus
1568 1413 1615 1502 (id

303 1531 493 1607 simulacro
524 1535 742 1610 vocabulum
769 1541 856 1636 emt)
885 1538 1078 1614 adversum
1110 1563 1292 1612 sacrorum
1322 1562 1470 1610 suorum
1494 1536 1614 1610 hostes

302 1654 398 1728 bella
417 1683 542 1756 gerere
560 1658 780 1732 credebatur.
833 1663 945 1760 Cujus
963 1662 1014 1734 rei
1035 1668 1257 1759 precipuum
1277 1676 1526 1758 argumentum
1548 1683 1612 1730 ex·

303 1777 411 1871 tabat,
437 1780 538 1877 quod
553 1785 594 1872 is,
609 1800 783 1856 nocturno
801 1801 962 1882 tempore
982 1781 1126 1855 stabulo
1143 1784 1314 1873 insistens,
1340 1783 1431 1855 adeo
1453 1779 1614 1880 plerum-

305 1928 378 1999 que
402 1929 505 1975 mane
520 1903 652 1978 sudore
667 1932 709 1978 ae
726 1905 801 1979 luto
823 1930 1008 2006 respersus
1027 1904 1227 1998 videbatur,
1253 1923 1425 2006 tauquam
1441 1907 1488 1978 ab
1509 1930 1612 1978 exer-

304 2023 465 2098 citatione
489 2027 666 2100 venieudo
683 2054 897 2128 magnorum
918 2011 1083 2102 itinerum
1104 2029 1217 2124 spatia
1241 2031 1482 2127 percurrisset.
1533 2032 1610 2098 Au-

303 2152 414 2244 spicia
435 2133 583 2248 quoque
598 2174 663 2246 per
680 2149 835 2230 eundem
851 2179 984 2252 equum
1002 2149 1211 2252 hujusmodi
1228 2151 1499 2226 sumebantur³.
1524 2151 1610 2222 Cum

353 2459 452 2517 ¹Nece
469 2482 579 2543 poenus
594 2461 748 2545 persolvit]
768 2463 928 2548 Stephani·

304 2582 355 2636 us,
384 2561 432 2623 eui
462 2560 587 2626 sortasse
609 2566 659 2626 illa
682 2566 805 2630 donatio
827 2594 842 2631 a
869 2583 930 2632 tam

304 2669 419 2730 recenti
456 2682 594 2754 tempore
632 2673 727 2734 aliena
763 2675 930 2752 videbatur,

304 2773 355 2834 hic
379 2771 416 2836 de
438 2775 493 2836 illo
515 2777 655 2840 Svenone
676 2800 765 2862 rege,
798 2783 850 2865 qui
880 2802 930 2846 co·

305 2879 449 2960 gnomine
469 2883 630 2966 'Presltjaeg
651 2886 799 2948 aeaeteris
821 2886 933 2950 discer-

303 2984 394 3062 nitur,
415 2987 463 3070 agi
482 2992 609 3071 putarit.
652 2993 711 3084 Qui
731 3015 833 3077 quum,
857 3007 932 3058 teste

305 3093 373 3172 ipso
395 3093 513 3154 Saxone
535 3092 576 3174 (v.
596 3118 686 3180 supra
700 3121 768 3183 pag.
781 3098 844 3163 507
859 3101 930 3185 sep),

305 3199 436 3258 naturali
478 3199 654 3263 occubuerit
703 3219 818 3282 morte,
878 3211 930 3270 illa

305 3299 410 3382 opinio
424 3301 533 3364 idonea
553 3305 624 3368 huic
643 3306 753 3372 editori
776 3311 930 3376 ridebatur

306 3425 393 3468 carna
427 3430 486 3491 pro
525 3429 591 3476 nece
628 3415 782 3478 hocloco
818 3445 932 3482 carcere

304 3511 521 3595 substituendi,
553 3519 633 3602 qnod
657 3519 767 3585 deinde
793 3523 823 3586 iu
846 3524 932 3610 editi·

304 3637 393 3680 onem
414 3620 605 3687 lllotzianam
627 3629 752 3690 transiit.
813 3633 854 3692 At
882 3651 933 3716 ge·

303 3725 395 3787 noina
427 3727 563 3810 priorum
577 3733 742 3797 editionum
766 3737 857 3798 lectio
880 3736 934 3798 do·

305 3845 368 3908 cet,
402 3834 552 3900 Saxonem
574 3854 710 3905 nostrum
738 3843 856 3904 nullum
881 3844 933 3904 ali·

307 3960 356 4000 um
384 3944 541 4006 Dauorum
564 3968 667 4032 regem
690 3950 779 4032 hujus
803 3953 932 4014 nominis

304 4057 471 4127 spectasse,
503 4073 591 4134 quam
622 4055 770 4136 perfidum
798 4057 885 4117 illum
915 4081 930 4118 a

305 4151 504 4218 Waldemaro
523 4157 720 4242 profligatum
741 4164 826 4246 regni
849 4183 931 4224 eom·

304 4258 486 4338 petitorem,
521 4285 610 4348 quem
637 4281 784 4350 praeterea
812 4270 841 4328 in
877 4271 930 4330 tiis

304 4360 468 4444 eligendis,
508 4393 576 4453 quae
609 4374 709 4457 ipsum
737 4373 773 4434 ad
802 4395 928 4456 scopum

304 4465 414 4531 ducere
441 4492 579 4556 possent,
610 4503 717 4563 parum
740 4481 859 4540 anxium
883 4479 929 4540 l'u·

303 4572 371 4651 isse,
394 4575 455 4657 jam
477 4583 596 4644 aliunde
618 4587 689 4648 satis
712 4599 839 4650 constat.

349 4685 510 4770 ²Suppeta's
524 4691 681 4772 diguitatis
692 4720 727 4754 ae
744 4700 863 4766 reticeres
873 4719 926 4779 po·

165 4841 171 4856 ,
258 4807 264 4812 “
301 4793 398 4850 terrine
410 4793 623 4874 statne'uesllle
646 4796 814 4861 hierarchia
838 4812 868 4862 et
890 4797 927 4862 de

988 2463 1104 2546 majore
1134 2465 1181 2524 rel
1207 2462 1325 2523 minore
1352 2460 1500 2544 dignitate
1527 2473 1610 2546 atque

990 2571 1127 2655 potentia
1146 2569 1335 2630 sacerdotum
1354 2565 1536 2634 Vendorum
1552 2567 1611 2628 eth·

988 2679 1125 2740 nieorum
1145 2677 1209 2758 agit
1230 2677 1337 2750 lione,
1359 2673 1469 2735 Geseh.
1492 2671 1521 2734 d.
1544 2672 1610 2734 Hei·

988 2783 1149 2844 denthums
1171 2783 1211 2842 im
1240 2778 1338 2842 niirdl.
1360 2782 1487 2862 Europa
1513 2781 1536 2854 l,
1557 2775 1611 2840 179

989 2885 1101 2951 -183.

1039 2999 1212 3080 3Ααῳιέιίι
1251 3015 1360 3078 quoque
1397 3017 1453 3078 per
1497 2993 1610 3053 eundem

988 3127 1089 3186 equum
1115 3102 1281 3192 hujusmodi
1299 3093 1498 3174 sumebantur]
1526 3093 1611 3158 fidet

987 3209 1019 3269 iu
1052 3227 1200 3290 equorum
1228 3201 1413 3266 vaticinandi
1446 3203 1476 3263 ri
1508 3203 1611 3286 posita,

986 3315 1064 3376 sicut
1093 3309 1278 3373 eonseetude
1310 3329 1403 3393 equos
1429 3307 1485 3370 diis
1516 3325 1611 3370 sacros

986 3419 1019 3480 in
1058 3418 1166 3482 vicinia
1202 3417 1404 3498 templorum,
1432 3415 1535 3476 alendi
1577 3411 1611 3474 ad

983 3505 1136 3611 'presagia
1175 3521 1319 3606 capienda
1365 3523 1411 3583 vel
1442 3522 1544 3606 potius
1577 3518 1611 3580 ad

989 3628 1061 3692 deos
1087 3632 1169 3714 ipses
1190 3651 1297 3692 eorum
1323 3648 1382 3712 ope
1404 3626 1609 3700 consulendos,

991 3735 1131 3799 omnibus
1164 3734 1342 3800 Vendorum
1376 3735 1500 3819 populis
1534 3755 1609 3798 eom-

990 3841 1088 3903 munis
1121 3839 1211 3902 fuisso
1242 3839 1369 3902 videtur.
1426 3843 1460 3902 ln
1492 3840 1551 3902 vita
1581 3843 1609 3902 S.

989 3948 1115 4011 Ottonis
1144 3946 1225 4020 tlibi.
1254 3949 1279 4007 ll
1301 3965 1365 4030 cap.
1393 3943 1477 4008 321.
1503 3965 1530 4007 c.
1556 3945 1610 4006 col.

988 4049 1063 4132 681)
1096 4065 1200 4114 auctor
1233 4073 1397 4135 anonymus
1429 4050 1467 4114 de
1499 4050 1609 4114 caballo

989 4161 1076 4241 nigro
1104 4171 1135 4220 et
1160 4158 1265 4241 pingvi
1293 4159 1378 4220 miro
1402 4157 1609 4240 magnitudinis

988 4264 1260 4329 aStettinensibus
1283 4266 1313 4324 in
1343 4263 1425 4326 bunc
1449 4263 1540 4326 linem
1565 4284 1610 4326 sn·

984 4383 1116 4433 stentato
1132 4369 1240 4431 similia
1260 4369 1363 4431 rel'ert.
1408 4375 1484 4442 Iste,
1505 4369 1608 4454 iuquit,

969 4467 1048 4539 'tote
1087 4502 1163 4540 artae
1201 4480 1341 4552 uacabat,
1378 4492 1524 4559 taetreque
1545 4477 1609 4560 suit

987 4589 1175 4654 sctrictt'tatt's,
1218 4601 1249 4644 at
1293 4583 1403 4644 nullum
1442 4583 1608 4666 dignaretur

986 4716 1143 4761 sessorem,
1174 4691 1328 4772 dctdut'tque
1360 4711 1448 4749 noum
1479 4689 1514 4750 de
1540 4709 1607 4770 qne·

986 4817 1052 4861 tator
1080 4799 1286 4860 ‚sacerdotibus
1320 4797 1489 4881 templorum
1518 4807 1602 4856 caste·
