3524 5460
649 343 976 416 WALDEMARUS
994 345 1019 413 l.
1365 342 1437 414 737

172 548 459 650 objectarentur,
483 555 601 652 Ergo,
626 557 759 651 inquit,
786 575 868 624 cum
884 552 1018 651 ignavis
1037 567 1073 623 et
1095 549 1315 650 ignobilibus
1330 569 1490 652 coeptnm
1517 637 1521 652 .

174 697 367 773 exequere,
383 691 445 748 aut
459 673 624 772 proficue
640 680 752 750 victor
769 675 909 748 iuturus
925 691 985 748 aut
1003 698 1134 773 parum
1148 672 1321 748 damnose
1338 676 1491 750 vincen-

172 791 256 886 dusa
284 821 398 894 quum
414 777 515 870 nullo
529 799 566 870 in
585 815 768 871 momento
792 795 917 870 vilium
942 797 1134 870 internecio
1150 797 1318 895 ponenda
1335 799 1387 872 sit.
1440 801 1492 872 lta

175 915 288 1015 lepidi
302 920 433 1018 ingenii
465 909 676 994 adolescens
711 919 987 1021 indignationem
1012 944 1115 993 suam
1140 919 1187 992 ad
1201 922 1331 994 inertiae
1354 945 1492 1020 expro-

175 1038 375 1114 brationem
392 1042 463 1116 sub
479 1043 552 1142 joci
572 1047 693 1144 specie
711 1049 895 1117 convertit.
957 1045 1047 1135 Quae
1062 1057 1134 1116 tam
1150 1043 1264 1117 faceta
1279 1045 1357 1142 ejus
1374 1043 1492 1118 urba-

175 1161 272 1236 nitas
297 1168 444 1237 tacitum
462 1173 558 1266 regis
581 1170 782 1241 convicium
807 1167 880 1241 suit
937 1161 1146 1238 Pe'rcadem
1171 1181 1331 1263 tempora
1350 1171 1493 1258 Ascero,

176 1282 470 1362 boskildensium
496 1290 656 1384 antistite,
680 1288 913 1380 decedente¹,
937 1313 1046 1387 super
1067 1287 1300 1389 subrogando
1322 1289 1493 1388 pontilice

176 1408 296 1506 plebis
324 1411 462 1486 aclero
489 1413 656 1514 suffragia
686 1413 913 1488 dissidebant.
980 1409 1118 1485 Eadem
1141 1415 1250 1485 etiam
1273 1427 1493 1511 tempestate,

176 1533 326 1608 dividua
349 1534 592 1613 boskildensis
617 1537 744 1636 populi
770 1538 1036 1636 conjuratione,
1069 1559 1151 1610 cum
1175 1539 1308 1610 mutuis
1332 1533 1491 1610 caedibus

177 1657 303 1730 civitas
318 1657 524 1750 exundaret,
550 1659 698 1734 advenis
713 1663 841 1758 partim
860 1663 969 1752 caesis,
993 1659 1122 1758 partim
1139 1659 1232 1734 urbe
1247 1658 1386 1757 ejectis,
1420 1682 1493 1730 non

177 1795 346 1852 contenta
375 1778 622 1881 indigenarum
645 1781 817 1857 sodalitas
848 1783 1053 1882 alienigenae
1089 1781 1345 1880 conjurationis
1374 1797 1493 1878 partes

178 1904 394 2000 protrivisse,
414 1908 518 1978 mam
536 1911 572 1978 in
588 1933 683 2000 eum,
700 1909 763 2006 qui
771 1909 909 2006 regium
930 1909 1107 1981 numisma
1123 1903 1405 1994 administrabat,
1420 1927 1494 1976 non

178 2043 321 2101 tantum
347 2026 443 2101 aedes
465 2031 546 2127 ejus
567 2031 646 2104 solo
666 2027 954 2130 aequando,1sed
977 2035 1086 2104 etiam
1106 2027 1203 2102 bona
1222 2028 1342 2102 omnia
1361 2023 1493 2126 diripi-

179 2151 278 2227 endo
311 2157 492 2226 vesaniam
532 2177 607 2227 suae
641 2154 932 2228 consternationis
958 2153 1148 2227 exercuit2.
1216 2153 1320 2224 Tunc
1345 2175 1407 2222 rex
1442 2148 1493 2222 ob

178 2277 372 2376 majestatis
396 2299 472 2352 suae
495 2293 739 2376 contemptum
764 2275 881 2348 acrius
906 2279 1036 2350 civitati
1056 2277 1234 2373 intensus,
1260 2297 1343 2346 cnm
1361 2271 1408 2346 ad
1424 2297 1493 2346 ex-

178 2399 317 2474 cidium
348 2400 427 2496 ejus
452 2425 583 2500 magna
607 2395 876 2499 provincialium
892 2423 1001 2473 rnanu
1026 2406 1212 2488 niteretur,
1245 2399 1359 2472 missis
1382 2395 1431 2470 ad
1453 2420 1493 2471 se

178 2519 450 2622 deprecandum
477 2521 619 2624 legatis,
644 2548 689 2596 ne
717 2527 841 2614 armis,
871 2547 953 2620 quae
976 2547 1045 2620 pro
1069 2524 1182 2622 patria
1199 2521 1291 2596 ferre
1307 2517 1494 2607 debuerat,

176 2645 374 2721 adversum
399 2651 548 2746 patriam
568 2661 740 2736 uteretur,
773 2644 1051 2719 incolumitatem
1071 2646 1164 2736 urbi,
1189 2659 1356 2741 suscepta
1373 2665 1493 2739 pecu·
1544 2729 1549 2746 Κ

176 2777 250 2846 niae
264 2773 439 2870 pactione,
465 2769 619 2844 donavit.
672 2775 788 2864 Quam
813 2773 980 2843 continuo
1005 2765 1147 2868 placida
1168 2785 1285 2841 mente
1302 2769 1494 2866 ingressus,

178 2897 361 2968 'lbinitatis
382 2891 449 2966 aedi
478 2893 740 2969 inservientium
766 2908 909 2992 penates
933 2896 1088 2984 intravit,
1115 2883 1311 2996 eorumde
1336 2885 1493 2962 creando

179 3003 353 3119 pontilice
366 3015 532 3118 suffragia
563 3039 631 3091 suo
652 3033 866 3117 prosecutus
883 3039 1041 3090 assensu.
1092 3014 1306 3114 Quanquam
1325 3028 1444 3086 autem
1461 3011 1494 3083 ei

179 3150 221 3216 in
245 3139 437 3216 ecclesian
474 3140 673 3241 majoribus
695 3141 835 3216 condita
863 3163 905 3214 ac
921 3137 1044 3213 dotata
1076 3141 1166 3239 juris
1188 3135 1325 3238 aliquid
1339 3159 1493 3234 compe-

177 3283 259 3338 tere
281 3263 477 3357 videretur,
503 3262 588 3338 nihil
612 3289 651 3338 se
677 3281 794 3338 tamen
810 3262 1000 3339 adversum
1024 3289 1105 3336 eam
1128 3279 1190 3336 aut
1208 3261 1324 3335 illicita
1343 3259 1495 3334 allecta-

179 3393 281 3462 tione
313 3407 375 3464 aut
404 3387 545 3464 insolita
579 3387 831 3466 consvetudine
859 3403 1167 3488 praesumptumm
1192 3383 1355 3477 dicebat3
1389 3386 1497 3456 sacru

177 3511 360 3611 siquidem
382 3511 524 3612 legibus
547 3529 691 3584 cantum
715 3535 838 3603 nosse,
863 3537 908 3584 ne
931 3509 1050 3583 clerus
1067 3508 1246 3608 peculiare
1261 3505 1416 3607 eligendi
1434 3507 1494 3604 jus

176 3634 295 3735 regali
315 3638 465 3734 imperio
484 3635 680 3708 obnoxium
689 3633 830 3709 habeat.
882 3639 1007 3733 ltaque
1016 3637 1241 3730 praesentiam
1257 3657 1360 3708 suam
1369 3630 1495 3706 haud-

177 3783 368 3862 quaquam
400 3757 652 3858 impedimento
682 3760 859 3848 futuram,
891 3781 965 3856 quo
997 3758 1115 3828 minus
1139 3755 1354 3829 electoribus
1383 3753 1495 3828 libera

175 3881 433 3984 suffragiorum
459 3881 602 3956 arbitria
618 3897 792 3956 maneant.
849 3881 952 3953 Tunc
972 3877 1100 3968 clerus,
1116 3875 1319 3977 religiosam
1336 3880 1414 3978 ejus
1428 3880 1496 3976 ju-

232 4181 362 4242 ¹Ascero
377 4175 542 4258 decedeuu]
557 4177 616 4242 Dic
641 4172 682 4240 18
694 4176 811 4264 Aprilis
872 4187 962 4240 tasse.
1017 4167 1078 4237 Sed
1097 4169 1188 4236 verba
1207 4168 1333 4236 Sasonis
1353 4168 1413 4234 boc
1432 4147 1503 4232 non¹

176 4277 278 4349 1158
872 4279 1046 4346 admittunt.
1086 4281 1196 4344 Narrat
1212 4277 1293 4342 anim
1310 4278 1372 4358 ille,
1391 4275 1498 4341 andern

872 4399 1031 4471 tempora,
1063 4405 1124 4470 quo
1149 4383 1282 4469 populns
1309 4405 1326 4447 a
1349 4383 1432 4448 clero
1459 4381 1497 4446 de

230 4497 812 4562 'Veraniamsuoeconsternationiseser·
872 4493 1020 4556 electione
1043 4487 1197 4574 pontilicis
1220 4487 1397 4569 dissideret,
1430 4509 1499 4554 cru·

172 4601 259 4684 coit]
282 4587 481 4668 sxnttmoii
501 4601 644 4666 Suhmius
663 4597 759 4684 (Hist.
780 4598 815 4664 af
873 4600 952 4685 pisse
970 4595 1216 4682 conjurationem
1247 4597 1358 4662 civium
1382 4593 1500 4681 indige·

169 4713 293 4776 Duum.
306 4705 326 4773 7
338 4712 378 4772 Ι).
394 4709 426 4774 S.
442 4704 495 4787 13)
511 4706 667 4772 dissidium
682 4705 720 4771 de
734 4727 812 4793 pon·
874 4725 981 4769 aarum
995 4715 1103 4768 contm
1123 4699 1263 4780 advenas,
1287 4715 1319 4768 et
1335 4703 1393 4767 bac
1409 4719 1499 4768 ocan-
1530 4757 1533 4770 .

168 4815 264 4884 tiliae
281 4815 423 4902 eligendo
448 4813 652 4881 odiam-illud
679 4813 814 4880 interne·
873 4813 959 4877 sione
976 4809 1099 4876 domuin
1123 4807 1284 4876 monetarii
1301 4808 1383 4895 regis
1405 4805 1498 4870 fuisse

169 4925 285 4994 οἰιιωιι
300 4925 381 4992 inter
402 4923 483 4989 ciras
506 4919 720 4988 boskildensas
736 4903 814 4986 exci-
878 4929 1033 4984 vastatam.
