3508 5460
390 281 463 358 aut
721 276 897 347 nasson.
915 221 1021 349 uua.
1036 275 1176 348 unua
1195 275 1287 348 xiv.
1363 257 1369 270 '

339 497 504 591 sequium
524 485 827 559 communicantes
844 481 981 559 bellum
999 482 1181 572 incideret,
1206 481 1399 556 amborum
1417 480 1520 558 miles
1543 459 1654 558 alter-³

342 634 462 691 utrum
477 607 640 710 juvando
656 605 767 679 fidem
790 609 935 706 utrique
960 631 1104 716 servare
1118 629 1191 678 nou
1218 623 1351 704 posset.
1420 607 1492 678 Nee
1507 610 1581 706 regi
1604 607 1644 680 ad

337 742 428 812 iram
443 732 587 808 mitibus
601 732 781 828 responsis
798 729 1015 827 placidoque
1029 727 1131 804 vultu
1156 726 1347 828 tegendam
1373 753 1481 827 aequa
1503 729 1643 804 simula-

337 863 385 934 tio
400 856 523 930 deluit.
560 857 678 946 Quem
692 877 778 924 cum
794 850 1021 923 Hallandiam
1036 849 1194 949 petendo
1210 853 1376 924 comitem
1393 851 1550 946 haberet,
1566 871 1643 926 tan-

336 1005 446 1082 quam
463 973 607 1051 insidias
624 974 693 1048 sibi
708 990 906 1046 nectentem
926 976 1052 1046 tacitus
1076 976 1219 1046 notavit.
1280 976 1399 1068 Quam
1421 991 1463 1048 ut
1487 975 1644 1075 effugeret

336 1100 611 1202 suspicionem1,
635 1098 808 1194 imperata
822 1081 1063 1188 seiacturum,
1079 1093 1295 1194 spondebat,
1320 1103 1349 1172 si
1366 1099 1557 1196 potentiam
1572 1101 1644 1196 ejus

335 1251 398 1301 rex
423 1219 684 1298 beneficiorum
707 1221 933 1294 incrementis
957 1218 1146 1292 extendere
1169 1219 1354 1310 voluisset,
1386 1236 1431 1312 et,
1464 1225 1643 1318 sicutipse

334 1373 499 1449 regnum,
525 1340 628 1442 quod
644 1358 789 1414 eatenus
804 1342 929 1415 electio
944 1342 1115 1432 variabat,
1139 1339 1405 1418 haereditarium
1421 1341 1564 1417 efficere
1578 1370 1643 1442 ge-

334 1477 442 1564 stiret,
467 1472 513 1542 ita
544 1491 694 1565 quoque
707 1467 988 1540 necessariorum
1004 1489 1153 1538 suorum
1177 1465 1300 1539 liberis
1325 1491 1501 1563 suppares
1525 1464 1640 1566 digni-

334 1613 421 1669 tates
446 1611 481 1666 et
507 1593 657 1664 minores
674 1591 849 1688 potentias
864 1603 1041 1687 perpetua
1061 1587 1276 1676 haereditatis
1298 1589 1379 1688 lege
1397 1587 1564 1663 fruendas
1579 1591 1641 1662 tri-
1721 1605 1722 1608 ’

334 1719 471 1791 bueret.
523 1717 647 1811 ltaque
668 1717 892 1810 praecipuam
914 1714 1018 1783 lutiae
1042 1729 1181 1808 partem
1208 1712 1397 1786 Absalonis
1422 1711 1553 1788 auxilio
1574 1739 1641 1812 pa-

335 1859 426 1931 ctus,
450 1839 589 1909 Canuto
612 1833 769 1934 supplex
793 1833 871 1906 sore
892 1835 1073 1928 sustinuit;
1098 1833 1383 1934 haudquaquam
1408 1851 1528 1908 tamen
1555 1837 1639 1912 soli-

335 1963 420 2036 dam
440 1959 534 2059 regis
553 1958 741 2031 amicitiam
763 1962 995 2053 recuperavit.
1045 1959 1098 2030 Ea
1125 1965 1219 2030 enim
1242 1960 1350 2056 regiae
1373 1958 1435 2028 irae
1457 1962 1641 2057 pertinacia
1721 1967 1722 1996 ³

334 2099 419 2176 erat,
443 2097 483 2154 ut
496 2080 606 2154 semel
625 2103 771 2152 accensa
789 2077 948 2150 funditus
970 2081 1124 2180 extingui
1140 2104 1213 2152 non
1233 2097 1365 2178 posset.

467 2206 559 2278 Vere
573 2205 795 2302 appetente²,
820 2198 1003 2296 libralem,
1030 2201 1292 2300 Christophoro
1330 2217 1365 2275 et
1381 2205 1535 2302 Maguo³
1557 2229 1640 2302 par-
1721 2281 1722 2292 χ

333 2327 490 2405 ticularis
505 2323 696 2399 adversum
713 2322 855 2397 Sclavos
872 2323 1106 2421 expeditionis
1123 2324 1252 2398 ductus
1268 2325 1507 2398 committitur.
1558 2331 1640 2398 Nam

333 2448 624 2527 orientalesDani
648 2447 819 2521 duntaxat
842 2474 927 2521 curu
950 2448 1200 2523 Fioniensibus
1227 2446 1376 2520 classem
1402 2447 1640 2542 confecerant;

331 2575 570 2651 Scaniensium
594 2595 681 2646 vero
707 2597 820 2670 penes
845 2569 1145 2668 christophorum
1169 2591 1329 2663 summa,
1351 2594 1462 2668 penes
1485 2570 1638 2644 Absalo·

329 2723 413 2774 nem
428 2695 615 2784 arbitrium
633 2693 856 2767 consistebat.
917 2692 1058 2786 Quibus
1073 2691 1310 2766 Tribusanam
1333 2693 1468 2766 adortis
1490 2697 1637 2792 provin-

329 2823 455 2909 ciam⁴,
481 2814 752 2915 Christophoro,
778 2828 950 2914 tauquam
965 2815 1109 2913 juniori,
1135 2817 1224 2904 inter
1239 2814 1428 2888 Absalonis
1449 2819 1638 2915 Magnique

329 2947 452 3043 copias
477 2938 617 3014 madius
642 2937 811 3012 militandi
836 2937 937 3012 locus
968 2938 1185 3029 decemitur‚
1211 2953 1253 3012 ut
1276 2944 1363 3040 regii
1388 2943 1569 3040 sanguinis
1583 2941 1636 3013 la-

328 3081 406 3139 tera
421 3063 502 3138 fidis
516 3062 750 3160 stipatoribus
771 3067 1005 3162 cingerentur.
1058 3065 1089 3133 Τ
1090 3078 1172 3138 anta
1188 3078 1303 3136 autem
1328 3065 1492 3138 vicorum
1509 3071 1638 3138 exustio

329 3187 407 3278 fuit,
433 3200 474 3259 ut
487 3185 595 3258 iidem
613 3185 733 3260 adhuc
748 3210 865 3283 usque
879 3185 980 3259 cultu
1007 3188 1111 3259 vacui
1136 3187 1302 3284 praeteriti
1326 3185 1477 3259 incendii
1500 3189 1638 3287 magni-

327 3310 486 3384 tudinem
499 3309 738 3408 praesentibus
760 3324 930 3382 testentur
952 3306 1097 3383 indiciis.
1149 3307 1310 3382 Absalon
1332 3333 1413 3382 cum
1437 3309 1637 3409 repetendae

327 3433 449 3508 elassis
470 3447 632 3532 tempore
645 3448 819 3505 extremos
841 3447 998 3524 curaret,
1030 3433 1200 3506 nunciato
1223 3430 1379 3505 hostium
1408 3449 1636 3533 superventu,

325 3579 535 3656 quanquam
554 3571 648 3628 tanta
664 3557 718 3630 vis
736 3554 877 3652 frigoris
895 3571 980 3646 erat,
1004 3573 1044 3630 ut
1068 3558 1173 3657 primi
1198 3559 1359 3630 revocari
1381 3581 1456 3630 non
1484 3571 1637 3655 possent,

326 3679 564 3780 quadraginta
579 3677 666 3751 solis
680 3675 861 3777 equitibus
877 3682 1037 3774 stipatus,
1062 3685 1164 3778 prius
1185 3677 1326 3752 hostem
1353 3703 1465 3778 quam
1495 3679 1637 3768 vadum,

322 3825 391 3899 per
405 3799 508 3900 quod
527 3815 603 3873 erat
619 3799 810 3894 rediturus,
828 3801 981 3875 tentavit.
1035 3800 1175 3895 Quibus
1184 3801 1323 3902 iugatis,
1341 3800 1438 3875 leuto
1454 3804 1577 3878 itinere
1593 3799 1638 3874 ad

323 3947 466 3998 amnem
479 3925 656 3997 concessit
708 3926 824 4016 Quem
840 3940 975 3996 structo
991 3941 1103 4023 ponte
1117 3942 1373 4024 transgressus,
1398 3941 1483 4024 post
1499 3941 1635 4021 tergum

320 4070 416 4146 opus
431 4045 647 4144 abrumpere
661 4043 787 4138 uoluit,
811 4070 858 4118 ne
877 4044 952 4118 ulla
975 4046 1109 4121 timoris
1131 4049 1279 4146 vestigia
1301 4047 1506 4148 relinquere
1531 4045 1638 4121 vide-

365 4319 603 4411 ¹Suspaeiouem]
640 4325 712 4384 Hoc
752 4319 950 4404 rotabulum,
1046 4324 1263 4388 *Trt‘busunum
1351 4321 1553 4414 prouinciam]
1575 4325 1637 4385 Pa-

317 4425 401 4516 quod
428 4439 532 4492 sensus
572 4427 719 4513 requirit,
766 4427 799 4490 iu
827 4427 875 4492 ed.
897 4451 946 4517 pr.
1001 4427 1143 4489 meraniae
1160 4429 1312 4495 citerioris
1327 4444 1466 4518 partem,
1484 4429 1637 4495 Mechleu·

316 4530 808 4618 omittam,eddidit8tepbauiua.
829 4530 897 4618 (V.)
1000 4533 1100 4619 burgo
1132 4535 1278 4614 vicinam,
1314 4537 1367 4600 ubi
1389 4537 1540 4624 oppidum
1570 4543 1638 4596 erat

1002 4643 1146 4715 (iht'buzrlr,
1157 4662 1238 4704 nunc
1254 4646 1382 4707 Trt'bsees
1392 4657 1545 4709 vocatum.
1572 4643 1637 4704 No·

999 4745 1133 4809 minatur
1151 4747 1203 4810 illa
1218 4747 1371 4835 expeditio
1389 4749 1428 4815 ab
1448 4764 1579 4816 sumam
1590 4745 1637 4810 ht-

359 4845 512 4933 'MagnoJ
542 4845 624 4913 Filio
650 4847 731 4934 regis
752 4849 836 4914 Erici
858 4853 941 4915 Lam.
997 4855 1102 4918 storia.
1114 4856 1217 4937 linytl.
1236 4877 1269 4940 p.
1282 4851 1353 4920 384.

360 4681 463 4745 ’Vere
483 4677 651 4769 appetente]
676 4679 757 4745 Anni
771 4677 861 4748 1167.
