3524 5460
545 261 693 338 simo
706 263 762 336 lll.
814 262 1018 338 canctus
1038 261 1077 332 ll.
1338 263 1410 340 ost

157 493 296 546 summa
312 493 379 570 spe
396 485 590 546 extremam
603 470 888 570 desperationem
903 478 1062 548 mutavit.
1102 475 1227 572 Neque
1241 475 1334 546 enim
1350 475 1460 572 igno-

155 595 267 684 rabat,
279 596 436 690 equitatu
454 616 586 668 vacuos
601 591 732 668 lentam
746 611 780 668 et
789 594 984 694 ignobilem
995 593 1152 670 militiam
1167 593 1336 689 edituros,
1351 595 1460 694 plus-

154 741 225 814 que
242 713 312 788 sibi
327 713 482 814 praesidii
498 713 642 790 demere
665 741 777 814 quam
792 716 989 792 duramenti
1012 719 1240 792 consciscere.
1298 721 1344 790 Et
1365 743 1410 790 ne
1427 720 1459 789 ei

152 839 275 912 similis
291 863 418 912 manus
435 836 557 918 deesse
572 839 760 932 videretur,
793 842 1052 938 Wibergenses,
1077 855 1198 938 utpote
1219 845 1268 912 rei
1285 845 1458 938 equestris

151 955 309 1062 ignaros,
335 958 491 1060 pedestri
510 959 634 1059 praelio
651 962 799 1036 militare
817 963 1005 1061 praecepit,
1029 960 1222 1036 nonnullos
1237 963 1325 1032 iuter
1342 965 1456 1058 sagit-

152 1086 260 1156 tarios
276 1099 310 1154 et
327 1081 522 1158 funditores
539 1081 709 1182 dispertit.
757 1087 821 1158 His
843 1084 934 1158 levia
955 1101 1130 1177 tormenta
1151 1107 1306 1181 saxaque
1326 1080 1457 1181 jactilia

151 1231 219 1308 pro
242 1206 349 1278 armis
372 1204 486 1278 suere.
537 1209 699 1278 Proxime
724 1207 772 1278 eis
788 1205 836 1280 ab
858 1225 1014 1306 utroque
1041 1204 1149 1280 latere
1171 1211 1306 1304 equites
1330 1201 1456 1302 jungit,

150 1356 234 1406 mox
251 1327 409 1402 bostium
425 1343 523 1426 terga
542 1352 738 1427 pressurus.
791 1327 1039 1404 Committendi
1060 1331 1174 1406 taliter
1194 1327 1305 1430 praelii
1322 1326 1455 1425 praeei-

149 1479 247 1554 puus
267 1469 373 1527 autor
387 1452 422 1524 ei
437 1447 683 1524 Waldemarus
697 1451 856 1542 extabat,
891 1479 1024 1552 corpus
1051 1457 1150 1526 anuis
1174 1470 1352 1540 tenerum,
1373 1452 1453 1517 ani-
1577 1539 1583 1546 ³

148 1602 252 1650 mum
267 1571 439 1648 industria
459 1573 695 1672 praevalidum
711 1572 856 1648 babens.
912 1579 945 1646 Is
966 1575 1144 1672 siquidem
1168 1573 1305 1674 pedites
1320 1567 1453 1668 pediti·
1522 1661 1527 1680 Ι

148 1699 221 1773 bus
237 1693 496 1796 opponendos,
520 1694 630 1770 latera
655 1712 774 1770 autem
799 1714 834 1770 et
856 1714 957 1796 terga
979 1698 1027 1770 ab
1049 1699 1226 1798 equitibus
1251 1687 1454 1770 incessentia

149 1825 330 1898 doctrerat.
382 1823 551 1910 Canutus,
574 1817 761 1918 dupliciter
778 1821 933 1893 instructi
953 1819 1061 1896 hostis
1076 1821 1316 1896 consiliumet·
1332 1838 1453 1914 appa-

128 1962 229 2048 ratu
243 1965 473 2044 cognosceus,
499 1947 798 2040 opportunitatem
820 1943 953 2018 insidiis
971 1967 1103 2043 negare
1124 1943 1310 2042 disposuit.
1359 1937 1453 2032 Qui-

149 2069 219 2142 bus
235 2083 274 2140 ut
292 2069 434 2164 copiam
451 2061 620 2156 demeret,
644 2090 762 2162 neque
779 2089 900 2139 suosa
921 2084 1022 2166 tergo
1038 2068 1286 2140 circumveniri
1308 2079 1453 2164 patere-

149 2208 223 2280 tur,
250 2211 343 2286 opus
372 2189 509 2285 impetu
522 2204 638 2276 ratus,
663 2203 771 2260 totam
795 2213 941 2261 manum
968 2187 1292 2262 incousertissimos
1317 2181 1453 2284 pedites

149 2310 300 2402 inducit,
328 2333 463 2408 eosque
479 2311 611 2409 passim
627 2325 661 2381 et
677 2313 774 2383 varie
789 2316 983 2385 resistentes
998 2337 1100 2409 paene
1126 2335 1250 2385 omnes
1268 2308 1453 2410 oppressit.
1550 2379 1557 2398 .

148 2439 276 2531 Necea
292 2447 407 2506 tamen
426 2435 553 2508 virtute
572 2429 774 2530 periculum
804 2431 974 2532 propulit.
1032 2435 1174 2530 Quippe
1197 2435 1313 2506 Sveno
1338 2433 1452 2502 utrin-

148 2581 221 2656 que
235 2582 277 2630 ex
292 2555 402 2628 latere
420 2553 642 2630 adversarios
669 2560 795 2653 partito
822 2559 982 2652 equitatu
999 2554 1247 2646 circumvolat,
1273 2548 1451 2626 deturba-

148 2683 266 2778 tisque
283 2683 396 2776 equis,
421 2703 513 2776 quos
529 2693 622 2750 retro
638 2678 750 2748 aciem
787 2675 881 2776 fugae
907 2695 1003 2752 metu
1019 2678 1209 2769 locaverat,
1234 2674 1370 2771 ancipiti
1391 2675 1452 2742 in-

147 2827 253 2879 cursu
269 2799 459 2898 conclusus
474 2797 684 2898 exagitabat.
737 2798 844 2890 Quod
860 2799 922 2872 ubi
941 2799 1038 2875 videt
1057 2805 1225 2892 Caurum,
1243 2797 1451 2872 transversis

145 2926 259 3000 aciem
275 2923 457 3021 principiis
480 2925 637 3014 instruit,
669 2938 946 3022 revocatamque
962 2947 983 2994 a
1001 2921 1180 3022 peditibus
1206 2945 1365 3022 pugnam
1405 2909 1452 2986 ad

147 3049 284 3146 equites
299 3043 480 3120 transtulit.
534 3048 677 3143 Quippe
696 3069 715 3114 a
741 3059 842 3142 tergo
865 3045 1075 3118 instantibus
1098 3069 1160 3118 ora
1183 3043 1367 3118 advertere
1381 3063 1451 3110 ne-

147 3193 246 3246 cesse
262 3166 396 3240 habuit.
447 3171 563 3242 Saeuo
580 3193 673 3258 vero,
689 3191 771 3240 cum
785 3169 935 3241 etarmis
947 3165 1119 3240 diffideret
1132 3181 1166 3239 et
1182 3189 1360 3265 equorum
1378 3185 1450 3260 pe-

148 3290 259 3367 ricula
281 3287 504 3378 formidaret,
537 3295 745 3364 transversis
770 3313 831 3362 eos
855 3288 985 3387 praeliis
1008 3290 1172 3388 fatigare,
1204 3316 1279 3363 non
1304 3309 1450 3358 manum

149 3441 228 3488 curn
244 3416 297 3487 eis
314 3419 389 3486 acie
405 3439 602 3504 conserere,
626 3439 699 3487 non
713 3409 898 3511 pugnandi
914 3414 1052 3510 copiam
1068 3413 1204 3501 lacere,
1230 3409 1293 3485 sed
1316 3413 1449 3483 incerto

148 3539 260 3608 Marte
293 3533 503 3613 ludificatos‘
523 3553 612 3612 testu
642 3561 685 3609 ac
715 3533 922 3609 lassitudine
944 3533 1168 3633 superandos
1189 3534 1358 3623 curabat,
1389 3553 1450 3602 eos

147 3663 352 3758 gravissime
373 3659 539 3750 adortuS,
554 3665 615 3756 qui
636 3659 818 3731 communi
833 3659 907 3728 acie
932 3654 1073 3756 longius
1095 3656 1305 3730 excedentes
1330 3652 1449 3728 auda·-

148 3787 224 3856 cius
238 3797 350 3854 semet
362 3780 618 3880 propulsandis
634 3781 801 3878 objecere
824 3773 998 3878 pericults'.
1052 3758 1163 3852 Variis
1181 3784 1286 3878 igitur
1300 3777 1449 3874 irrupti-

149 3904 276 3978 onibus
302 3903 454 3980 lacessiti
479 3904 681 4003 crebroque
704 3907 838 4000 impetu
859 3915 893 3974 et
916 3899 1072 3999 obliquis
1094 3900 1324 3974 concursibus
1348 3897 1450 3970 lace-

147 4031 222 4118 rati,
241 4025 383 4100 tandem
402 4029 527 4100 virium
552 4030 672 4126 inopia
696 4025 744 4100 ad
764 4039 890 4099 tantam
911 4009 1074 4122 corporis
1099 4022 1340 4098 lassitudinem
1360 4045 1449 4118 per-

150 4166 330 4240 venerunt,
357 4165 395 4224 ut
412 4166 542 4249 praeter
558 4173 783 4223 communem
805 4145 1036 4245 belligerandi
1061 4175 1199 4222 morem
1214 4151 1249 4218 iu
1272 4151 1350 4242 ipso
1364 4169 1449 4216 cer-

147 4273 283 4344 taurinis
301 4271 430 4344 ardore
443 4274 599 4346 sessione
618 4285 818 4370 pausarent.
859 4299 861 4302 ·
881 4271 1046 4366 Cumque
1070 4295 1136 4342 nec
1158 4268 1205 4342 ad
1229 4270 1352 4366 fugam
1382 4291 1449 4338 nec

147 4392 193 4464 ad
209 4419 368 4494 pugnam
387 4392 529 4468 visulla
549 4408 766 4491 suppeteret,
790 4389 877 4464 dum
902 4391 1033 4464 solicite
1048 4391 1170 4465 salutis
1192 4386 1355 4489 praesidia
1372 4393 1449 4461 cir·
1561 4391 1588 4486 ,⁵

147 4517 400 4615 cumspiciunt‚
424 4514 609 4615 oppidum,
630 4515 733 4612 cujus
756 4511 866 4612 paulo
884 4530 962 4586 aute
979 4514 1113 4587 incolas
1129 4513 1313 4601 sudarunt,
1339 4537 1448 4583 com-

148 4638 260 4730 posita
283 4639 356 4711 acie
379 4638 550 4737 paulatim
576 4635 744 4712 accedere
774 4638 985 4708 tutissimum
1010 4635 1163 4729 ducunt,
1193 4633 1339 4712 subsidii
1365 4633 1448 4707 loco

151 4753 302 4834 bostium
318 4765 415 4836 tectis
432 4763 537 4836 usuri.
591 4765 644 4833 Eo
661 4760 768 4858 igitur
783 4763 929 4834 servatis
946 4760 1132 4836 ordinibus
1148 4764 1324 4835 incessum
1340 4783 1446 4830 errro-
