3538 5460
612 295 943 374 WALDEMARUS
958 295 994 371 1.¹
1331 290 1408 370 057

141 537 272 616 punem
287 507 374 586 fidei
390 507 426 582 in
440 503 663 584 medicomm
680 531 793 610 opere
810 512 936 608 reponi
955 521 1131 609 oporteat,
1154 503 1377 582 documento
1390 528 1460 581 ex·

143 641 246 714 uttt¹.
298 637 450 734 ingressi
467 651 573 706 mane
588 629 798 708 cubiculum
815 635 929 726 amici,
943 628 1100 706 defuncti
1116 631 1209 730 regis
1226 651 1463 730 onrpnapen-

142 778 253 858 quem
275 754 391 832 simile
405 754 554 855 spimnti
570 754 771 854 reperiunt,
795 751 890 828 adeo
905 753 1092 852 pristinum
1107 751 1271 828 habitum
1289 755 1463 829 retinente

142 879 265 972 rultu,
289 893 331 956 ut
348 901 417 952 nec
441 879 561 978 rigore
577 889 799 950 conuectum
823 903 891 952 nec
913 875 1064 952 horrore
1088 889 1266 950 mutorum
1290 897 1463 967 cerneres,

142 999 354 1078 rubicundis
378 1005 451 1075 oris
475 999 567 1074 notis
582 997 653 1071 rivi
666 995 820 1073 bominis
839 999 998 1098 speciem
1016 983 1462 1099 aspectumqucredden-

143 1121 249 1202 tibus.
297 1127 500 1212 incertum,
515 1147 562 1196 ιιι
576 1118 796 1213 decessisset,
820 1121 957 1220 pristini
972 1119 1104 1198 coloris
1118 1120 1276 1212 habitus,
1287 1125 1370 1196 totis
1387 1115 1463 1192 ad-

143 1248 219 1324 buc
236 1243 411 1322 membris
426 1261 605 1336 retentus,
629 1241 832 1342 relinquere
849 1243 1050 1320 videbatur.
1099 1247 1187 1320 Sero
1213 1243 1355 1318 tandem
1375 1240 1464 1344 psl-

144 1370 224 1448 lore
241 1372 366 1447 mortis
386 1367 497 1444 iidem
521 1367 692 1460 faciente,
711 1365 905 1444 mandatur
920 1366 1051 1442 feretro
1074 1392 1228 1469 corpus,
1252 1365 1463 1466 itingstadi·

145 1517 285 1593 umque
308 1490 493 1566 funerandi
518 1493 632 1592 gratia
658 1488 913 1566 devehendum
936 1497 1119 1566 curatur2.
1179 1493 1246 1566 Hic
1265 1493 1365 1566 ricus
1388 1514 1465 1566 non

146 1630 322 1692 vetustate
344 1609 475 1706 modo,
502 1611 567 1688 sed
587 1617 692 1688 etiem
711 1590 962 1714 paternae‘ejus
980 1614 1176 1714 sepulture
1193 1612 1294 1689 titulo
1311 1615 1465 1713 conspi-

147 1761 241 1816 cuus
278 1736 493 1810 habebatur.
550 1740 707 1811 Accessit
734 1733 845 1810 luctui
879 1753 1033 1812 matrum
1056 1737 1267 1812 miserabilis
1288 1737 1465 1837 planctus,

149 1863 287 1959 sparsis
303 1860 416 1934 comis
439 1859 558 1932 funeri
578 1861 861 1952 occurrentium,
886 1861 1089 1964 iterumque
1110 1883 1150 1936 se
1174 1862 1361 1960 pristinum
1382 1883 1466 1934 ser-

148 1983 266 2080 vitutis
290 2005 384 2056 onus
405 1997 616 2080 experturae
638 1979 851 2076 dicentium3
882 1989 1073 2058 extinctum
1094 1983 1213 2076 illum,
1247 1985 1312 2084 qui
1335 1984 1466 2058 civium

149 2103 329 2206 capitibus
360 2103 601 2204 captivitatem
630 2099 838 2197 detraxerit,
872 2111 935 2205 qui
961 2112 1111 2206 patriam
1138 2111 1336 2206 piratarum
1367 2119 1468 2178 metu

149 2227 394 2316 vacuefecerit,
415 2227 685 2328 maritimasque
697 2223 815 2318 sedes,
840 2228 992 2328 perinde
1007 2255 1051 2310 ae
1071 2228 1301 2320 domesticas,
1325 2250 1468 2352 aproe-

148 2349 316 2425 donum
304 2373 451 2423 mcursu
469 2364 565 2424 tutas
583 2349 794 2448 praestiterit.
830 2359 998 2453 Agrestes
1021 2377 1182 2478 quoque,
1196 2350 1366 2426 funebri'
1356 2345 1468 2448 rp'sius

149 2494 289 2576 pompa
301 2487 506 2572 conspecta,
529 2471 663 2546 rustico
677 2497 800 2570 opere,
815 2499 891 2574 quo
905 2477 1070 2574 occupati
1090 2491 1200 2569 erant,
1213 2473 1349 2564 relicto,
1371 2497 1468 2546 con·-

149 2601 326 2673 sentaneis
350 2617 436 2668 arva
461 2593 618 2720 querelis
640 2595 839 2696 replebant.
899 2601 965 2672 Cui
990 2604 1094 2672 etiam
1122 2613 1162 2672 ut
1185 2621 1424 2700 supremrr
1334 2593 1466 2669 off
1425 2619 1466 2668 cu

149 2719 264 2794 decus
284 2733 502 2821 praestarent,
519 2705 662 2792 funebri
675 2722 755 2820 ejus
770 2715 865 2794 lecto
882 2713 1056 2797 hu'meros
1072 2723 1252 2824 subjicere
1266 2716 1469 2821 jucundum

150 2841 352 2938 ducebant,
377 2866 542 2916 eversam
560 2847 656 2944 regis
672 2858 786 2916 morte
800 2843 950 2943 patriam
969 2845 1178 2944 miserisque
1191 2843 1258 2919 sibi
1278 2864 1470 2917 commune

151 2967 281 3056 sunus,
306 2981 368 3040 aut
382 2965 414 3039 si
432 2964 522 3065 qnid
537 2965 663 3040 funere
681 2966 814 3040 tristius
833 2981 905 3058 est,
928 2969 1111 3042 imminere
1123 2967 1346 3068 plangentes
1399 2967 1470 3038 Pro

152 3089 261 3190 cujus
289 3089 421 3186 spiritu
445 3087 613 3164 salutaria
637 3086 906 3165 Absalonrota
929 3107 1116 3188 gesturus,
1153 3095 1244 3166 inter
1268 3088 1472 3166 solennium

151 3210 351 3288 verborum
374 3214 680 3308 nuncupationem
703 3209 837 3286 doloris
852 3216 1049 3314 impotens,
1079 3239 1151 3288 non
1166 3217 1377 3314 temporavit
1392 3211 1473 3303 sibi,

153 3359 232 3436 qno
250 3335 368 3408 miuus
386 3357 486 3406 aram
504 3331 671 3436 lacrymis
684 3351 882 3435 spargeret,
906 3337 1038 3435 vixque
1054 3333 1103 3410 ad
1116 3361 1194 3410 rem
1208 3335 1366 3412 divinam
1381 3359 1472 3436 per-

151 3453 333 3560 agendam
355 3458 453 3530 vocis
468 3474 531 3531 out
545 3481 674 3532 manus
688 3459 883 3530 ministerio
899 3456 1063 3534 sufficere
1081 3460 1202 3536 valuit
1255 3462 1350 3554 Quin
1368 3464 1474 3536 etiam

153 3596 292 3654 tantum
318 3576 537 3678 aegritudinis
560 3585 681 3654 sntmo
703 3585 889 3672 contraxit,
921 3596 1070 3681 tamque
1097 3585 1199 3682 gravi
1218 3600 1253 3657 et
1269 3583 1473 3682 periculosa

153 3701 361 3780 valetudine
384 3701 503 3776 subito
528 3701 620 3777 affici
643 3707 774 3803 coepit,
799 3718 839 3777 ut
854 3727 948 3803 pene
971 3705 1078 3778 vitam
1092 3731 1175 3780 curn
1190 3707 1363 3780 sacrificio
1385 3705 1474 3778 lini-

153 3843 218 3902 ret.
270 3824 482 3902 Incredibile
497 3822 689 3918 videretur,
713 3841 852 3900 tantum
869 3826 989 3904 virum
1005 3843 1078 3904 tam
1097 3830 1226 3930 insigni
1246 3828 1361 3904 luctus
1379 3825 1474 3902 hor·
1496 3805 1499 3812 ¹

205 4089 214 4120 ¹
239 4086 419 4145 Documento
443 4080 558 4164 extriti]
588 4080 653 4144 Cir.
676 4081 786 4144 'l'bom
852 4081 976 4146 nomine
997 4095 1189 4168 nuncupato,
1210 4083 1262 4147 sed
1279 4083 1475 4164 peneadem,

156 4187 332 4254 Bartholini
359 4187 397 4249 de
423 4187 571 4251 medicina
596 4191 711 4250 Danor.
732 4185 787 4250 do-
852 4201 888 4252 ut
919 4189 1056 4269 ridetur,
1088 4193 1246 4275 sepulcro,
1274 4199 1383 4274 utpote
1414 4209 1476 4250 non

158 4297 283 4357 mestice
303 4294 421 4358 dissert.
444 4298 485 4358 tx
505 4315 536 4378 p.
555 4291 604 4356 tt·
619 4291 682 4356 -91,
706 4293 786 4374 (Sor.
853 4295 961 4360 eodem
985 4298 1055 4362 ioco
1077 4299 1213 4381 sepultus
1232 4295 1331 4379 jacet,
1358 4294 1410 4358 ubi
1431 4294 1476 4376 (in

157 4407 190 4465 in
211 4403 383 4465 creditorum
402 4427 456 4487 ope
477 4404 587 4488 reponi.
606 4399 693 4482 ΜΒ.)
852 4401 965 4484 choro)
986 4405 1083 4468 coaevi
1110 4425 1178 4470 eum
1199 4403 1419 4481 condiderunt3
1449 4423 1476 4465 t.

204 4513 217 4546 ¹
249 4511 459 4593 Rr'agstodt'um
487 4550 496 4569 ·
523 4551 531 4568 ·
559 4551 568 4569 ·
594 4505 787 4568 demdendum
853 4509 930 4574 st.
958 4508 1118 4594 Ringstad.
1142 4512 1238 4576 Soli.
1262 4514 1303 4576 t).
1330 4511 1389 4588 IV,
1415 4505 1479 4572 27ss

157 4613 297 4697 curatur]
334 4611 553 4682 Waidemarm
584 4612 701 4697 primus
732 4631 787 4675 rex
852 4635 911 4700 sq,
922 4619 1085 4700 iieyersen,
1098 4616 1206 4682 Besbr.
1221 4614 1479 4683 orerStBendtr

157 4715 364 4784 ιιιίιιιιιιιιιιιι
355 4743 387 4784 ιιι
412 4721 530 4805 templo
549 4718 787 4805 Ringstrdienai
851 4721 973 4789 liirlte
963 4743 974 4786 ι
993 4723 1205 4872 Ringstedp.
1216 4718 1270 4806 dd,
1287 4719 1331 4790 48
1349 4745 1397 4811 eq.
1514 4713 1518 4726 ’

155 4823 233 4889 olim
242 4828 307 4892 ste
317 4827 432 4912 ttartae,
452 4825 546 4893 bodie
562 4826 609 4892 sti
626 4824 786 4895 Benedicti
