3582 5466
744 303 903 376 sverm.
957 391 962 396 ,
1354 317 1427 392 om

159 507 335 608 deposita,
346 508 548 585 obsoletam
563 517 710 610 accepit,
726 535 995 616 moeroremque
1004 519 1229 598 deformitate
1242 525 1476 627 cultusquam

158 629 354 730 splendore
369 636 629 706 contumaciam
639 635 757 708 testati
773 635 907 712 maluit.
961 645 1086 740 Neque
1097 645 1190 718 enim
1200 661 1271 720 tam
1281 655 1368 724 tristi
1374 677 1476 750 pon-

162 751 264 828 tificis
286 757 457 830 sententia
481 755 671 854 perculsus
714 756 843 856 regalis
873 762 1148 860 magnificentie
1172 767 1307 844 cultum
1325 789 1475 872 gestare

160 877 343 970 stutinuit,
377 877 454 969 sed,
477 879 629 980 abjectis
646 885 755 980 regiae
777 886 968 981 naajestatis
985 887 1202 987 insignibus,
1234 893 1371 995 insigne
1385 921 1477 996 poe-

160 1002 315 1072 nitentiae
331 1001 500 1100 sagulum
516 1010 678 1101 sumpsit.
729 1007 824 1098 Quin
844 1007 953 1078 etiam
977 1009 1083 1081 simul
1100 1035 1182 1084 cum
1200 1031 1298 1090 reste
1312 1025 1474 1116 potenti-

159 1145 218 1192 am
233 1126 341 1212 exuit,
366 1139 476 1222 atque
499 1149 541 1198 ex
566 1125 743 1227 sacrilego
767 1145 921 1224 tyranno
949 1127 1047 1204 fidus
1066 1157 1253 1208 sacrorum
1287 1161 1476 1222 venerator

159 1245 283 1318 evasit.
334 1244 516 1342 Siquidem
531 1245 674 1323 nudatis
699 1247 857 1348 pedibus
884 1249 933 1324 ad
955 1259 1084 1327 atrium
1108 1281 1312 1356 regressus,
1340 1265 1377 1336 in
1394 1267 1473 1366 ejus

159 1389 200 1438 se
214 1365 312 1440 aditu
331 1375 532 1466 prostravit,
554 1387 759 1468 terramque
776 1373 988 1472 suppliciter
1009 1375 1193 1454 osculatus
1217 1379 1392 1481 dolorem,
1409 1393 1474 1490 qui

159 1513 204 1562 ex
220 1490 433 1582 contumelia
454 1493 647 1568 acerrimus
663 1492 775 1593 infligi
789 1494 891 1586 solet,
918 1499 1137 1573 verecundia
1159 1527 1202 1576 ac
1225 1506 1474 1592 moderatione

96 1702 101 1711 Ι
159 1617 381 1712 compressit
439 1619 566 1714 Neque
593 1621 688 1690 enim
714 1621 884 1690 continuo
904 1619 1059 1718 repulsae
1082 1623 1262 1701 vindicem
1283 1634 1373 1730 egit,
1406 1637 1472 1714 sed

159 1734 304 1832 pudore
320 1760 362 1810 ac
375 1741 584 1836 poenitentia
603 1735 748 1838 culpam
763 1737 904 1814 cruenti
916 1743 1055 1842 imperii
1076 1747 1237 1824 redemit.
1298 1756 1474 1836 Exulasse

159 1856 272 1956 hujus
288 1865 447 1936 animum
463 1863 501 1934 in
514 1862 681 1963 nequitia,
697 1885 770 1934 non
783 1859 963 1940 habitasse
978 1866 1178 1963 credimus,
1203 1899 1314 1973 quem
1332 1896 1373 1954 ut
1388 1885 1473 1980 pri-

158 2007 224 2055 mo
238 1984 414 2058 temeritas
431 2001 673 2060 unsversum
690 1990 726 2056 in
749 1985 889 2060 facinus
903 1991 985 2088 egit,
1011 1993 1058 2064 ita
1081 1997 1315 2092 postmodum
1332 2007 1473 2102 requis-

158 2107 252 2180 sima
275 2105 528 2184 moderationis
553 2109 744 2206 temperies
769 2108 868 2180 rexit.
921 2113 1062 2204 Quanta
1078 2117 1172 2190 enim
1201 2127 1474 2202 mansuetudine

156 2245 287 2326 pectus
300 2231 380 2327 ejas
395 2231 610 2304 instructum
634 2227 745 2303 fuisse
759 2245 939 2328 putemus,
968 2236 1032 2333 qui
1045 2239 1251 2335 pontificem
1269 2247 1389 2344 palam
1404 2277 1472 2329 se-

156 2352 350 2427 verissimis
364 2349 552 2426 sacerdotii
568 2349 707 2428 viribus
725 2351 919 2426 adversum
947 2379 987 2429 se
1013 2381 1121 2433 usum
1155 2387 1229 2454 non
1250 2369 1370 2444 solum
1394 2376 1471 2448 im.

157 2479 321 2576 punitate
346 2473 514 2566 donaret,
537 2473 731 2550 sedetiam
755 2473 957 2552 humillima
982 2487 1094 2554 venie
1118 2478 1288 2583 petitione
1308 2499 1471 2570 venerari

156 2599 333 2688 sustinuit,
354 2603 581 2696 gratimque
598 2616 670 2672 tam
695 2597 846 2700 pudoris
879 2606 1080 2699 patrocinio
1112 2633 1223 2706 quam
1250 2617 1470 2710 poenitentiae

156 2719 338 2794 beneficio
355 2721 506 2794 meruit?
531 2721 661 2798 Divina
683 2720 861 2822 siquidem
878 2722 1070 2824 obsequio,
1094 2753 1168 2803 non
1182 2733 1320 2810 viribus
1335 2745 1469 2840 propi-

154 2841 279 2918 tianda
296 2861 462 2938 noverat,
493 2841 649 2946 ideoque
672 2853 890 2934 atrocitatem
912 2846 1055 2924 sceleris
1077 2853 1280 2930 verecunda
1302 2868 1472 2942 moeroris

155 2966 353 3039 acerbitate
368 2967 552 3065 pensabat
578 2971 672 3062 Quin
687 2971 793 3042 mam
810 2968 965 3067 parvulo
979 2971 1132 3070 pudoris
1150 2977 1366 3056 irritamento
1383 3011 1470 3060 ma-

154 3113 320 3190 gnopere
335 3088 517 3180 confusus,
547 3097 730 3165 excitatam
746 3093 940 3192 ignominia
955 3095 1122 3169 virtutem
1142 3099 1269 3174 rubori
1291 3105 1470 3204 imperare

155 3217 288 3312 coegit,
313 3228 564 3312 quantumque
581 3213 759 3288 violentie
781 3212 944 3314 religioni
960 3215 1151 3294 crudeliter
1171 3223 1384 3322 imperando
1404 3233 1468 3306 in-

155 3353 327 3428 cusserat,
354 3351 491 3408 tantum
511 3335 747 3410 venerationis
765 3334 997 3412 vehementer
1024 3347 1143 3418 animo
1167 3363 1340 3425 contusus
1362 3353 1468 3428 exol-

153 3465 218 3535 vit.
272 3456 342 3532 Sed
359 3457 448 3530 dum
462 3457 575 3532 taliter
587 3483 626 3532 se
641 3463 752 3555 gerit,
775 3459 975 3534 inusitatam
992 3465 1220 3544 sacerdotalis
1246 3471 1367 3546 auxilii
1388 3473 1468 3552 cle-

154 3583 326 3656 mentiam
344 3596 509 3679 expertus
524 3597 586 3656 est.
638 3582 774 3654 Interea
791 3587 942 3676 antistes,
950 3583 1201 3665 inchoamento
1217 3594 1394 3692 psallendi
1405 3599 1468 3673 la-

153 3721 218 3780 cto
243 3707 433 3801 primaque
456 3719 649 3776 concentus
685 3719 787 3801 parte
811 3703 923 3797 edita,
957 3733 1071 3808 quum
1091 3711 1227 3788 Grteoae
1247 3725 1470 3816 precationi¹¹

152 3827 343 3903 solennem
356 3829 421 3898 rite
431 3824 612 3898 Gloriam²
625 3824 836 3900 subnectere
853 3825 1048 3924 debuisset,
1056 3859 1099 3906 ex
1114 3837 1355 3939 stipatoribus,
1370 3867 1468 3944 sup-

151 3929 289 4050 plicem
304 3948 446 4022 scribas
460 3975 583 4049 regem
604 3947 738 4042 adesse,
756 3951 948 4056 cognoscit.
981 3954 1101 4052 Igitur,
1116 3977 1255 4038 cessato
1266 3981 1373 4040 cantu
1388 3967 1468 4044 cle-

149 4099 274 4172 roque
292 4074 467 4146 conticere
477 4074 591 4170 jusso,
615 4073 711 4148 sores
726 4088 911 4174 repetens,
942 4101 1056 4174 quum
1079 4105 1220 4181 regem,
1251 4086 1373 4186 quid'
1361 4105 1409 4164 ata
1428 4115 1468 4167 se

150 4211 307 4298 gereret,
331 4208 559 4295 percontatus
573 4195 709 4290 fuisset,
733 4215 844 4298 atque
860 4195 929 4292 ille,
951 4201 1107 4280 criminis
1129 4207 1350 4286 consessione
1363 4213 1467 4309 iacta,

187 4310 208 4344 q
1088 4327 1091 4336 ,

202 4469 334 4531 ¹Graecae
352 4465 533 4555 precatione]
557 4471 673 4554 Nempe
693 4473 783 4554 Kyrie
884 4473 1056 4535 ²Solennem
1071 4479 1126 4540 rite
1145 4481 1291 4563 Gloriam]
1306 4485 1376 4550 Hoc
1407 4503 1466 4566 est,

149 4577 276 4645 eleison,
289 4593 306 4634 a
320 4593 380 4656 qua
398 4572 544 4657 precandi
560 4573 784 4659 formalapsal·
839 4573 982 4656 bymnum
1011 4578 1113 4644 illam:
1140 4585 1246 4652 Gloris
1278 4591 1310 4652 in
1341 4596 1465 4658 ,καθιεὶς

150 4676 240 4744 leudi
273 4697 395 4762 semper
419 4677 538 4745 initiam
569 4679 669 4746 facere
693 4681 805 4748 sotice
841 4683 916 4746 Deo.

152 4783 217 4847 suit
234 4784 371 4846 eeclesia.
390 4785 441 4864 (S)

213 4885 266 4932 su.
282 4885 409 4933 cmc
423 4887 485 4935 ruat.
500 4888 556 4934 nu.
1200 4887 1275 4980 (36)
