3508 5460
333 271 409 346 808
657 273 834 346 lllSTOR.
853 269 961 342 Datt.
978 270 1119 345 LIBER
1134 269 1225 344 xlv.

288 481 482 580 provinciae
497 459 620 584 rebus,
637 479 767 554 urbem
788 477 1049 577 Orthnngam¹,
1075 485 1243 552 universa
1269 473 1382 550 classe
1398 481 1602 570 comitante,

289 606 437 702 repetiit.
506 599 581 673 lllic
603 604 740 676 Burisio
770 627 854 674 cnm
886 603 1021 675 caeteris
1051 606 1150 700 regni
1176 601 1390 700 primatibus
1421 609 1603 692 accersito,

165 771 167 776 ·
291 725 466 827 quidnam
487 724 534 798 de
555 725 631 822 ejus
654 724 787 798 insidiis
809 725 997 823 acceperit,
1022 730 1146 822 aperit,
1172 731 1277 824 eique
1304 724 1512 823 proditionis
1526 727 1603 799 cri-

291 872 372 919 men
387 847 505 946 aliigit.
554 853 682 942 Quem,
706 873 746 923 se
761 853 958 946 quicquam
974 845 1044 928 tale
1060 846 1254 923 adversum
1275 874 1359 922 enm
1374 851 1604 949 excogitasse,

291 985 500 1071 negantem,
544 971 667 1072 quoad
696 978 902 1046 nuntiorum
928 972 1167 1069 experimenta
1196 988 1439 1062 sumerentur,
1480 996 1606 1045 secum

293 1097 509 1167 commorari
532 1098 721 1192 praecepit,
752 1111 838 1168 tunc
858 1093 1025 1187 demum,
1050 1095 1081 1167 si
1101 1119 1216 1187 secus,
1231 1119 1274 1166 ac
1296 1099 1493 1166 nuntiatum
1520 1112 1608 1187 erat,

294 1213 487 1306 accideret,
518 1218 735 1290 incolumem
759 1216 1010 1298 discessurum.
1071 1215 1134 1289 llle
1157 1233 1278 1291 contra
1303 1215 1392 1288 nihil
1415 1216 1607 1290 absurdius

294 1337 427 1435 ajebat,
452 1364 564 1437 quarn
581 1358 621 1414 nt
634 1343 756 1439 capitis
770 1346 825 1414 sui
841 1339 1012 1436 indicium
1036 1343 1177 1414 incertis
1191 1357 1385 1414 eventuum
1406 1365 1607 1437 argumen-

294 1460 335 1532 tis
351 1461 592 1537 committeret.
642 1468 723 1556 Qua
739 1489 830 1536 voce
845 1487 884 1536 se
901 1488 973 1535 non
990 1461 1107 1536 solum
1126 1463 1210 1562 regi,
1246 1460 1310 1535 sed
1333 1462 1438 1534 etiam
1463 1461 1608 1535 arbitris

294 1600 501 1681 suspectum
521 1585 643 1659 effecit.
695 1589 806 1684 Igitur
828 1612 874 1658 ne
897 1570 1048 1684 remiges
1065 1585 1213 1685 quidem
1235 1609 1320 1658 suos
1342 1587 1496 1658 revisere
1515 1609 1608 1683 per-

295 1707 437 1796 missus,
463 1705 509 1778 ad
524 1709 894 1782 1111111111111111111112
922 1733 1004 1780 curn
1020 1733 1104 1806 rege
1119 1732 1238 1780 meare
1264 1706 1510 1805 compellitur,
1546 1707 1611 1780 ubi

200 1907 204 1926 ι
270 1811 385 1915 .leni‚
405 1827 471 1902 sed
493 1829 606 1904 firmae
621 1825 800 1904 'custodiae
831 1827 989 1902 traditur.
1051 1833 1186 1904 Interea
1207 1830 1396 1931 Erlingus³
1424 1846 1459 1902 et
1487 1833 1611 1918 Ormo,

296 1951 425 2026 Burisii
438 1952 583 2045 frater⁴,
606 1979 690 2028 cnm
705 1951 819 2026 navali
840 1954 993 2026 exercitu
1011 1955 1311 2050 supervenientes,
1325 1956 1494 2026 Jntornm
1508 1951 1612 2026 clas-

299 2220 336 2281 ri.
383 2220 933 2308 (111111111111111111.1191111111
983 2240 1048 2284 esee
1063 2221 1269 2307 querendum.
1310 2224 1372 2288 Sed
1386 2222 1491 2310 quidni
1506 2222 1612 2308 potins

298 2327 385 2388 locus
440 2331 613 2416 appellatur
667 2333 814 2392 Voatrosa
854 2326 924 2410 (cfr.
983 2328 1106 2408 Saroni,
1117 2332 1217 2393 autori
1230 2331 1396 2394 domestico
1405 2350 1453 2395 rea
1469 2333 1532 2394 suaa
1540 2343 1613 2394 aeta-

299 2431 468 2497 {lumbati
485 2456 509 2498 1.
525 2457 593 2519 pag.
611 2429 665 2514 84)
679 2432 733 2514 V.)
772 2479 781 2502 .
982 2434 1022 2497 tia
1043 2436 1215 2515 enarranti,
1234 2435 1309 2500 fides
1332 2434 1491 2513 habenda,
1518 2457 1612 2520 quam

346 2545 355 2578 ¹
370 2540 570 2626 Ortleungam]
587 2541 688 2606 Hodie
707 2543 925 2626 Vordmglorg.
983 2544 1084 2606 autori
1098 2555 1130 2605 et
1143 2544 1307 2630 peregrino
1320 2554 1352 2607 et
1367 2540 1497 2608 seriori?
1527 2547 1613 2606 Pro-

345 2645 928 2725 211111111111111111111]11111111111111111,
983 2661 1066 2712 terea
1084 2662 1181 2734 petet,
1200 2653 1389 2724 Superonem
1408 2671 1472 2712 uon
1493 2649 1550 2714 uisi
1570 2651 1615 2714 le·

298 2754 348 2816 vel
364 2755 467 2838 potius
483 2753 606 2816 ”urbem
629 2753 660 2813 iu
680 2752 781 2814 solido
797 2755 927 2820 Letricae
983 2757 1098 2818 viorern
1111 2755 1150 2819 de
1169 2757 1251 2820 hisce
1266 2755 1357 2819 rebus
1376 2755 1517 2820 habuisse
1533 2755 1617 2819 noti-

297 2857 927 2946 paludisabEslrilloconstructam,⁸'qnam
983 2863 1065 2924 tiam.
1106 2865 1182 2924 Nam
1198 2861 1301 2924 omisit
1316 2861 1542 2947 navigationem
1554 2866 1615 2926 Er-

298 2985 352 3027 rex
370 2961 483 3030 11161
499 2977 724 3051 expugnaverat
741 2961 815 3045 (vid.
834 2969 926 3052 supra
982 2970 1058 3055 lingi
1072 2970 1110 3033 ad
1127 2967 1309 3034 Sialandiam
1322 2969 1448 3053 ejusque
1464 2969 1615 3034 11111111)-

299 3093 370 3156 pag.
392 3069 453 3133 770
473 3071 532 3156 sq.)
554 3085 585 3133 et
613 3071 861 3158 archiepiscopo,
893 3087 927 3137 nt
981 3079 1085 3140 salone
1101 3075 1383 3161 colloqnium,qnin
1399 3075 1490 3138 etiam
1505 3094 1616 3139 secun·

299 3175 429 3254 videtur,
453 3189 628 3241 extorserat.
649 3175 715 3258 (V.)
802 3212 808 3216 ·
984 3181 1052 3245 dam
1073 3181 1266 3248 Waldemari
1288 3181 1513 3267 expeditionem
1532 3185 1615 3246 Nor·

345 3282 655 3366 ³IaterenErliagus]
671 3285 771 3348 Etiam
784 3287 817 3349 in
831 3286 927 3353 histo·
983 3289 1120 3372 vegicam
1133 3288 1395 3373 planepraeteriit.
1429 3288 1533 3350 innuit
1544 3290 1617 3374 qui·

298 3387 345 3451 ria
360 3407 467 3471 regum
490 3389 731 3474 Noa-regiensem
755 3393 867 3478 legitur
880 3394 927 3460 ‘de
984 3394 1053 3458 dem
1066 3395 1225 3472 thmius,
1253 3395 1403 3458 saxonem
1423 3391 1491 3456 data
1517 3413 1616 3478 opera

300 3491 494 3579 expeditione
509 3495 630 3580 Erliagi
647 3496 685 3558 ad
699 3496 804 3561 littora
816 3503 926 3582 Jutica,
981 3503 1088 3570 serien
1103 3512 1266 3564 eventuum
1281 3497 1452 3566 adulterare
1470 3499 1617 3580 voluisse,

299 3623 359 3686 qna
375 3619 466 3664 naves
492 3601 633 3664 Jntornm
656 3604 687 3664 in
710 3626 798 3668 amne
813 3611 926 3690 Dynre·
981 3620 1016 3670 nt
1029 3607 1221 3669 severitatem
1243 3604 1434 3672 Waldemari
1456 3624 1529 3690 erga
1550 3611 1617 3670 Bu·

298 3730 333 3772 aa
357 3707 518 3770 deleverat.
578 3707 638 3773 Sed
663 3709 747 3793 juxta
777 3717 925 3779 narratio·
981 3713 1084 3776 risium
1102 3723 1266 3774 excusaret.
1308 3711 1369 3773 Sed
1384 3709 1509 3795 indigna
1522 3734 1618 3797 pror-

298 3833 369 3877 nem
382 3813 547 3878 Snorronia
568 3836 625 3899 per
646 3817 754 3879 seriem
777 3841 926 3884 armornm
981 3841 1031 3883 111
1054 3819 1121 3880 haec
1149 3817 1300 3881 accusatio
1331 3829 1362 3880 et
1390 3837 1428 3880 ne
1458 3819 1617 3884 levissimo

297 3919 506 3982 continuatam
520 3919 587 3985 haec
598 3919 634 3983 ad
647 3945 758 3986 annum
775 3923 856 3989 1165
870 3927 927 3990 im·
980 3903 1107 4010 ⁸quidem
1123 3922 1322 3988 fundamento
1337 3921 1467 3988 suffulta
1480 3937 1536 3988 eet.
1582 3928 1618 3990 Si

296 4025 428 4093 mediate
445 4037 517 4110 post
537 4025 667 4110 primam
683 4031 876 4096 Waldemari
893 4037 925 4097 in
982 4033 1062 4094 enim
1091 4044 1180 4094 antor
1206 4043 1310 4094 noster
1327 4030 1359 4092 in
1380 4032 1509 4115 gratiam
1529 4033 1618 4118 regis

295 4132 480 4217 Norvegiam
510 4132 732 4216 expeditionem
763 4137 924 4204 referenda
981 4138 1105 4205 mentiri
1136 4137 1291 4214 voluisset,
1316 4137 1415 4201 multo
1436 4135 1559 4198 facilins
1576 4139 1618 4201 ad

297 4235 410 4301 forent.
458 4242 506 4301 Ex
531 4237 567 4298 iis
588 4250 703 4318 autem,
730 4264 799 4326 quae
820 4243 858 4308 de
875 4270 924 4318 re·
980 4244 1089 4308 indicia
1122 4245 1257 4328 plurium
1287 4243 1409 4305 testium
1430 4261 1619 4325 provocare,

296 4363 365 4406 rum
379 4367 395 4406 a
408 4347 525 4408 Saxone
539 4358 727 4410 narratarum
742 4370 820 4414 nexu
832 4373 923 4439 supra
981 4373 1072 4436 quam
1084 4349 1115 4410 in
1130 4349 1221 4412 rebus
1234 4362 1296 4412 tam
1312 4347 1484 4413 recentibus
1500 4347 1618 4412 scriem

296 4451 478 4528 monuimus,
498 4454 647 4536 sequitur,
666 4456 827 4540 Erlingnm
844 4481 923 4522 anno
981 4469 1144 4522 eventuum
1158 4456 1283 4520 turbare
1298 4455 1455 4540 potuisset·
1573 4522 1575 4525 .

296 4552 419 4618 demum
435 4551 515 4619 1167
529 4556 568 4619 ad
584 4559 687 4624 littora
703 4564 802 4628 Jntica
825 4566 924 4630 veuls·
1028 4557 1506 4649 ‘Ormo,<Ban'siifratar]idean,
1518 4581 1621 4646 quem

295 4679 337 4724 ae.
357 4659 452 4744 Igitur
464 4674 516 4723 aut
528 4661 638 4728 hicaut
646 4668 699 4730 ille
712 4668 920 4735 sericmeven·
979 4675 1158 4754 Saxosupra
1173 4691 1242 4756 pag.
1257 4665 1319 4734 795
1333 4668 1415 4752 regis
1432 4686 1624 4751 germanum

293 4781 379 4830 tunm
398 4767 543 4836 turbavit.
594 4773 719 4836 Censuit
737 4775 878 4840 thmius
900 4781 920 4842 l.
978 4775 1226 4861 cognominatum
1255 4773 1338 4838 dixit.
1405 4773 1502 4838 Ormo
1528 4777 1621 4846 enim

293 4892 318 4934 c.
342 4896 373 4958 p.
395 4871 473 4956 223,
508 4895 644 4940 errorem
663 4880 744 4963 apud
766 4885 916 4948 Saxonem
976 4880 1618 4970 «11111111111111111111811111111131-
