3632 5466
706 313 939 387 NlCOLdUS.
1351 319 1423 390 623

165 543 266 602 eator
282 525 363 626 ejus
379 524 528 624 depcaiti
549 525 694 598 nomine
708 535 986 618 conservaverat,
1012 525 1049 596 iu
1068 523 1229 596 Fion'nm
1255 549 1278 596 e
1300 527 1477 606 sialandia

164 650 407 740 transferrent,
422 673 518 739 cnm,
533 646 584 720 ab
602 646 887 747 coequalium
902 671 1008 746 aeque
1019 643 1329 749 distantenavig'o,
1344 653 1475 750 procul

165 777 299 873 piratas
320 775 505 845 imminere
528 769 792 869 conspicerent,
825 791 1018 868 expensam
1037 772 1124 843 fune
1139 793 1346 846 crumenam
1370 775 1476 852 undio

163 895 398 970 occultavere.
457 898 653 984 Postremo,
671 912 809 966 cumae
825 915 955 990 parum
970 907 1131 989 potentes
1150 896 1290 995 remigii
1308 897 1475 972 ammad-

164 1033 358 1110 verterem,
384 1019 480 1119 logne
502 1013 696 1090 dillidentia
721 1014 908 1114 implicati,
932 1016 1082 1088 resciato
1103 1016 1288 1109 tenaculo,
1319 1037 1476 1096 vetustte

163 1165 290 1244 regum
316 1165 409 1241 opes
429 1141 546 1212 arenis
566 1163 678 1236 quam
697 1137 863 1212 hostibus
887 1136 1088 1236 relinquere
1101 1136 1314 1216 maluerunt.
1359 1147 1475 1238 Quam

164 1291 238 1340 rem
262 1264 445 1353 Nicolaus,
460 1264 498 1335 in
513 1260 724 1335 Sialandiam
749 1287 792 1333 ex
818 1261 941 1334 Fionia
963 1262 1149 1358 trajiciens,
1174 1270 1310 1336 tametsi
1337 1269 1476 1342 eminus

43 1388 51 1396 '
164 1387 422 1488 specularetur,
447 1384 728 1486 periclitantibus
744 1381 912 1484 praesidio
927 1382 1006 1456 iore
1029 1387 1199 1483 nequivit,
1222 1385 1325 1484 quod
1338 1393 1476 1490 exiguis

163 1529 199 1584 et
212 1509 433 1584 inhabilibus
449 1509 496 1582 ad
510 1511 697 1608 remigium
712 1508 862 1606 navigiis
877 1519 1047 1579 uteretur.
1099 1511 1235 1600 Postea,
1248 1532 1334 1580 cum
1349 1513 1475 1585 Ganu-

163 1649 240 1706 tnm
256 1629 458 1732 jucundum
474 1657 550 1731 pne
566 1655 606 1705 se
623 1630 759 1706 vultum
777 1630 945 1704 serentem
961 1631 1201 1728 conspiceret,
1220 1633 1293 1706 oris
1310 1631 1474 1708 hilarita-

163 1773 237 1828 tem
251 1759 452 1852 increpans,
477 1756 528 1828 ob
547 1771 727 1826 recentem
742 1754 824 1825 aviti
854 1754 1067 1851 paternique
1091 1758 1171 1825 nris
1196 1755 1372 1852 jacturam
1401 1756 1475 1831 do-

164 1875 240 1952 lere
252 1880 286 1948 ei
300 1877 499 1951 admodum
517 1875 685 1975 expedire
702 1875 851 1947 dicebat.
910 1874 973 1948 llle
986 1875 1073 1949 nihil
1089 1875 1159 1949 hae
1173 1901 1212 1950 se
1234 1881 1368 1953 moveri
1392 1879 1475 1954 ior-

163 2017 247 2074 tuna
263 1999 419 2090 dicebat,
445 1999 507 2072 scd
521 2003 603 2098 ejus
626 1998 802 2071 beneficio
828 2021 1005 2070 summam
1022 1998 1237 2074 liberalitatis
1253 2006 1475 2076 occasionem

164 2121 345 2222 accepisse
362 2119 557 2221 respondit.
599 2125 644 2194 Ut
662 2123 754 2193 enim
773 2137 853 2192 unte
869 2120 955 2194 nihil
972 2147 1015 2194 ex
1029 2141 1257 2220 paternarum
1271 2149 1387 2223 opum
1401 2151 1475 2199 ou·-

162 2245 268 2318 mulo
284 2245 481 2345 decerpere
495 2268 638 2332 nusum,
657 2249 704 2315 ita
725 2243 897 2342 deinceps
910 2267 1116 2320 aocesmras
1138 2247 1284 2321 abunde
1300 2265 1475 2349 erogatu·-

161 2391 253 2441 rum.
305 2371 651 2466 Maximnmquippe
668 2367 823 2440 avaritiae
839 2370 1092 2442 nutrimentum
1106 2367 1244 2444 divitiae
1268 2393 1358 2461 esse,
1383 2395 1475 2469 quaa

166 2495 330 2592 quisquis
345 2513 528 2566 asservare
544 2488 743 2582 intenderit,
761 2487 972 2564 humanitati
991 2515 1117 2564 vacare
1134 2515 1205 2562 non
1219 2499 1342 2589 possit
1395 2497 1476 2586 Qua

167 2637 255 2688 voce
274 2640 316 2689 se
331 2617 505 2713 pecuniae,
520 2613 587 2687 sed
604 2635 684 2685 eam
707 2613 784 2712 regi
798 2616 974 2710 imperare
999 2614 1229 2689 monstrabat.
1288 2618 1403 2716 Cujus
1425 2618 1475 2688 rei

163 2741 390 2838 praecipuum
406 2741 517 2810 extitit
530 2735 799 2828 documentum,
814 2735 916 2835 quod
929 2743 1099 2835 aequbur.
1140 2741 1245 2830 Cum,
1259 2739 1310 2812 ob
1322 2737 1475 2813 omber-

162 2869 272 2935 rimas
287 2863 551 2959 armtimaetpre
567 2857 796 2933 finitimorum
813 2862 1075 2932 excursationes
1096 2864 1236 2934 nemina
1249 2859 1475 2938 Slesviceusie

163 2985 386 3084 presentare
408 2981 622 3055 benefieltm
639 2988 746 3055 etiam
765 2981 928 3055 oblatum
948 2987 1108 3080 recipere
1128 2982 1293 3075 audente,
1316 2988 1475 3060 Canutns

162 3127 234 3182 tam
259 3099 508 3206 periculosum
528 3129 552 3176 a
574 3117 705 3202 patruo
729 3103 908 3177 honorem
928 3129 1002 3177 non
1026 3130 1139 3203 opum
1164 3105 1377 3204 cupiditate,
1411 3106 1477 3181 scd

161 3227 294 3303 fidncia
313 3229 455 3303 virtutis
483 3241 682 3325 expeteret,
706 3251 825 3327 neque
849 3231 958 3328 gratis
982 3253 1064 3302 eum
1079 3229 1271 3326 impetrare
1294 3231 1476 3328 quivisset,

161 3350 304 3425 renutu
323 3353 525 3448 patrimonii
542 3365 654 3448 parte,
688 3349 965 3424 formidolosum
982 3350 1058 3424 aliis
1079 3375 1211 3424 munus
1231 3359 1349 3450 pretio
1371 3377 1474 3428 asae-

162 3489 266 3548 cutus
281 3477 371 3566 eet1,
388 3495 468 3546 cam
481 3471 632 3546 demum
648 3490 891 3570 quaestuosum
909 3498 988 3548 esse
1002 3473 1158 3547 militiam
1173 3492 1283 3566 ratus,
1298 3499 1372 3574 qua
1386 3475 1474 3576 glo-

159 3603 225 3670 rie
240 3615 278 3672 et
292 3591 458 3671 claritatis
475 3595 690 3695 stipendium
706 3603 881 3696 potuisset
892 3596 1042 3696 acquiri.
1093 3599 1146 3670 lta
1160 3623 1223 3670 rex
1237 3601 1474 3672 exdmcsceu-

161 3719 248 3795 dum
264 3721 415 3820 ignaviae
433 3718 543 3795 &cus
559 3725 677 3794 virtuti
696 3721 824 3794 venale
845 3721 937 3794 stcit
985 3723 1138 3819 Emptor
1163 3745 1252 3795 vero
1277 3722 1362 3822 plus
1383 3722 1475 3798 lucri

159 3845 197 3916 in
213 3841 350 3918 mitum
374 3863 485 3942 qnam
514 3867 629 3943 opum
653 3847 843 3945 agitatione
863 3846 1033 3942 reposuit
1091 3844 1268 3942 Principio
1295 3843 1474 3942 siquidem

161 3984 344 4066 perceptae
369 3968 556 4065 petenatis
581 3965 736 4042 ilenrico
749 3991 816 4066 per
828 3968 966 4068 legatos
979 3965 1142 4060 mandat,
1163 3965 1316 4042 libenter
1335 3991 1375 4041 se
1390 3991 1475 4040 com

161 4113 205 4164 eo
222 4089 270 4164 de
287 4111 378 4190 pace
392 4107 570 4184 acturum,
585 4095 614 4166 si
629 4097 787 4190 primum
803 4107 841 4166 et
853 4091 986 4166 damna
999 4097 1103 4169 Jutie
1115 4089 1363 4165 emendatione
1375 4113 1473 4187 peu-

209 4373 342 4434 ¹Munos
352 4375 450 4457 pretio
463 4386 611 4434 assecutas
633 4369 693 4450 est]
712 4373 790 4434 Nar·
851 4370 972 4434 moldus
986 4374 1005 4434 l.
1023 4391 1049 4434 c.
1062 4372 1144 4452 vult,
1163 4373 1313 4434 Cantatum
1330 4377 1473 4456 apatruo

164 4487 211 4540 rat
231 4489 323 4541 autor
342 4475 479 4540 bistone
501 4475 740 4562 Iinytlingornnt
757 4497 791 4562 p.
852 4475 964 4542 ducatu
983 4477 1077 4542 totius
1093 4476 1200 4540 naute
1214 4473 1306 4540 iubae
1322 4488 1473 4540 ornatum.

163 4577 235 4662 ata,
244 4579 320 4664 319,
342 4578 485 4646 ducatum
498 4579 717 4648 Sleariceuaem
733 4583 790 4648 Ca·
851 4583 913 4648 Sed
927 4583 988 4648 hoc
1001 4583 1223 4650 certealieuum
1237 4579 1343 4646 inbuet
1358 4603 1375 4645 a
1390 4603 1475 4646 men·

166 4697 238 4752 nuto
251 4687 352 4756 adhue
366 4709 465 4776 puero
478 4712 496 4754 a
507 4701 596 4778 patre
609 4689 704 4755 Erico
716 4688 790 4754 icia-
851 4703 883 4755 te
897 4690 1000 4774 patrui
1020 4690 1194 4778 suspiciosa.
1237 4688 1337 4756 Multo
1361 4687 1475 4774 proba·

164 4794 321 4863 niatu.
362 4801 434 4862 Hoc
452 4810 554 4862 autem
575 4796 791 4862 neumatibus
852 4795 962 4860 biliora
983 4809 1056 4861 sunt
1074 4816 1119 4879 ea,
1139 4819 1209 4882 qne
1236 4819 1253 4860 a
1276 4805 1383 4859 noane
1404 4815 1474 4858 nar·

165 4901 695 4972 necinutitutiaistiotericonreuit.
715 4905 793 4969 Hei·
853 4915 971 4968 rantur.
