3582 5466
746 313 914 380 Etttetts'.
1359 315 1430 388 lil5

171 522 225 592 nis
247 515 346 597 calor
372 515 612 590 imbecillitate
637 524 798 616 superari
825 545 897 590 non
922 527 1045 617 potuit.
1113 522 1182 594 Sed
1210 523 1296 596 dum
1322 524 1481 600 adversae

172 637 383 714 valetudinis
404 637 591 712 immemor
613 664 725 738 supra
745 647 838 714 vires
856 645 1065 714 concionem
1090 649 1241 742 appetit,
1273 671 1345 718 non
1369 673 1482 746 regno

171 763 296 842 latum,
311 759 377 834 sed
393 760 463 834 lato
482 765 583 860 regni
601 762 739 836 titulum
755 770 997 862 praecucunit.
1033 767 1204 840 Restabat
1221 771 1337 868 igitur,
1353 785 1392 841 ut
1407 772 1482 840 cir-

173 909 214 958 ca
228 881 416 956 Nicolaum
434 884 700 982 Ubbonemque
719 885 878 960 delectus
900 905 1135 985 perageretur.
1197 895 1286 964 Nam
1302 891 1482 966 Haraldus

173 1032 312 1080 summa
343 1005 412 1077 sibi
444 1007 675 1106 popularium
703 1008 784 1080 odia
813 1011 1033 1107 iniquissima
1056 1016 1152 1109 regni
1182 1010 1482 1087 administratione

171 1147 372 1230 pepererat.
425 1133 581 1228 Quippe,
605 1135 856 1228 procuratione
873 1133 909 1202 in
927 1131 1139 1206 calumniam
1155 1159 1268 1224 versa,
1296 1151 1367 1207 tarn
1382 1136 1480 1210 foede

172 1279 211 1326 se
227 1271 376 1350 tamque
391 1250 598 1326 deformiter
612 1271 788 1352 gesserat,
826 1274 880 1348 ut,·
903 1257 1044 1357 abjecto
1059 1259 1202 1356 justitiae
1219 1256 1329 1346 cultu,
1349 1264 1480 1354 rapinis

173 1403 216 1448 ac
231 1375 424 1448 latrociniis
442 1377 656 1448 teterrimam
678 1377 918 1476 insubjectus
947 1383 1142 1478 potentiam
1165 1395 1360 1468 exerceret,
1395 1377 1479 1476 ple-

173 1497 333 1594 bemque
356 1497 453 1568 omni
472 1498 611 1594 injuriae
636 1523 767 1596 genere
789 1499 962 1602 fatigaret.
1024 1506 1104 1595 Quo
1129 1503 1261 1590 evenit,
1293 1517 1331 1572 ut
1354 1503 1481 1590 cuncti,

170 1617 453 1695 sordidissimam
486 1620 565 1717 ejus
587 1614 866 1696 dominationem
893 1629 1030 1724 perosi,
1070 1647 1300 1723 nequaquam
1331 1646 1481 1720 regnum

174 1743 383 1841 oppressori
399 1739 633 1816 deferendum
651 1761 826 1844 pumrent,
843 1747 1027 1850 indignum
1048 1749 1123 1838 rati,
1145 1747 1291 1843 iujurias
1306 1769 1390 1817 suas
1405 1743 1479 1817 ob-

174 1869 318 1962 sequiis,
336 1867 516 1964 angustias
532 1864 669 1941 honore
687 1870 843 1968 rependi.
896 1873 1039 1943 Cunctis
1055 1894 1141 1969 ergo
1159 1872 1295 1940 lsoram
1316 1872 1479 1940 coeunti-

171 1991 255 2078 bus,
279 2013 362 2060 cum
378 1987 428 2060 ob
446 2003 585 2062 aetatem
601 1989 744 2063 Ubboni
767 2017 908 2066 summa
932 1991 1198 2080 decerneretur,
1230 1989 1395 2063 Nicolans
1414 2014 1480 2062 so-

172 2113 248 2201 lus,
279 2113 344 2208 qui
373 2109 411 2185 id
439 2135 534 2210 tegre
558 2113 695 2188 laturus
718 2117 933 2213 putabatur,
963 2119 1118 2190 marimo
1146 2117 1274 2191 favore
1300 2114 1479 2186 concionis

172 2233 344 2334 suffragia
362 2233 637 2331 comprobabat,
661 2237 763 2335 qnod
783 2241 955 2314 Sveuonis
970 2240 1031 2312 lilii
1046 2265 1114 2338 pro
1130 2243 1239 2312 aetatis
1263 2234 1389 2310 habitu
1414 2259 1479 2308 re-

171 2360 232 2457 gni
246 2359 339 2430 inter
360 2379 399 2430 se
409 2361 673 2434 successionem
688 2383 833 2436 versare
846 2363 1104 2452 consveven‘nt,
1129 2383 1343 2458 semperque
1357 2357 1479 2428 miuo-

171 2505 249 2553 rem
265 2481 384 2578 maJ‘or
399 2479 547 2556 bonoris
561 2481 672 2583 hujus
686 2483 865 2560 baeredem
883 2484 1058 2558 babuerit.
1111 2481 1219 2556 Ubbo
1234 2504 1333 2566 vero,
1351 2503 1481 2574 parum

172 2601 324 2677 solertiae
349 2601 458 2697 fisus,
491 2604 599 2680 veluti
630 2605 808 2682 socordiae
826 2609 1036 2681 conscientia
1059 2623 1157 2680 tanto
1185 2603 1285 2678 oneri
1309 2598 1480 2674 humeros

173 2749 259 2800 sane
277 2724 458 2824 subjicere
471 2731 656 2821 recusarit,
689 2731 875 2831 vegetior-is
887 2731 1016 2831 ingenii
1033 2729 1179 2802 fratrem
1192 2751 1237 2800 eo
1251 2749 1400 2798 munere
1418 2722 1480 2794 di·-

171 2851 383 2949 gnissimum
401 2873 617 2926 asseverans.
675 2853 867 2926 Enimvero
887 2856 994 2926 ammi
1016 2858 1070 2928 sui
1099 2849 1373 2924 imbecillitatem
1387 2871 1482 2944 pro—

173 2979 252 3072 prio
268 2997 382 3072 quatu
399 2972 515 3048 abeno
528 2975 661 3073 judicio
685 2979 795 3048 metiri
812 2975 1025 3074 prudentius
1044 2976 1151 3049 duxit
1204 2973 1272 3047 Sed
1289 2970 1375 3044 mibi
1392 2973 1482 3066 qui·-

174 3096 259 3170 dem
274 3094 426 3170 nunde
440 3099 728 3198 praesumptionis
751 3101 862 3198 gratia
879 3097 1049 3172 humilius
1069 3121 1182 3196 quarn
1200 3097 1318 3170 verius
1339 3091 1385 3164 de
1404 3095 1481 3164 vir·

172 3234 245 3292 tute
266 3243 334 3292 sua
352 3223 501 3292 sensisse
531 3217 687 3316 videtur,
723 3225 782 3294 oui
804 3221 932 3296 melius
957 3219 1164 3320 respuendo
1186 3243 1335 3318 regnum
1374 3239 1483 3312 quam

175 3339 427 3440 amplectendo
455 3339 652 3436 consuluit,
686 3370 730 3418 eo
755 3341 902 3443 quidem
923 3343 1063 3418 honore
1079 3343 1229 3442 dignior,
1254 3337 1355 3439 quod
1371 3336 1482 3410 obla-

175 3483 252 3538 tum
265 3464 335 3538 sibi
352 3464 515 3538 fraternae
533 3463 731 3562 prudentiae
746 3466 872 3540 cedere
887 3491 960 3538 nou
976 3466 1128 3539 erubuit.
1181 3470 1226 3578 Et
1239 3462 1386 3560 quidem
1401 3463 1482 3532 Da-

175 3590 224 3680 ni,
239 3590 467 3686 parumjuua
485 3589 713 3662 estimatione
727 3605 798 3662 tatu
816 3587 1013 3664 modestam
1027 3591 1108 3688 ejus
1124 3587 1372 3664 verecundiam
1392 3609 1483 3683 pro-

174 3712 300 3798 secuti,
312 3712 508 3808 ignarique,
527 3709 743 3808 prudentem
756 3716 872 3786 virum
886 3712 1044 3810 fugiendi
1061 3717 1179 3786 oneris
1194 3718 1364 3786 rationem
1383 3714 1483 3778 iuer-

171 3838 231 3906 ttae
246 3832 469 3906 simulatione
484 3835 662 3930 quaesisse,
679 3859 787 3932 quem
803 3839 1066 3932 perseverantia
1079 3859 1250 3934 superare
1276 3829 1486 3913 debuerant,
1580 3830 1584 3836 '

172 3953 384 4056 negligentia
399 3960 580 4054 praeterire
599 3959 851 4032 sustinuerunt.
892 3960 978 4052 Quis
992 3959 1085 4030 eninr
1100 3957 1223 4030 mentis
1241 3975 1393 4050 compos
1406 3947 1483 4020 bu-

170 4081 232 4178 jus
247 4075 419 4151 refertum
434 4075 604 4152 industria
624 4095 746 4177 pectus
764 4081 915 4180 ignoret,
941 4083 1003 4182 qui
1025 4105 1063 4155 se
1085 4083 1176 4154 intra
1200 4082 1376 4180 privatum
1401 4072 1482 4144 lor-

169 4219 269 4274 tunae
288 4199 450 4276 habiturn
468 4206 651 4274 continere
672 4228 783 4300 quam
799 4202 972 4302 dignitatis
992 4208 1206 4280 incrementa
1233 4225 1315 4278 cura
1333 4221 1374 4270 ac
1391 4191 1483 4267 soli-

169 4325 330 4402 citudine
346 4349 508 4424 quaerere
524 4326 762 4426 praeoptavit?

616 4493 710 4566 Finis
727 4492 808 4567 libri
826 4457 1038 4569 duodecimi.
