3508 5460
349 295 426 375 stt
515 281 516 288 '
673 301 851 374 rusron.
868 301 974 373 nau.
991 301 1131 372 annu
1147 301 1244 374 ruv.=

297 531 448 606 quoquc
473 523 509 579 et
532 509 706 605 inguarus
728 525 762 582 et
784 508 939 584 Olavns¹
969 507 1065 582 ultro
1079 505 1252 582 Absalom
1270 499 1538 604 seinlatigabili
1552 503 1615 602 pi-

298 631 397 702 ratici
420 638 576 704 muneris
606 633 815 704 executione
835 632 1042 728 junxerunt
1103 633 1159 704 Eo
1190 644 1356 727 tempore
1383 651 1442 700 res
1465 628 1614 713 Dmtoe,

298 755 583 850 circumquaque
609 751 825 830 difficillimis
847 755 979 828 obfusa
1001 751 1187 852 perieulis,
1220 750 1355 824 crebris
1377 749 1614 823 finitimorum

298 874 428 948 insidiis
447 876 663 968 tentabatur,
689 875 773 951 binc
792 877 1104 977 Norvagiensibus,
1129 873 1213 948 inde
1230 873 1364 948 Sclavis
1386 871 1614 946 Saxonibus-

297 1025 372 1099 qne
391 999 459 1070 sibi
474 1001 668 1095 perniciem
693 999 993 1075 machinantibus.
1047 1004 1132 1093 Quo
1155 1005 1282 1093 evenit,
1298 1015 1338 1071 ut
1351 996 1442 1070 nulli
1454 995 1613 1070 hostiurn

296 1121 468 1195 audacter
486 1120 654 1194 obviandi
670 1121 840 1197 fiduciam
860 1122 1022 1215 baberet,
1044 1141 1213 1214 manens,
1238 1147 1293 1210 ne,
1311 1120 1399 1194 dnm
1419 1145 1534 1196 unum
1547 1143 1613 1192 ne-

295 1243 455 1344 pelleret,
481 1244 530 1316 ab
550 1243 662 1317 altero
678 1263 912 1342 premeretur.
964 1251 1017 1318 Ea
1034 1253 1158 1346 patriae
1179 1243 1437 1322 necessitudine
1456 1267 1612 1343 pertne-

160 1389 164 1406 ·
296 1384 352 1442 tns
373 1365 618 1461 Guthscalcus‚
644 1371 756 1467 quiet
773 1375 849 1468 ipse
864 1368 1009 1459 Sclavis,
1035 1388 1111 1446 tum
1125 1370 1177 1444 ob
1191 1369 1322 1470 linguae
1337 1393 1466 1443 eorum
1480 1364 1613 1464 periti-

215 1519 220 1524 ·
295 1517 365 1580 am,
390 1509 468 1564 tum
484 1492 533 1563 ob
553 1509 708 1590 paternae
727 1493 888 1564 amicitiae
914 1491 1075 1568 favorem
1101 1519 1145 1567 ac
1175 1494 1311 1594 proprii
1337 1495 1523 1565 convictam
1547 1509 1613 1560 as-

295 1613 536 1708 suetudinem,
561 1615 809 1714 perfamiliaris
827 1614 1041 1708 habebatur,
1067 1616 1239 1691 Absaloni
1264 1618 1368 1690 tacite
1390 1630 1504 1686 artem
1527 1635 1552 1683 a
1572 1633 1613 1682 se

294 1755 472 1838 repertam
486 1738 650 1829 insinuat,
675 1763 748 1836 qna
766 1763 828 1814 eos
845 1756 992 1837 repente
1014 1766 1057 1813 ex
1072 1742 1196 1814 amicis
1212 1741 1393 1812 Saxonum
1413 1734 1536 1810 hostes
1550 1731 1613 1806 ei-

294 1863 425 1936 iieeret.
484 1863 629 1958 Quippe
652 1885 691 1934 se
714 1863 890 1936 Salariam
916 1889 989 1936 non
1013 1863 1217 1966 legationis,
1255 1859 1322 1936 sed
1354 1856 1613 1934 benevolentia

292 1986 517 2086 simulatione
531 2001 655 2082 petere
668 1983 763 2058 velle
784 1983 968 2084 significat,
992 2004 1164 2087 tanquam
1186 1987 1344 2085 propriae
1366 1981 1518 2057 cumas
1533 1975 1613 2050 du-

293 2127 353 2184 ctu
371 2107 467 2180 utilia
483 2110 606 2182 amicis
622 2107 768 2182 consilia
784 2107 1005 2208 largiturum.
1058 2091 1150 2184 Fore
1164 2113 1272 2200 enim,
1297 2124 1335 2182 ut
1349 2107 1508 2181 hostium
1524 2125 1611 2174 cre-

293 2231 442 2323 dulitas,
468 2228 604 2303 callidis
628 2248 911 2306 commentorum
943 2231 1080 2332 laqueis
1113 2237 1375 2322 circumventa,
1419 2231 1610 2300 Dacorum

292 2357 493 2444 aniicitiam,
520 2353 661 2453 abjecta
676 2355 855 2428 Saxonum
877 2353 1129 2448 dominatione,
1151 2372 1339 2456 repeteret.
1391 2347 1503 2446 Quod
1526 2361 1609 2420 stn-

292 2479 393 2552 dinm
406 2481 566 2550 'maxime
582 2477 649 2552 sibi
670 2482 784 2578 gentis
807 2475 901 2551 illius
922 2479 1086 2552 moribus
1111 2479 1317 2578 persuaderi
1343 2473 1502 2561 dicebat,
1524 2492 1610 2567 quar¹

291 2599 509 2702 plerumque
524 2603 718 2675 temeritate
748 2602 811 2672 niti
847 2618 1049 2700 cunmaqnc
1083 2611 1231 2704 pronius
1257 2625 1369 2703 quam
1394 2592 1610 2697 prndemlus

290 2727 421 2823 exequi
437 2723 561 2798 soleat.
611 2721 779 2816 Absalcn,
804 2725 981 2799 interdum
1002 2733 1179 2824 privatam
1201 2750 1351 2800 acumen
1376 2719 1533 2822 publicis
1547 2719 1608 2790 vi-

290 2848 394 2922 ribus
416 2839 588 2946 praestare
618 2864 739 2941 ratus,
765 2845 908 2920 laudata
934 2847 1143 2924 Guthscalci
1173 2847 1362 2938 industria,
1403 2837 1607 2919 cavendam

190 2971 195 2987 '
290 2988 422 3062 monet,
448 2996 494 3042 ne
511 2969 600 3069 quid
617 2974 667 3044 eis
684 2997 727 3044 ex
756 2989 858 3068 parte
881 2975 1069 3046 Danorum
1096 2973 1188 3047 falso
1216 2970 1449 3070 polliceatur,
1479 2966 1608 3040 mcor-

289 3109 433 3191 ruptam
450 3092 827 3191 patriaefidemhaberi
842 3101 991 3192 cupiens
1008 3121 1230 3194 memorque,
1239 3119 1335 3187 eam,
1349 3091 1503 3166 sortibus
1520 3088 1607 3162 viris

289 3216 468 3308 refertam,
495 3216 613 3303 armis,
639 3241 711 3287 non
728 3215 922 3291 mendaciis
943 3218 1039 3306 bella
1062 3219 1226 3292 meditari
1245 3217 1390 3291 debere.
1442 3213 1606 3311 lllepri-
1738 3265 1739 3274 κ

289 3365 391 3412 mum
408 3344 627 3412 Pomeranos
647 3363 847 3439 aggressus,
873 3365 930 3433 se,
955 3347 1081 3438 priseae
1104 3341 1346 3415 familiaritatis
1369 3343 1543 3412 memoria
1564 3361 1609 3407 ac

287 3465 393 3532 totins
410 3464 538 3559 populi
553 3463 699 3536 Sclavici
713 3465 859 3536 caritate
873 3480 1088 3561 permotum,
1112 3462 1344 3539 retundendae
1360 3487 1489 3535 eorum
1503 3461 1609 3532 iuer·-
1737 3487 1738 3500 *

287 3585 344 3655 tiae
359 3609 469 3656 causa
486 3583 683 3678 advenisse,
709 3583 863 3676 dicebat,
883 3586 995 3684 qnod,
1021 3590 1219 3686 perniciosa
1233 3589 1281 3661 ab
1296 3593 1346 3662 eis
1362 3583 1503 3661 utilium
1520 3583 1607 3655 loco

286 3703 381 3797 duci,
407 3725 635 3807 perspectum
651 3708 792 3783 habeat.
843 3709 1027 3808 Siquidem
1043 3710 1326 3788 animadvertere
1344 3734 1407 3784 eos
1425 3723 1609 3808 oportere,

285 3853 397 3927 qnam
419 3833 533 3906 nouae
557 3832 806 3908 dominationis
821 3838 951 3934 jugum
974 3837 1191 3933 receperint,
1217 3831 1396 3933 quodque
1419 3834 1462 3906 iis
1483 3829 1606 3905 obse-

199 4001 211 4016 ,
286 3955 373 4048 quio
390 3973 549 4052 pareant,
575 3963 638 4055 qui
664 3963 761 4056 ipsos
786 3963 902 4056 patria
924 3957 1067 4030 tandem
1099 3984 1229 4034 exuere
1253 3962 1408 4057 cupiant
1458 3960 1610 4052 Quippe

284 4076 450 4172 Saxones,
470 4095 646 4180 quantum
661 4105 705 4154 ex
719 4085 882 4178 ipsorum
896 4081 1307 4184 finibusoccnparerint,
1325 4082 1492 4179 protinus
1503 4077 1609 4152 cultu

331 4348 339 4379 ¹
359 4349 506 4430 laguenas
528 4365 558 4411 et
578 4345 777 4442 OlccusJQni
806 4373 913 4436 quum,
969 4353 1087 4418 sahmii
1099 4354 1277 4438 conjectura
1291 4352 1325 4438 (l.
1337 4347 1610 4440 c.pag·235)‚hoa

283 4450 394 4512 illustri
423 4454 492 4516 locu
513 4454 594 4517 hand
624 4453 715 4520 dubie
735 4456 815 4534 nati,
842 4459 915 4522 solis
970 4459 1047 4526 dnos
1060 4465 1262 4527 eaeotamm
1279 4466 1361 4548 Glug
1375 4459 1442 4546 (qai
1461 4458 1611 4542 Gytbam,

283 4556 523 4638 praenorninibns
540 4562 652 4626 Saxuni
670 4562 913 4649 satisdesignati
970 4569 1138 4654 patruelem
1160 4569 1339 4648 absalonis,
1359 4586 1485 4630 uxorem
1511 4562 1609 4626 duxe-
1638 4603 1646 4624 ι

284 4659 478 4742 viderentur,
504 4665 556 4743 iis,
586 4669 639 4752 qui
666 4689 735 4732 cum
756 4670 911 4736 Absalonc
970 4675 1032 4753 rat)
1054 4675 1193 4738 etlilium
1213 4675 1280 4760 ejus
1294 4681 1456 4760 lapsorum
1472 4668 1610 4758 (Script.

282 4779 387 4848 erant,
406 4765 485 4830 bene
509 4774 625 4856 cogniti
647 4772 772 4856 format,
791 4797 912 4842 necesse
969 4777 1441 4864 rer.nan.1v‚545ret.11t)
1462 4773 1531 4860 (Ψ)

282 4885 337 4940 eat.
405 4876 508 4971 Quare
537 4897 600 4942 aon
629 4879 840 4966 improbabilis
866 4896 912 4948 est
