3582 5466
369 308 444 383 572
714 311 890 384 fltstott
906 310 1012 384 DAN.
1032 303 1169 384 Llllllll
1184 313 1242 384 xt.

318 535 429 613 autea,
453 525 592 596 testium
621 519 694 596 fide
709 521 908 611 subnixam,
932 519 1148 596 detensionis
1178 519 1346 621 praesidio
1361 517 1537 619 repellere
1552 545 1626 594 uon

317 643 478 716 licebat¹.
544 642 651 737 Quod
669 646 728 742 jus
744 645 976 742 usurpatione
991 643 1171 718 firmatum
1188 660 1228 717 ut
1244 644 1414 717 familiare
1435 641 1625 731 libertam,

317 771 363 840 ita
385 769 547 867 religioni
561 767 767 864 pestiferum
777 769 898 840 evasit.
955 769 1037 865 ipsa
1054 790 1212 865 namque
1226 765 1440 840 defendendi
1454 781 1623 863 potestas,

317 915 390 964 non
416 915 616 983 armorum,
644 913 718 962 uon
740 891 880 962 testium
904 891 1011 980 usu³,
1031 889 1094 963 sed
1112 889 1188 962 sola
1206 891 1416 964 sacramenti
1429 887 1502 960 lide
1525 887 1622 961 sub·-

316 1021 408 1103 nixa,
422 1014 615 1086 multorum
631 1029 780 1086 conatus
796 1026 961 1084 votorum
979 1010 1175 1108 cupiditate
1196 1014 1352 1109 periurio
1374 1009 1537 1110 polluit⁴,
1556 1009 1621 1082 sed

313 1153 351 1211 ,et
378 1135 537 1212 funditus
562 1134 795 1234 singularium
824 1139 1114 1232 congressionum
1138 1161 1244 1209 usum
1273 1138 1407 1208 evertit.
1468 1135 1621 1206 Posteris

315 1273 665 1359 namquesusceptas
680 1279 868 1331 causarum
893 1261 1151 1330 controversias
1175 1259 1283 1330 satius
1305 1254 1543 1358 jurejurando
1559 1260 1620 1330 vi·-

316 1409 399 1458 rum
427 1397 480 1456 est
506 1377 671 1478 expedire
704 1403 813 1477 quam
828 1379 938 1452 ferro.
999 1381 1132 1452 Verum
1150 1380 1299 1452 alterum
1314 1377 1493 1478 religionis
1508 1379 1620 1449 intui-

316 1521 372 1597 tu,
406 1503 555 1576 alterum
578 1489 702 1576 salutis
732 1519 895 1600 respectu
919 1501 1163 1600 periculosius.
1222 1507 1335 1596 Quem
1362 1524 1498 1576 morem
1525 1503 1617 1572 Daui

315 1625 543 1728 pertinaciter
563 1639 737 1696 retentum
763 1624 810 1696 ad
833 1625 1043 1723 hocusque
1071 1639 1213 1723 tempus
1234 1626 1411 1700 obstinate
1433 1639 1620 1721 usurpent,

316 1751 408 1824 adeo
428 1764 468 1822 ut
484 1749 555 1821 vita
571 1750 685 1846 magis
699 1771 809 1846 quam
826 1775 871 1822 eo
887 1773 1009 1822 carere
1024 1751 1182 1846 cupiant,
1196 1749 1417 1846 salutemque
1431 1771 1532 1822 suam
1549 1769 1619 1844 pro

315 1875 426 1972 ipsius
442 1871 692 1944 observatione
707 1867 941 1943 devoveant⁵.
1007 1869 1184 1943 Haruldus
1211 1897 1306 1960 vero,
1329 1871 1412 1945 solis
1435 1884 1618 1944 sacrorum

316 1996 440 2070 officiis
457 1991 609 2080 deditus,
635 1990 786 2064 latarum
802 2019 821 2063 a
840 2019 879 2065 se
899 1993 1020 2092 legum
1046 1999 1231 2068 severitate
1257 1993 1429 2094 neglecta,
1454 1994 1616 2088 impuni-

315 2135 370 2194 tas
385 2121 544 2190 omnium
558 2139 667 2188 noxas
684 2117 803 2188 enervi
820 2115 939 2215 legum
957 2115 1173 2215 indulgentia
1187 2097 1408 2215 praeteribat
1426 2117 1619 2211 omniaque

315 2243 435 2315 statuti
449 2241 538 2337 juris
555 2237 773 2310 munimenta
790 2238 987 2328 convulsit,
1010 2241 1165 2338 ignarus,
1182 2240 1266 2337 plus
1281 2239 1349 2313 deo
1366 2245 1536 2312 sinceram
1553 2261 1618 2308 re·-

315 2365 375 2464 gni
390 2360 728 2434 administrationem
755 2385 863 2457 quam
891 2366 1005 2432 inania
1023 2365 1280 2460 superstitionis
1296 2379 1473 2435 momenta
1488 2360 1617 2462 place-

315 2511 366 2581 re,
401 2507 639 2580 severumque
662 2485 805 2580 justitiae
825 2481 959 2556 cultum
991 2509 1214 2584 supervacua
1238 2511 1386 2584 precum
1415 2483 1619 2558 adulatione

314 2613 503 2712 gratiorem
528 2601 694 2698 existere3
713 2623 892 2704 praeterea
916 2605 1076 2682 divinum
1102 2608 1242 2706 plenius
1262 2611 1449 2708 propitiari
1469 2633 1615 2696 numen,

314 2735 378 2809 ubi
390 2736 472 2832 jura
489 2755 600 2829 quom
616 2727 721 2804 thura
737 2746 968 2827 promuntur,
1001 2731 1085 2830 plus
1107 2731 1280 2806 scelerum
1298 2757 1409 2831 quam
1430 2739 1616 2832 pectorum

315 3073 348 3115 tu
363 3075 447 3134 qaam
467 3073 501 3112 eu
520 3071 618 3110 carere
639 3049 754 3108 veliem.
775 3044 935 3124 (Vid.1to·
1039 3050 1128 3112 ³Non
1151 3076 1296 3114 armorum
1318 3052 1385 3130 usu]
1409 3056 1440 3114 ln
1464 3074 1524 3136 quo
1545 3072 1614 3112 cau·

281 3243 282 3246 ¹
313 3157 458 3238 seuvinge
487 3175 538 3215 om
564 3153 665 3216 Edena
686 3153 874 3216 Antendelse
899 3157 936 3216 til
991 3177 1090 3219 sarum
1131 3179 1241 3239 genere
1279 3157 1449 3221 duellorum
1485 3180 1553 3220 usus
1578 3179 1613 3220 ee

313 3263 416 3328 Betiis
441 3256 637 3338 1Afd.§.3‚
664 3258 797 3341 ejusdem
813 3261 934 3323 Danslte
992 3277 1082 3326 aetate
1100 3267 1245 3342 valuerit,
1280 3265 1435 3330 crealovix
1462 3265 1541 3340 inter
1566 3265 1614 3346 ju-

313 3368 514 3434 Retshistorie
528 3364 592 3442 (ed.
605 3363 687 3444 Qdae)
702 3363 721 3422 ‘l
737 3369 812 3430 [ts.
831 3365 889 3430 159
906 3381 936 3430 et
991 3372 1188 3436 risconsultos
1202 3384 1350 3434 constare.

313 3475 539 3596 emmaninei
566 3493 646 3594 meis
670 3495 702 3594 li
721 3475 875 3595 saxium.
893 3499 938 3536 m.
1038 3539 1220 3596 *inultorum
1236 3555 1358 3596 coriatus
1374 3580 1396 3593 ..
1408 3539 1539 3622 perjurio
1544 3537 1615 3622 po(-

313 3595 408 3648 sertas
421 3593 541 3664 sumptas
555 3592 706 3642 societatis
728 3600 820 3662 regiae
833 3594 936 3643 terent.

313 3675 935 3774 llan.philos.cthist.vol.·lp.152sequg
991 3637 1060 3720 lm't]
1075 3643 1183 3704 Sensus
1207 3653 1266 3702 est:
1296 3641 1392 3714 multi,
1409 3653 1442 3701 ut
1461 3641 1539 3702 rotis
1557 3663 1615 3723 po-

360 3805 367 3837 ,
717 3799 721 3807 .
765 3798 770 3808 .
881 3799 918 3811 .‚
991 3747 1136 3822 tireutur,
1157 3747 1247 3808 vitant
1269 3747 1406 3830 perjurio
1425 3747 1613 3830 polluerunt.

377 3801 473 3882 Quam
480 3811 566 3858 aaatea
577 3839 598 3852 ..
608 3795 782 3874 defensionis
793 3798 933 3880 preestdto

314 3897 632 3992 repellerenoniieebet]
645 3897 779 3961 Vidimus
787 3899 933 3984 supralp.
1034 3900 1238 3981 ⁵Solutemque
1260 3924 1342 3960 suom
1362 3921 1418 3984 pre
1449 3904 1540 3984 ipsius
1564 3903 1615 3960 ob-

311 4008 481 4092 529),juxta
494 4006 574 4088 leges
582 4019 746 4068 castrenses
754 4007 862 4068 Canuti
871 4012 933 4068 Ma·
987 4011 1147 4065 servatione
1157 4001 1326 4084 devoveant]
1341 4002 1421 4064 idem
1432 4015 1557 4066 testatos
1566 4020 1614 4072 est

312 4115 365 4200 gni
388 4112 515 4194 (luorum
544 4112 666 4172 testium
691 4112 933 4176 criminationem
989 4107 1151 4170 AElnothus
1173 4109 1218 4170 his
1242 4109 1355 4172 verbis:
1384 4113 1466 4172 Urede
1484 4114 1560 4194 leges
1576 4115 1615 4172 ab

311 4239 410 4305 neque
429 4218 599 4298 juramento
617 4219 933 4280 mmacramentatinm
989 4240 1022 4276 eo
1037 4219 1166 4276 sancitas
1182 4219 1265 4276 Daui
1286 4239 1372 4298 usque
1392 4221 1421 4276 in
1444 4219 1613 4284 hodiernam

313 4343 410 4409 neque
432 4324 602 4404 juramento
620 4321 713 4407 ipsius
733 4323 776 4386 rei
796 4325 865 4388 tolli
878 4347 934 4408 po·
988 4323 1025 4382 ab
1038 4323 1134 4382 electo
1151 4339 1180 4381 et
1200 4325 1340 4405 elegendis
1355 4324 1411 4382 salii
1427 4325 1541 4405 regibus
1562 4350 1614 4384 ea·-

313 4433 414 4496 tuisse.
983 4444 1102 4510 peteret,
1124 4449 1241 4510 elaraeque
1256 4431 1347 4488 veluti
1355 4435 1439 4512 pacis
1452 4447 1479 4490 et
1495 4433 1614 4492 libertu-

357 4537 538 4598 2ἱίιιιιιῒιίινι
558 4535 700 4614 libertati]
723 4538 879 4600 Familiare
901 4535 933 4596 itl
988 4537 1027 4593 tis
1050 4535 1174 4618 pialtico
1189 4539 1370 4618 provisorem
1394 4561 1452 4621 pro
1473 4541 1613 4600 concessis

292 4695 294 4702 ,
310 4657 367 4722 est,
377 4639 516 4704 amicum.
561 4645 605 4702 lla
617 4642 764 4724 Apulejut
783 4641 829 4704 etl.
845 4643 875 4704 itt
890 4664 931 4704 us.
988 4641 1024 4700 ah
1040 4664 1072 4698 eo
1087 4641 1198 4721 legibus
1217 4641 1303 4702 laude
1319 4644 1510 4724 ctsasoribus
1523 4647 1617 4704 estol·

311 4749 423 4834 Delph.
433 4770 464 4831 p.
476 4741 709 4809 illinendum
720 4750 932 4837 aliquempiam
988 4749 1060 4807 lutat.
1127 4747 1255 4832 (Setipi.
1285 4768 1342 4813 ter.
1373 4751 1449 4812 Deo.
1487 4749 1545 4812 tol.
1576 4751 1614 4810 ΙΙΙ

302 4860 485 4945 familiarem
499 4855 557 4915 sibi
565 4855 718 4916 mulierem.
988 4875 1017 4936 p.
1033 4847 1118 4928 341).
