3508 5460
353 265 428 344 rus
675 223 1238 346 atstott.ustt.t1usttxtv.

299 503 414 556 resec
437 484 582 578 negotiu
606 497 803 578 occupatas
827 481 1082 572 existimantes,
1117 482 1256 556 avidius
1286 481 1416 558 edendi
1444 485 1622 581 propositi

299 603 467 679 fiduciam
483 619 699 700 rapuerunt,
730 603 880 701 perinde
894 630 937 678 ac
955 631 1082 682 eorum
1100 606 1248 680 classem
1272 603 1525 682 defensoribus
1548 629 1621 680 va-

300 753 405 802 cuam
431 731 617 823 reperturi.
684 725 755 798 Sed
772 725 1014 826 quorundam,
1034 733 1130 828 regis
1156 728 1347 827 imperium
1368 728 1623 829 ignorantium,

299 873 456 930 occursu
473 851 645 922 maturius
662 855 818 947 excepti,
850 849 1054 926 incursandi
1070 851 1231 927 studium
1253 868 1398 950 repente
1422 851 1510 951 suga
1532 875 1622 924 mu·

299 989 428 1048 tarunt
497 975 598 1063 Quos
622 987 750 1044 caetera
775 976 960 1046 Dauorum
989 973 1111 1052 classis
1135 976 1291 1072 certatim
1318 979 1458 1074 magnis
1481 975 1623 1072 remigii

297 1097 434 1172 nisibus
449 1099 619 1180 insecuta,
635 1091 820 1167 velocitate
836 1099 1071 1192 navigationis
1087 1121 1234 1194 aequare
1250 1123 1323 1173 uon
1338 1101 1465 1196 potuit.
1499 1099 1621 1170 Cuna-

298 1245 371 1322 que
388 1215 590 1292 relevandoe
607 1214 822 1292 lassitudinis
836 1222 947 1314 gratia
963 1235 1090 1296 austum
1108 1219 1331 1296 umbraculis
1348 1219 1484 1309 leniret,
1510 1221 1620 1292 Lun-

297 1345 460 1420 densium
476 1339 649 1442 pontifex,
674 1340 809 1412 caeteris
827 1357 972 1435 portum
985 1342 1198 1432 tenentibus,
1224 1343 1493 1441 superveniens,
1511 1356 1621 1439 post-

297 1493 409 1568 quam
437 1463 555 1538 medio
579 1462 693 1536 ferme
722 1460 792 1534 diei
823 1478 986 1562 tempore
1017 1467 1157 1565 navigia
1194 1466 1432 1540 velaminibus
1458 1463 1621 1540 obducta

297 1588 498 1690 conspexit,
532 1585 668 1662 cunctis
693 1587 876 1684 segnitiem
905 1588 1153 1684 exprobrans,
1193 1593 1277 1682 His,
1302 1591 1434 1688 inquit,
1459 1584 1620 1676 tumulis,

297 1711 567 1796 commilitones
592 1735 675 1784 cum
696 1712 804 1781 auimi
820 1708 1008 1782 exercendi
1026 1712 1105 1802 sint,
1130 1737 1282 1812 corpora
1299 1711 1451 1810 sepelire
1471 1707 1621 1810 gaude-

297 1839 402 1914 musl
455 1838 538 1926 Quo
560 1833 656 1938 dicto
679 1832 848 1906 militibus
873 1830 1014 1906 diurnae
1038 1835 1165 1930 quietis
1186 1834 1359 1908 ruborem
1383 1834 1543 1934 ingessit,
1582 1848 1619 1906 et

296 1986 431 2061 regem,
446 1955 582 2031 desidia
599 1955 802 2046 obsessum,
817 1971 998 2052 torpentes
1015 1954 1146 2028 militiae
1162 1982 1238 2032 suae
1253 1964 1346 2031 vires
1360 1963 1511 2032 excitare
1526 1981 1619 2054 pet·-

296 2085 428 2160 docuit
481 2083 552 2174 Qui
569 2081 672 2154 etiam
691 2078 737 2152 ad
759 2079 934 2177 pontilicis
949 2103 1074 2150 vocem
1091 2079 1258 2154 modesto
1273 2080 1523 2178 indignationis
1544 2104 1617 2177 ge-

295 2233 382 2286 nere
399 2219 597 2304 permotus,
622 2199 804 2298 simulque
821 2203 917 2300 justa
932 2199 1078 2274 desidiae
1101 2227 1178 2276 suae
1202 2199 1481 2300 reprehensione
1506 2227 1617 2276 com-

295 2334 472 2420 monitus,
505 2332 574 2402 citu
590 2325 658 2402 hos
673 2305 832 2400 tumulos
848 2323 998 2424 relinqui
1017 2349 1125 2424 posse
1148 2325 1289 2423 ajebat3
1321 2327 1513 2422 statimque
1535 2321 1617 2396 dis-

295 2457 406 2532 cussis
434 2450 665 2552 tegminibus,
693 2447 822 2524 hostile
848 2447 968 2522 solum
991 2464 1115 2557 petere
1139 2453 1353 2546 properavit.
1429 2453 1514 2522 Post
1534 2445 1617 2520 ltaec

294 2583 388 2654 circa
403 2573 593 2652 australem
607 2571 734 2646 insulae
753 2570 899 2669 plagam
918 2570 1050 2668 praedae
1065 2574 1102 2644 in
1119 2570 1274 2644 biduum
1290 2587 1394 2664 actae3
1418 2569 1502 2646 inde
1520 2575 1616 2644 Wa-
1739 2553 1740 2566 ἵ

294 2703 474 2801 lungiam²
503 2701 720 2796 navigatum.
773 2694 854 2784 Ubi,
875 2699 1035 2768 nuntiata
1061 2695 1515 2793 ttugtanorumoccunu2,
1531 2719 1617 2768 cum

295 2824 443 2925 quidam
458 2848 478 2894 e
493 2825 605 2895 Danis
622 2818 760 2894 hastam
774 2842 899 2905 suam,
935 2843 1011 2916 quo
1029 2815 1255 2892 commodius
1275 2843 1319 2890 ea
1333 2819 1368 2890 in
1394 2821 1473 2890 acie
1487 2833 1613 2890 ntere-

296 2968 365 3040 tur,
390 2950 428 3019 in
447 2957 640 3042 conspectu
653 2944 834 3016 sociorum
862 2939 1041 3040 aliquanta
1055 2956 1156 3038 parte
1174 2955 1366 3033 cantasset,
1390 2944 1506 3014 caeteri
1520 2945 1614 3038 ipsi-

296 3095 339 3144 us
354 3070 487 3142 fectum
504 3071 626 3157 secuti,
651 3065 829 3163 congestis
846 3067 879 3136 in
898 3091 1010 3139 unum
1024 3063 1147 3138 locum
1162 3065 1417 3160 putaminibus,
1435 3070 1613 3164 ingentem

294 3191 400 3266 brevi
413 3190 597 3264 cumulum
615 3205 851 3262 exnuxerunt
903 3187 971 3260 Sed
986 3189 1127 3262 interim
1144 3185 1244 3284 apud
1260 3185 1383 3264 hostes
1396 3193 1516 3286 pacis,
1541 3213 1614 3262 uon
1737 3225 1738 3228 ¹

294 3317 380 3394 belli
406 3313 523 3390 studia
547 3312 784 3412 agitabantur.
853 3313 910 3384 De
939 3337 1012 3410 qun
1043 3328 1188 3386 aeturus
1213 3311 1425 3386 Demburus
1458 3309 1506 3384 ad
1533 3314 1613 3386 Da-

293 3465 360 3515 nes
377 3437 546 3537 dirigitur.
598 3433 741 3529 Quibus
758 3433 807 3508 ad
821 3459 932 3510 naves
946 3433 1133 3532 digressis,
1159 3435 1277 3534 ignem
1295 3440 1332 3510 iu
1347 3433 1462 3508 littore
1474 3459 1612 3510 acceu-

294 3563 355 3655 dit,
380 3564 485 3661 cujus
501 3557 633 3632 indicio
649 3584 688 3632 se
703 3556 920 3657 legationem
937 3556 1063 3632 afferre
1084 3573 1306 3632 monstraret.
1360 3555 1429 3632 Sed
1443 3555 1613 3648 Absalon,

293 3713 339 3760 ne
355 3689 436 3785 quis
453 3711 537 3758 eum
555 3707 647 3756 uase
661 3685 851 3780 exciperet,
878 3681 1000 3770 vetuit,
1024 3706 1070 3752 ne
1084 3703 1165 3777 pax,
1193 3705 1302 3778 quam
1318 3697 1441 3780 petere
1458 3695 1612 3772 venerat,

291 3811 443 3884 invicem
464 3831 486 3878 a
509 3807 620 3880 Dauis
638 3805 791 3878 affectari
815 3805 1005 3880 videretur.
1081 3807 1132 3876 lta
1153 3803 1376 3895 Domberus,
1398 3802 1513 3876 aliena
1536 3819 1610 3878 rate
1735 3849 1736 3858 κ

292 3959 366 4008 noa
380 3930 513 4023 habita,
539 3931 685 4028 propria
705 3927 856 4002 classem
872 3929 1014 4026 petivit3
1040 3925 1331 4026 absalonemque
1344 3951 1411 4024 per
1426 3928 1610 4026 interpre-

314 4099 923 4202 ¹¹Walnngr'um]'l'ractumSclraprude
984 4113 1036 4177 bic
1054 4113 1202 4199 etfugam
1218 4113 1395 4177 Sclavurum
1420 4127 1452 4178 et
1468 4114 1609 4177 vastatio·
1734 4139 1735 4170 r

182 4305 186 4314 ,
293 4225 324 4288 in
349 4225 448 4311 Rugia
467 4217 563 4302 (cair.
581 4219 710 4282 liombst
730 4223 750 4284 1.
773 4221 920 4309 cpll).
983 4241 1053 4284 nem
1075 4219 1243 4306 provincia
1271 4219 1434 4303 Valungiae
1463 4234 1495 4284 et
1515 4219 1608 4282 dicte-

981 4327 1026 4389 ria
1041 4327 1149 4390 Esbilli
1169 4337 1397 4390 commemoret.
1440 4329 1518 4420 Qute
1535 4343 1609 4390 tero

339 4441 517 4500 ²Nuntt'nto
544 4439 746 4520 Rttgt'anorum
784 4429 919 4513 occursu]
980 4431 1018 4495 de
1041 4433 1158 4517 ingenti
1185 4432 1317 4518 quedem
1348 4434 1478 4498 victoris
1511 4451 1608 4516 prope
1733 4449 1734 4456 ’

293 4545 371 4631 Quas
389 4553 460 4626 post
480 4539 612 4604 reditum
632 4539 792 4604 Absalnnis
815 4539 920 4602 huete-
978 4539 1133 4604 Arcenam
1165 4551 1321 4626 reportata
1343 4552 1375 4604 et
1402 4539 1441 4604 de
1464 4536 1607 4626 trecentis

292 4667 349 4710 nus
380 4657 464 4729 gesta
498 4657 602 4708 noster
629 4647 781 4722 narrarit,
820 4646 917 4708 multa
979 4646 1111 4710 millibus
1131 4646 1343 4730 Regianorum
1364 4649 1395 4711 in
1413 4648 1605 4734 proelincae·

292 4751 414 4818 brevius
428 4763 458 4816 et
475 4752 580 4836 paullo
600 4752 689 4815 aliter
715 4747 812 4814 refert
829 4763 919 4814 autor
979 4753 1019 4815 sis
1035 4753 1143 4819 deinde
1164 4751 1270 4834 affert,
1302 4753 1376 4834 laisa
1399 4757 1605 4820 ommoneen·

291 4859 426 4925 historin
440 4857 686 4942 llnytlingurunr,
701 4859 744 4922 ita
758 4869 869 4936 tamen,
884 4870 918 4922 ut
979 4857 1071 4923 nenda
1089 4873 1169 4926 tunt.
