3524 5460
381 377 453 450 676
712 371 887 443 HISTOR.
902 371 1009 441 DAN.
1029 367 1166 441 LIBER
1182 371 1273 444 XlV.

331 587 451 664 rendae
467 583 578 684 gratia
601 607 724 680 pacem
749 603 818 677 pro
840 595 1002 678 tempore
1017 591 1195 671 statuunt,
1214 597 1495 678 sevocatumque
1521 605 1542 652 a
1564 584 1638 656 suis

329 709 526 787 visceribus
539 705 680 778 ¹serrum
713 699 758 774 ad
782 725 966 775 sacrorum
993 699 1186 774 vindictam
1208 719 1429 776 convertunt.
1482 703 1639 777 Discor-

329 833 423 908 ffiam
440 832 593 925 itaquea
614 826 714 924 regni
733 823 958 896 aemulatione
973 823 1173 922 proiectam
1187 825 1291 896 sociae
1309 806 1541 924 expeditionis
1560 825 1638 899 foe-

329 956 413 1029 dere
436 954 641 1046 castigantes
649 917 826 1046 ‚ffrnctis
849 947 987 1020 viribus
1011 943 1183 1018 Sclau'am
1207 963 1349 1044 petunt,
1384 949 1571 1022 Germanis
1593 975 1637 1023 ex

327 1075 488 1154 condicto
508 1070 684 1145 diversam
699 1037 1045 1172 ejus-*invadentibus
1067 1067 1224 1165 plagam.
1276 1072 1345 1141 luti
1373 1073 1512 1141 (lanuto
1531 1067 1635 1161 duce,

303 1261 306 1270 .
326 1198 572 1296 Hetbbyenses
598 1193 769 1280 Svenone,
787 1189 951 1264 hostilem
969 1207 1145 1287 occupant
1162 1207 1317 1288 portum.
1377 1193 1637 1289 Superveniunt

327 1322 471 1399 extremi
487 1314 728 1390 Sialandenses
745 1339 787 1386 ac
802 1315 912 1404 Scani,
937 1315 1171 1412 prioremque
1188 1312 1353 1405 classem,
1379 1331 1487 1412 prout
1503 1321 1636 1413 cuique

325 1447 430 1521 locus
455 1439 620 1540 patebat,
645 1461 710 1509 sua
729 1433 1061 1510 circumincludunt.
1114 1438 1313 1507 Occurrunt
1336 1437 1371 1506 in
1384 1412 1498 1508 littore
1516 1439 1635 1509 Saxo·

324 1593 401 1658 nes,
426 1581 460 1638 ct
482 1567 548 1662 ipsi
567 1557 790 1636 vindicandae
804 1557 984 1658 religionis
1000 1557 1272 1656 cupientissimi,
1297 1557 1429 1630 militiae
1447 1559 1532 1632 socii
1550 1559 1632 1632 Da-

325 1694 380 1766 nis
401 1688 518 1762 futuri.
569 1681 891 1774 MoxDobinum1,
910 1686 1043 1781 insigne
1066 1679 1214 1779 piratica
1237 1677 1433 1776 oppidum,
1459 1679 1507 1752 ab
1524 1695 1632 1754 utro-

327 1837 400 1915 que
423 1803 695 1884 circumsidetur
715 1809 888 1896 exercitu,
921 1804 1019 1875 omni
1049 1804 1185 1874 Daniea
1218 1801 1459 1894 multitudine,
1501 1817 1634 1900 praeter

325 1924 469 2038 paucos'
489 1929 611 2003 classis
635 1923 819 2015 custodes,
845 1926 984 2026 navigia
1014 1922 1244 2022 relinquente.
1305 1927 1467 2015 Quorum
1491 1927 1635 1999 raritate

326 2059 485 2158 cognita,
506 2050 656 2147 Rugiani
678 2049 829 2146 primam
850 2046 1006 2122 obsessis
1029 2072 1137 2146 opem
1169 2047 1316 2119 inimicae
1333 2045 1452 2152 classis
1471 2071 1633 2146 oppres-

325 2187 425 2256 sione
442 2174 624 2276 porrigere
649 2185 816 2244 statuunt.
865 2173 949 2244 Mox
976 2171 1127 2264 Soanos,
1153 2195 1246 2268 qnos
1263 2166 1354 2241 ordo
1370 2173 1554 2268 proximos
1568 2169 1634 2243 of·

324 2301 480 2389 serebat,
511 2293 643 2383 adorti,
669 2291 780 2366 ferme
797 2317 920 2367 omues
947 2291 1133 2384 fuderunt,
1168 2295 1257 2364 lutis
1276 2291 1474 2390 jucundam
1503 2301 1632 2364 eorum

324 2421 463 2499 cladem
480 2415 704 2508 ducentibus,
728 2440 846 2514 neque
861 2421 978 2490 socios
993 2416 1298 2514 computantibus,
1331 2437 1424 2514 quos
1439 2411 1535 2487 duce
1556 2437 1636 2488 ase

325 2545 483 2620 diversos
498 2555 678 2615 noverant.
704 2533 771 2610 Sed
785 2554 819 2610 et
834 2535 1006 2610 lorensis²
1023 2536 1184 2611 nondum
1201 2563 1335 2637 pugnae
1350 2539 1523 2610 memoria
1538 2561 1632 2611 exo-

324 2668 460 2742 leverat
485 2678 519 2737 et
543 2683 665 2734 reeens
684 2665 838 2757 partium
856 2658 979 2734 odium
998 2660 1182 2733 aestuabat.
1235 2661 1347 2755 Adeo,
1364 2685 1456 2761 quos
1480 2661 1631 2758 privatae

323 2800 383 2863 irae
401 2791 544 2888 agitant,
569 2781 714 2882 publica
728 2807 914 2879 nunquam
934 2786 1139 2854 communio
1156 2783 1315 2858 foederat.
1368 2790 1523 2859 Aseerus
1542 2807 1630 2858 vero

322 2908 577 2997 lloskildensis,
591 2906 653 3003 qui
662 2902 783 2978 elassis
800 2928 822 2975 a
840 2930 924 3004 rege
941 2927 1065 2975 euram
1076 2924 1268 3004 acceperat,
1287 2932 1353 2980 suo
1367 2911 1629 3006 repentenavi-

323 3036 457 3135 gioper
472 3031 648 3130 ignaviam
658 3023 799 3116 cedens,
807 3026 1069 3116 mercatorium,
1079 3027 1210 3125 cymba
1225 3027 1406 3121 advectus,
1414 3029 1629 3120 conscendit,

323 3181 440 3253 eoque
455 3153 628 3225 latebram
637 3165 769 3242 nactus,
787 3172 878 3247 quos
888 3147 1048 3247 specioso
1063 3173 1194 3249 pugnae
1210 3151 1373 3249 exemplo
1384 3151 1428 3224 ad
1439 3147 1626 3226 fortitudi-

321 3301 403 3348 nem
412 3275 551 3346 incitare
562 3273 745 3364 debuerat,
755 3270 923 3343 deformis
938 3268 1033 3370 fugae
1043 3271 1245 3371 spectaculo
1256 3273 1443 3348 territabat.
1469 3277 1627 3366 Primum

321 3413 442 3471 autern
451 3385 563 3489 Scani,
576 3419 621 3468 ne
629 3392 864 3468 timidioribus
872 3391 959 3492 luga
978 3411 1193 3492 suppeteret,
1210 3395 1626 3472 communibusrtnculis

322 3519 566 3594 arctiusnaves
577 3520 613 3590 in
623 3518 771 3592 classem
782 3517 924 3606 sociant,
936 3540 1021 3588 mox
1031 3516 1110 3588 victi
1126 3535 1237 3590 nexus
1255 3517 1626 3616 industrieprocnra-

319 3659 372 3716 tos
384 3641 534 3714 fortuitis
550 3639 776 3740 ruptionibus
793 3635 963 3728 lacerant,
978 3662 1134 3736 parsque
1150 3639 1243 3712 ferro
1260 3646 1373 3739 periit,
1396 3665 1482 3739 pars
1498 3660 1626 3715 neem

317 3764 385 3840 sibi
399 3765 487 3835 inter
500 3761 615 3836 undas
629 3762 823 3862 praecipitio
842 3762 1041 3834 maturavit.
1099 3763 1265 3860 Cumque
1286 3766 1437 3864 Regiani
1451 3764 1626 3864 complu·
1747 3817 1748 3828 ,

316 3909 373 3962 res
393 3887 441 3960 ob
457 3886 735 3986 magnitudinem
751 3908 858 3958 naves
878 3898 985 3980 captu
1002 3879 1158 3955 difficiles
1175 3885 1500 3977 animadverterent,
1520 3887 1625 3959 mul-

317 4007 474 4084 titudinis
491 4010 610 4107 specie
627 4024 760 4080 metum
780 4010 830 4080 eis
848 4012 1005 4106 ingerere
1020 4009 1222 4103 cupientes,
1248 4007 1396 4083 classem
1411 4034 1525 4104 suam,
1548 4009 1624 4082 ab-

317 4129 431 4205 ductis
440 4153 612 4204 caesorum
626 4130 784 4226 navigiis,
801 4127 996 4226 duplicant,
1011 4124 1219 4224 eademque,
1229 4130 1378 4229 perinde
1394 4119 1624 4232 acremigum

365 4320 373 4350 ¹
387 4311 542 4394 Dominum]
555 4309 734 4376 Helmoldns
750 4309 858 4371 ehron.
874 4308 939 4372 Sla·
997 4310 1070 4373 here
1085 4310 1232 4390 noluisse3
1246 4311 1317 4375 ltine
1330 4313 1423 4399 igitur
1432 4313 1539 4379 foedus
1552 4333 1625 4378 eum

317 4414 445 4478 ronlib.
466 4421 479 4478 1
499 4438 564 4502 cap.
585 4413 635 4496 65,
659 4414 847 4479 obsidionem
872 4420 936 4480 Do·
996 4419 1100 4480 Slaris·
1111 4418 1153 4480 ita
1170 4417 1286 4499 iniisse,
1321 4433 1354 4483 nt
1376 4423 1517 4506 exiguum
1538 4442 1628 4486 erno-

316 4520 412 4583 binia
438 4543 547 4606 magno
575 4523 707 4587 exercitu
730 4535 761 4586 et
784 4525 936 4588 Saxonum
995 4525 1162 4587 lamentum
1193 4543 1229 4585 ex
1270 4537 1334 4590 tota
1366 4525 1557 4612 expeditione
1585 4529 1628 4589 in

314 4639 346 4690 et
371 4629 526 4688 Danorum
555 4649 632 4690 anno
663 4623 742 4691 1148
767 4641 937 4714 susceptam
976 4633 1099 4694 'Danos
1115 4627 1306 4695 redundaret.

315 4730 496 4808 describens,
514 4731 644 4814 primum
659 4731 780 4817 quidem
795 4746 875 4796 taxat
888 4755 935 4796 se-

314 4837 438 4922 gnitiam
456 4839 628 4914 Danorum,
657 4835 764 4899 deinde
786 4859 857 4901 vero
879 4837 934 4900 ob·
1037 4841 1205 4922 ²Forensis]
1226 4843 1308 4921 (Hoc
1326 4855 1520 4930 corruptum3
1544 4865 1629 4908 num

314 4955 424 5022 servat,
456 4945 586 5005 Saxones
606 4939 793 5006 obsidionem
813 4935 934 5028 protra-
989 4953 1134 5021 Fotensti,
1158 4947 1189 5013 id
1211 4961 1265 5030 est,
1281 4953 1481 5016 Fotat'censt's?
1498 4947 1577 5034 ΜΕ.)
