3536 5462
588 311 919 388 WALDEMARUS
938 315 961 386 l.
1305 319 1376 394 851

129 523 221 596 tems
236 518 481 610 imminebant,
505 499 870 623 propugnaculorum·
888 525 995 601 u'sum
1012 521 1201 602 atelarum
1226 534 1433 607 consertio-

129 643 224 718 nibus
245 657 458 718 mutuantes.
517 647 705 723 lhaeterea
726 645 806 722 aliis
827 663 942 722 sectos
962 649 1100 749 stipites
1123 645 1277 750 figendis
1300 653 1432 732 ictibus

129 791 299 859 exacuere,
326 765 402 846 aliis
423 764 590 842 littoralia
615 762 700 842 'saxa
721 768 874 870 jactibus
888 767 1017 844 idonea
1038 768 1155 875 legere
1170 797 1279 846 curae
1296 769 1433 874 fuerat;

129 907 167 982 et,
186 887 319 964 ne-ulla
335 912 377 962 ex
393 903 495 987 parte
512 891 666 964 remissis
683 893 809 966 animis
825 890 1045 985 viderentur,
1058 889 1312 972 bacchantium
1330 923 1433 975 more

126 997 465 1112 metuamusque
488 1009 655 1088 laetitiam
667 1011 897 1107 simulabant,
922 1015 1034 1090 Dauis
1049 1015 1183 1090 tristem
1200 1015 1340 1094 silentio
1355 1050 1434 1098 no-

126 1155 207 1212 rtem
224 1135 447 1209 ducentibus.
498 1137 601 1208 Tune
614 1137 744 1228 Lucas,
761 1133 1012 1236 Christophori
1027 1137 1156 1232 scriba,
1180 1146 1332 1218 nationis
1346 1145 1434 1218 Bri-

126 1266 295 1352 amicae,
315 1257 425 1332 literis
439 1255 588 1353 quidem
601 1265 755 1333 tenuiter
768 1263 970 1352 instructus,
986 1259 1054 1336 sed
1068 1259 1295 1338 historiarum
1310 1267 1434 1341 seien-

125 1391 169 1458 tia
182 1385 348 1500 apprime
363 1379 537 1475 errrditus,
561 1401 646 1456 cum
663 1381 834 1458 infractos
851 1387 1026 1459 exercitus
1045 1389 1154 1459 nostri
1170 1391 1309 1500 animos
1323 1385 1433 1462 vide-

125 1523 184 1604 ret,
207 1522 388 1580 moestum
414 1516 457 1578 ae
479 1501 638 1606 lugubre
661 1502 840 1578 silentium
865 1503 962 1578 clara
984 1526 1075 1580 voce
1090 1533 1346 1610 prorumpens,
1365 1535 1433 1585 sn-
1513 1551 1519 1570 ›

125 1629 337 1744 licitudinem
368 1611 550 1740 alacritate
584 1631 746 1700 mutauit.
807 1623 990 1727 Siquidem
1029 1635 1236 1706 memoratis
1268 1641 1438 1708 veterum

123 1729 321 1847 nantibus,
336 1731 485 1826 nostros
496 1749 543 1822 ad
559 1723 770 1850 erigendam
789 1769 810 1821 a
825 1751 1009 1825 sociorum
1023 1753 1308 1832 interfectoribus
1316 1755 1435 1832 ultio-

122 1903 201 1952 nem
224 1891 321 1951 tanta
341 1871 546 1982 disserendi
563 1877 690 1972 peritia
714 1874 910 1965 concitauit,
936 1889 974 1949 vt
996 1901 1069 1950 nou
1087 1873 1206 1951 solnm
1221 1883 1434 1955 moestitiam

123 2000 317 2093 discuteret,
343 2019 471 2072 rerum
495 2001 602 2070 etiam
622 2011 837 2071 cunctorum
848 1998 1053 2098 pectoribus
1067 1999 1336 2077 fortitudinem
1325 2029 1434 2106 ruge-

121 2137 279 2217 neraret,
317 2120 491 2234 hucque
509 2095 720 2192 meredlbil'e
737 2117 864 2213 luerit,
898 2132 1074 2220 quantum
1090 2127 1218 2200 virium
1233 2128 1269 2199 iu
1284 2141 1435 2202 nostro-

121 2265 205 2324 rum'
225 2249 366 2320 animos
390 2242 439 2318 ab
461 2241 678 2354 alienigenae
698 2239 853 2316 hominis
875 2267 1041 2319 sermone
1062 2249 1268 2324 manauerit.
1320 2249 1435 2325 Dilu-

121 2371 208 2445 culo
219 2367 371 2461 reddito,
388 2365 516 2466 paneis
529 2363 576 2438 ad
597 2345 863 2475 prohibendam
879 2363 1036 2442 bostium
1053 2365 1273 2468 elapsionem
1293 2372 1436 2466 relictis,

121 2507 259 2570 remoto
291 2490 341 2566 ab
370 2509 498 2604 eornm
521 2493 643 2562 oasttis
666 2489 783 2586 spatio
805 2487 904 2564 littus
928 2489 1190 2584 conscendunt,
1214 2516 1260 2566 ne
1285 2495 1322 2568 iu
1351 2499 1433 2596 ipso

121 2624 304 2716 apparatu
321 2587 533 2726 repentinos
547 2615 880 2724 superuenientium
895 2628 1104 2712 paterentur
1127 2617 1304 2692 incursus.
1357 2621 1436 2692 Ita-

121 2751 195 2839 que
220 2735 354 2813 cultius
378 2737 524 2846 armatis
544 2735 583 2807 in
606 2735 682 2808 acie
697 2737 843 2833 praeire
851 2738 966 2829 iussis,
990 2736 1211 2836 rgnohrltbus
1224 2740 1435 2842 quibusque

120 2857 370 2961 subsequendi
391 2831 524 2934 lberam
538 2856 747 2931 attribuunt.
799 2865 844 2933 At
867 2859 1016 2933 barbari
1038 2886 1113 2935 non
1136 2888 1204 2962 per
1231 2867 1344 2958 acies,
1368 2861 1435 2938 sed

118 2985 258 3085 passim
276 2982 473 3086 munitione
487 2977 637 3079 delapsi,
662 2983 793 3081 ingenti
808 2980 965 3056 clamore
980 2981 1115 3076 edito,
1104 3011 1144 3058 m
1157 3009 1321 3086 pugnam
1336 3010 1435 3086 pro-

117 3107 216 3182 silire
245 3117 452 3203 coeperunt,
477 3103 713 3180 existimantes
733 3104 869 3200 Dauos,
894 3107 1063 3204 strepitus
1086 3106 1225 3183 viribus
1245 3125 1435 3208 perterre-

115 3230 255 3319 factos,
279 3227 397 3328 primo
421 3227 681 3326 congressionis
704 3231 842 3327 impetu
865 3227 1102 3329 superandos.
1154 3233 1290 3306 Tantus
1314 3248 1436 3307 autem

117 3351 291 3427 clamoris
312 3373 440 3424 eorum
456 3347 588 3425 horror
608 3349 818 3442 increbruit,
843 3367 883 3426 vt
905 3354 941 3425 iu
965 3371 1147 3451 postrema
1164 3355 1238 3427 acie
1254 3351 1437 3430 collocatis

115 3503 197 3553 non
212 3474 331 3551 solum
349 3485 498 3565 metum,
522 3471 588 3548 sed
605 3474 729 3576 lugam
748 3481 930 3549 incuteret.
982 3474 1117 3549 Verum
1140 3501 1162 3548 a
1182 3476 1436 3576 praecedeuti-

111 3601 193 3676 bus
216 3623 333 3690 secus,
349 3596 589 3689 uerebantur,
605 3603 753 3696 excepti,
778 3622 852 3670 uon
866 3589 1005 3670 minore
1021 3601 1158 3696 impetu
1174 3615 1299 3691 castra,
1325 3625 1437 3700 quarn

110 3723 351 3824 reliquerant,
375 3719 594 3821 repetebant.
645 3716 862 3822 'Complures
879 3743 923 3793 ex
943 3720 993 3792 eis
1017 3723 1131 3816 caesi;
1146 3719 1247 3796 solus
1264 3747 1286 3796 e
1301 3726 1435 3797 ansuis

114 3845 263 3922 Olauus
275 3848 308 3940 ¹,
331 3859 455 3945 guttur
472 3841 545 3919 telo
562 3844 729 3920 traiectus
754 3841 938 3942 multoque
962 3843 1142 3944 sanguinis
1162 3839 1347 3943 profluuio
1363 3840 1437 3919 de.-

108 3969 293 4063 bilitatus,
317 3967 531 4042 semianimis
545 3967 582 4038 iri
605 3965 702 4041 littus
722 3965 885 4040 relertur.
935 3968 1074 4064 Primus
1089 3965 1258 4040 Nicolaus
1283 3967 1438 4066 Stigouis

107 4091 254 4185 filius²,
278 4091 481 4192 virgenere
491 4087 670 4184 etviribus
686 4095 781 4162 iuxta
794 4085 1024 4188 splendidus,
1041 4087 1224 4164 defensam
1238 4112 1260 4161 a
1272 4083 1437 4161 barbaris

172 4309 186 4344 ¹
219 4302 348 4384 Οιιιιιιιι]
367 4303 512 4367 Fortasse
526 4303 641 4368 Olenus
658 4305 753 4387 Glug,
782 4330 785 4340 =
807 4301 965 4365 Nicolaum
988 4313 1027 4382 et,
1044 4299 1183 4364 Alconem
1207 4296 1336 4364 irenem
1354 4295 1435 4366 inira

108 4411 217 4488 idem,
234 4411 289 4496 qui
307 4429 400 4494 aupra
420 4429 490 4493 pag.
508 4403 572 4471 814
592 4409 659 4473 eolo
673 4429 754 4494 pra·
808 4407 1017 4484 hominatum,
1048 4402 1090 4468 ob
1114 4422 1159 4485 ea,
1190 4426 1262 4490 qum
1280 4405 1318 4470 de
1334 4405 1436 4491 splen·

109 4515 252 4582 nomine
270 4514 432 4602 insignitus
453 4515 644 4597 credebatur,
810 4511 882 4576 dido
911 4513 993 4574 illim
1022 4529 1135 4594 genere
1161 4511 1332 4588 adduntur,
1355 4511 1437 4575 lilios

808 4617 902 4682 luisse
914 4617 1029 4703 stigott
1042 4617 1235 4698 Eritaleder,
1251 4617 1305 4702 qui
1316 4617 1436 4702 Marga-

163 4727 345 4792 ²Nirolaue
359 4727 494 4812 Stt'gonis
503 4727 600 4810 ficas]
616 4725 755 4812 Suspica·
810 4724 947 4808 aetham,
970 4745 1114 4797 sororem
1125 4725 1335 4803 waldemari,
1361 4744 1435 4787 uxo·

107 4849 176 4902 ιιιι·
192 4829 342 4899 Salamiua
368 4834 405 4915 (l.
422 4853 450 4898 e.
470 4835 545 4915 vu,
565 4829 653 4915 323),
673 4833 756 4903 hune
810 4851 876 4899 ram
894 4831 1036 4915 doreseta
1056 4853 1085 4900 r.
1103 4852 1195 4918 supra
1217 4851 1287 4919 pag.
1308 4825 1380 4896 teo.

174 4958 238 5006 su.
252 4957 383 5008 annet.
397 4956 460 5006 ntra
473 4957 532 5007 nu.
1163 4936 1240 5034 (54)
