3524 5460
364 285 438 358 696
695 282 871 356 tttsrfflt
885 283 991 356 DAN.
1007 282 1148 358 Lmen
1164 283 1256 356 xtv.

315 489 363 564 ad
378 487 562 590 palaestras
584 504 621 562 et
635 487 775 588 palmus
798 487 979 570 athleticae
1004 487 1187 591 rdcgovit
1210 485 1469 588 judiciumque,
1481 489 1628 564 means

315 610 549 712 speculationi
574 609 757 704 debitum,
779 609 817 683 in
846 611 925 688 solu
951 637 1153 712 corporum.
1170 611 1417 694 exercitatione
1438 611 1627 688 contituit.

315 741 361 810 Et
378 734 525 836 nequid
540 733 643 808 fastui
661 731 812 828 deesset,
836 739 871 808 in
886 733 1141 812 communibus
1156 739 1334 836 suggestis
1347 733 1551 808 omniomi
1565 733 1628 808 fa-

315 859 422 957 stigio
438 881 507 932 suo
522 854 707 958 iudignum
723 855 889 934 ducebat.
940 861 1057 953 Quem
1070 857 1120 932 ob
1138 883 1216 932 rem
1230 881 1337 958 sequa
1351 855 1552 958 vulgarium
1567 854 1628 930 ul-

315 979 438 1078 loquia
454 981 726 1072 contemnendo,
750 978 962 1056 editioribus
982 981 1072 1056 locis
1086 985 1283 1080 occupatis,
1316 984 1515 1080 suppositae
1529 975 1626 1076 plebi

316 1126 473 1200 superne
494 1103 555 1201 jus
570 1101 691 1178 dicere
713 1107 906 1180 consterit.
966 1101 1112 1177 Crebrae
1129 1127 1281 1202 quoque
1298 1107 1331 1177 ei
1347 1127 1432 1176 cum
1444 1099 1626 1176 Lundrnsi

317 1225 486 1326 pontifice
503 1226 734 1320 simultatem,
758 1227 898 1326 majore
913 1211 1032 1302 fructu
1050 1251 1162 1326 quam
1176 1227 1324 1326 jactum,
1338 1223 1449 1302 fuere.

449 1351 503 1420 Ea
510 1363 721 1448 tempestate
730 1349 873 1444 carolo,
886 1350 1083 1426 Hailandiae
1090 1349 1257 1450 preside,
1266 1348 1488 1448 provinciam
1500 1368 1631 1446 egres-

318 1495 371 1562 so,
396 1473 589 1570 conjugem
605 1471 685 1570 ejus
711 1497 945 1578 sororemque
979 1471 1127 1552 viduam
1143 1473 1330 1548 Sverconis
1346 1469 1441 1546 filius
1461 1473 1632 1560 ioannes,

319 1592 521 1672 excellentis
536 1619 660 1671 earum
683 1595 958 1694 pulchritudinis
981 1599 1151 1698 opinione
1168 1611 1379 1696 corruptus,
1403 1592 1451 1670 ad
1474 1583 1631 1700 libidinis

319 1721 574 1790 commercium
589 1735 711 1818 raptas
733 1721 768 1794 in
784 1721 936 1796 Stetittm
953 1745 1070 1822 usque
1084 1719 1234 1796 devexit.
1288 1717 1428 1812 Quibus
1445 1731 1518 1790 tam
1533 1737 1629 1788 con-

320 1836 505 1912 tumeliose
521 1865 607 1914 usus
624 1841 799 1941 proditur,
825 1861 865 1919 ut
882 1868 944 1920 eas
964 1845 1001 1918 in
1025 1849 1139 1944 stupri
1159 1849 1255 1922 vices
1273 1839 1442 1916 noctibus
1464 1849 1631 1912 evocaret

319 1959 471 2056 alternis,
493 1964 657 2062 ingeuuae
672 1964 851 2064 pudicitiae
870 1962 1033 2042 ideminas
1057 1965 1330 2044 obscoenissimo
1356 1960 1519 2040 foedime
1534 1982 1629 2058 pro-

320 2081 483 2178 culcans,
507 2111 627 2186 neque
649 2105 710 2162 aut
727 2085 837 2189 hujus
854 2090 1088 2166 matronalem
1112 2106 1235 2166 torum
1258 2103 1323 2164 eut
1345 2085 1441 2164 illius
1463 2082 1630 2162 coelibem

320 2423 430 2492 autem,
455 2412 555 2478 audita
575 2411 673 2496 causa,
690 2419 716 2480 si
737 2436 786 2481 res
804 2418 848 2483 ita
866 2417 946 2484 iere·
1002 2438 1069 2498 res,
1102 2417 1207 2502 quales
1227 2411 1301 2479 olim
1318 2413 1351 2476 in
1374 2411 1473 2476 Denis
1495 2409 1629 2474 invalue-

318 2515 389 2596 bat,
417 2521 598 2584 seutentiam
619 2544 691 2587 mcx
718 2523 945 2610 pronuntiabat
1003 2537 1248 2604 mnt‚retocare
1268 2517 1395 2601 nndmt,
1415 2517 1488 2598 sed,
1508 2528 1630 2580 uteret

319 2621 420 2686 Sveoo
436 2643 508 2690 tero
531 2627 612 2690 bunc
640 2649 777 2710 morem,
808 2629 945 2694 diverbia
1005 2651 1125 2694 morum
1133 2626 1384 2695 Germanicorum
1393 2623 1629 2710 studiosior,pa·

319 2725 449 2794 fortasse
463 2731 656 2816 afferentem,
683 2755 750 2822 pre.
768 2739 946 2822 impetuosi·
1003 2741 1138 2803 lustrem
1167 2734 1379 2802 Germanicum
1412 2729 1495 2796 band
1537 2727 1629 2792 dubie

320 2843 384 2897 tate
403 2836 517 2923 ingenii
537 2860 658 2922 exosos,
685 2843 795 2908 solium
815 2845 945 2930 regium,
1002 2841 1243 2910 commendebat.
1283 2845 1367 2906 Hinc
1380 2859 1455 2906 vero
1467 2835 1629 2914 effectum,

320 2951 408 3004 antea
440 2944 472 3005 in
504 2947 596 3030 piano
617 2950 770 3034 positum,
798 2950 946 3015 thronum
1003 2967 1040 3018 ut
1054 2955 1159 3018 muita
1171 2969 1270 3016 cenete
1291 2947 1373 3014 bend
1389 2948 1422 3012 iu
1440 2941 1512 3008 foro
1529 2957 1628 3009 trans¹

320 3043 403 3115 iecit,
422 3049 594 3136 editiorem,
630 3057 712 3120 unde
733 3058 798 3142 ipse
821 3057 944 3144 quidem
1005 3073 1085 3128 sutas
1112 3057 1244 3139 inerint,
1274 3057 1369 3142 igitur
1389 3053 1560 3121 subditiuo
1581 3071 1629 3116 res

320 3169 376 3214 ccu
398 3159 596 3224 concionator
618 3162 730 3248 placita
749 3184 801 3226 sua
825 3166 943 3250 populo
1004 3167 1102 3234 media
1116 3168 1192 3252 juris
1211 3163 1357 3230 adbibere
1380 3183 1443 3226 non
1458 3161 1630 3250 potuerint,
1671 3227 1677 3238 ,

319 3263 494 3326 renuntiare
521 3279 660 3350 poterat,
705 3267 820 3332 subditi
843 3283 943 3334 autem
1004 3297 1073 3362 ques
1098 3273 1171 3358 ipsis
1204 3270 1242 3334 ab
1275 3281 1367 3334 estete
1395 3267 1466 3332 inde
1499 3267 1630 3332 Hareldi

321 3363 443 3429 auribus
455 3371 535 3452 regis
548 3370 580 3432 in
596 3385 683 3438 tanto
705 3373 828 3458 fastigio
847 3378 944 3440 collo-
1004 3382 1086 3448 Hein
1101 3379 1229 3442 fuissent
1242 3395 1395 3442 concessu.
1446 3377 1494 3438 Ex
1516 3373 1564 3438 bis
1576 3395 1631 3458 ps·

321 3471 617 3561 cetihsudamplius
632 3483 867 3566 conquerens,
894 3505 944 3548 su·
1003 3501 1069 3552 tere
1088 3485 1240 3564 arbitror,
1262 3484 1430 3560 Saxonem,
1452 3502 1545 3566 supra
1567 3483 1631 3544 Hs·

321 3597 354 3640 rs
374 3581 565 3646 necessitates
583 3587 772 3652 committere
792 3600 945 3674 poterant.
1002 3590 1120 3656 caldum
1139 3592 1238 3668 Heio,
1256 3587 1338 3674 quod
1364 3587 1464 3650 duciis
1485 3587 1632 3670 abroges·

319 3683 476 3750 interdum
491 3709 563 3756 tero
577 3691 864 3756 causaeadtrihunni
879 3693 944 3779 ejus
1001 3711 1058 3777 set,
1076 3709 1263 3782 carpentem,
1283 3695 1335 3758 hic
1349 3713 1422 3758 vero
1444 3697 1629 3770 sicconem,

319 3785 430 3858 dsistas
451 3808 533 3876 sunt,
553 3795 663 3882 quibus
683 3817 770 3862 sures
789 3821 853 3864 uon
872 3821 944 3886 pos-
1000 3803 1085 3890 quod
1105 3825 1139 3868 ea
1164 3799 1432 3880 commendaverit,
1453 3801 1633 3884 vituperan-

320 3908 367 3958 set
393 3921 455 3961 non
481 3901 635 3986 praebme5
677 3917 742 3967 tum
769 3926 842 3969 vero
879 3929 943 3986 rex,
999 3923 1072 3991 tem,
1097 3907 1177 3974 baud
1196 3909 1254 3972 sibi
1269 3907 1368 3992 ipsum
1392 3903 1631 3982 contradixisse3

262 4069 263 4072 Ἴ
320 4022 424 4068 omnes
443 4007 584 4092 ambages
607 4011 718 4095 aegrius
733 4008 852 4090 ferens,
880 4032 943 4075 non
1002 4038 1071 4080 nam
1090 4027 1246 4101 respectus
1263 4013 1398 4078 direruu
1413 4011 1632 4076 tollitoontra-

320 4107 408 4172 aliter
433 4113 560 4198 egebat,
590 4127 681 4200 atquc
703 4117 743 4196 ii,
765 4117 818 4201 qui
839 4129 944 4182 uostm
1002 4119 1177 4186 dictionem.

319 4225 427 4295 atate,
456 4219 538 4304 leges
558 4221 662 4286 ciriies
682 4235 871 4308 spernentes,
899 4222 945 4286 di-

320 4330 535 4409 ctatacrepant
549 4327 689 4407 honoris3
704 4351 775 4392 mox
789 4329 870 4394 enim
884 4332 946 4394 cla·
1051 4335 1194 4398 ¹Crsbroe
1221 4357 1286 4396 cunt
1311 4332 1463 4396 Luudensi
1488 4329 1631 4417 pontifice

322 4426 439 4508 mabat,
470 4414 600 4498 cnuscm'
613 4434 714 4520 gladio
740 4457 804 4502 esse
834 4437 943 4500 trami-
1004 4439 1181 4520 simultates]
1208 4442 1286 4502 nnc
1304 4435 1478 4516 observatio
1488 4477 1504 4525 ‚⁸
1524 4433 1629 4520 primo

319 4533 457 4616 gendum.
516 4544 586 4610 Hoc
600 4561 673 4605 vero
686 4563 747 4604 non
760 4555 826 4606 erat
841 4541 945 4608 decre·
1003 4561 1171 4633 aspectus
1200 4544 1487 4622 contestantium,
1522 4539 1632 4604 addit&

318 4651 384 4702 tutu
401 4639 566 4724 judiciale,
593 4647 646 4710 sed
669 4647 784 4712 dictum
803 4649 884 4734 regis
907 4647 946 4714 de
1001 4654 1140 4735 ridetur,
1159 4667 1193 4720 ut
1211 4665 1351 4718 moneret
1365 4653 1471 4739 Saxo,
1489 4649 1635 4736 superbi-

318 4765 366 4824 uo,
387 4746 471 4830 quod
494 4751 573 4814 viros
591 4751 685 4816 ios-tes
706 4754 836 4818 deceret.
884 4759 943 4820 Nc·
1002 4783 1049 4824 am
1071 4761 1221 4824 Sreuonis
1241 4759 1369 4824 dissidiis
1390 4779 1460 4822 oum
1480 4755 1631 4842 pontifice

317 4873 377 4938 que
393 4875 466 4920 vero
486 4877 538 4920 rex
558 4862 785 4946 congressiones
809 4863 941 4948 singule·
1001 4866 1155 4930 Lundensi
1168 4867 1341 4955 neutiquam
1354 4863 1486 4930 fractam
1502 4862 1604 4928 imese·
