<?xml version="1.0" encoding="UTF-8"?>
<!DOCTYPE html PUBLIC "-//W3C//DTD XHTML 1.0 Transitional//EN"
    "http://www.w3.org/TR/xhtml1/DTD/xhtml1-transitional.dtd">
<html xmlns="http://www.w3.org/1999/xhtml" xml:lang="en" lang="en">
 <head>
  <title>
</title>
<meta http-equiv="Content-Type" content="text/html;charset=utf-8" />
  <meta name='ocr-system' content='tesseract 3.04.00' />
  <meta name='ocr-capabilities' content='ocr_page ocr_carea ocr_par ocr_line ocrx_word'/>
</head>
<body>
  <div class='ocr_page' id='page_1' title='image "./historiadanica01velsgoog_0332.png"; bbox 0 0 3536 5462; ppageno 0'>
   <div class='ocr_carea' id='block_1_1' title="bbox 613 303 1400 404">
    <p class='ocr_par' dir='ltr' id='par_1_1' title="bbox 613 303 1400 404">
     <span class='ocr_line' id='line_1_1' title="bbox 613 303 1400 404; baseline 0.005 -24"><span class='ocrx_word' id='word_1_1' title='bbox 613 303 984 404; x_wconf 64' lang='lat' dir='ltr'><strong>wunnnannsr.</strong></span> <span class='ocrx_word' id='word_1_2' title='bbox 1324 307 1400 388; x_wconf 84' lang='lat' dir='ltr'><strong>sm</strong></span> 
     </span>
    </p>
   </div>
   <div class='ocr_carea' id='block_1_2' title="bbox 115 515 1523 4184">
    <p class='ocr_par' dir='ltr' id='par_1_2' title="bbox 115 515 1449 622">
     <span class='ocr_line' id='line_1_2' title="bbox 115 515 1449 622; baseline 0.007 -34"><span class='ocrx_word' id='word_1_3' title='bbox 115 519 229 618; x_wconf 79' lang='lat' dir='ltr'><strong>&#39;giam</strong></span> <span class='ocrx_word' id='word_1_4' title='bbox 239 515 480 613; x_wconf 70' lang='lat' dir='ltr'><strong>revehuntur,</strong></span> <span class='ocrx_word' id='word_1_5' title='bbox 497 532 533 592; x_wconf 86' lang='lat' dir='ltr'><strong>ot</strong></span> <span class='ocrx_word' id='word_1_6' title='bbox 546 523 718 618; x_wconf 84' lang='lat' dir='ltr'><strong>quoniam</strong></span> <span class='ocrx_word' id='word_1_7' title='bbox 727 521 901 622; x_wconf 72' lang='lat' dir='ltr'><strong>Rugtane</strong></span> <span class='ocrx_word' id='word_1_8' title='bbox 913 517 1293 620; x_wconf 75' lang='lat' dir='ltr'><strong>pisonionistempns¹</strong></span> <span class='ocrx_word' id='word_1_9' title='bbox 1310 543 1449 622; x_wconf 81' lang='lat' dir='ltr'><strong>eupor-</strong></span> 
     </span>
    </p>

    <p class='ocr_par' dir='ltr' id='par_1_3' title="bbox 125 641 1523 4184">
     <span class='ocr_line' id='line_1_3' title="bbox 136 641 1450 735; baseline 0.006 -21"><span class='ocrx_word' id='word_1_10' title='bbox 136 657 289 732; x_wconf 79' lang='lat' dir='ltr'><strong>venerat,</strong></span> <span class='ocrx_word' id='word_1_11' title='bbox 315 646 352 714; x_wconf 92' lang='lat' dir='ltr'><strong>in</strong></span> <span class='ocrx_word' id='word_1_12' title='bbox 377 665 572 716; x_wconf 87' lang='lat' dir='ltr'><strong>commune</strong></span> <span class='ocrx_word' id='word_1_13' title='bbox 597 641 803 718; x_wconf 89' lang='lat' dir='ltr'><strong>consultum&#39;</strong></span> <span class='ocrx_word' id='word_1_14' title='bbox 821 659 885 735; x_wconf 87' lang='lat' dir='ltr'><strong>est,</strong></span> <span class='ocrx_word' id='word_1_15' title='bbox 909 665 955 718; x_wconf 88' lang='lat' dir='ltr'><strong>eo</strong></span> <span class='ocrx_word' id='word_1_16' title='bbox 975 641 1045 717; x_wconf 83' lang='lat' dir='ltr'><strong>loci</strong></span> <span class='ocrx_word' id='word_1_17' title='bbox 1069 645 1168 717; x_wconf 81' lang='lat' dir='ltr'><strong>tertia</strong></span> <span class='ocrx_word' id='word_1_18' title='bbox 1189 643 1298 718; x_wconf 87' lang='lat' dir='ltr'><strong>totius</strong></span> <span class='ocrx_word' id='word_1_19' title='bbox 1323 643 1450 722; x_wconf 79' lang='lat' dir='ltr'><strong>classis</strong></span> 
     </span>
     <span class='ocr_line' id='line_1_4' title="bbox 134 761 1449 864; baseline 0.004 -26"><span class='ocrx_word' id='word_1_20' title='bbox 134 775 237 862; x_wconf 83' lang='lat' dir='ltr'><strong>parte</strong></span> <span class='ocrx_word' id='word_1_21' title='bbox 262 763 431 839; x_wconf 82' lang='lat' dir='ltr'><strong>ermrlrias</strong></span> <span class='ocrx_word' id='word_1_22' title='bbox 458 761 634 858; x_wconf 89' lang='lat' dir='ltr'><strong>ordinari,</strong></span> <span class='ocrx_word' id='word_1_23' title='bbox 667 789 714 838; x_wconf 88' lang='lat' dir='ltr'><strong>ne</strong></span> <span class='ocrx_word' id='word_1_24' title='bbox 740 763 894 864; x_wconf 88' lang='lat' dir='ltr'><strong>publicis</strong></span> <span class='ocrx_word' id='word_1_25' title='bbox 917 765 1091 838; x_wconf 76' lang='lat' dir='ltr'>alimentis</span> <span class='ocrx_word' id='word_1_26' title='bbox 1114 761 1279 860; x_wconf 87' lang='lat' dir='ltr'><strong>petendis</strong></span> <span class='ocrx_word' id='word_1_27' title='bbox 1311 764 1449 844; x_wconf 86' lang='lat' dir='ltr'><strong>hostilis</strong></span> 
     </span>
     <span class='ocr_line' id='line_1_5' title="bbox 135 883 1450 966; baseline 0.005 -6"><span class='ocrx_word' id='word_1_28' title='bbox 135 887 273 960; x_wconf 79' lang='lat' dir='ltr'><strong>viciniae</strong></span> <span class='ocrx_word' id='word_1_29' title='bbox 297 902 414 962; x_wconf 87' lang='lat' dir='ltr'><strong>metus</strong></span> <span class='ocrx_word' id='word_1_30' title='bbox 437 883 605 960; x_wconf 81' lang='lat' dir='ltr'><strong>officeret.</strong></span> <span class='ocrx_word' id='word_1_31' title='bbox 658 889 752 962; x_wconf 85' lang='lat' dir='ltr'><strong>Huic</strong></span> <span class='ocrx_word' id='word_1_32' title='bbox 777 893 897 962; x_wconf 89' lang='lat' dir='ltr'><strong>manui</strong></span> <span class='ocrx_word' id='word_1_33' title='bbox 920 889 1087 961; x_wconf 84' lang='lat' dir='ltr'><strong>Kanutus</strong></span> <span class='ocrx_word' id='word_1_34' title='bbox 1110 887 1276 962; x_wconf 84' lang='lat' dir='ltr'><strong>Priszlari</strong></span> <span class='ocrx_word' id='word_1_35' title='bbox 1302 887 1400 966; x_wconf 87' lang='lat' dir='ltr'><strong>filins</strong></span> <span class='ocrx_word' id='word_1_36' title='bbox 1426 915 1450 966; x_wconf 87' lang='lat' dir='ltr'><strong>a</strong></span> 
     </span>
     <span class='ocr_line' id='line_1_6' title="bbox 136 1006 1450 1110; baseline 0.004 -26"><span class='ocrx_word' id='word_1_37' title='bbox 136 1035 221 1108; x_wconf 75' lang='lat' dir='ltr'><strong>roge</strong></span> <span class='ocrx_word' id='word_1_38' title='bbox 236 1033 390 1109; x_wconf 84' lang='lat' dir='ltr'><strong>praeesse</strong></span> <span class='ocrx_word' id='word_1_39' title='bbox 400 1009 535 1108; x_wconf 90' lang='lat' dir='ltr'><strong>jussus,</strong></span> <span class='ocrx_word' id='word_1_40' title='bbox 560 1006 768 1082; x_wconf 80' lang='lat' dir='ltr'>deformiter</span> <span class='ocrx_word' id='word_1_41' title='bbox 781 1011 933 1108; x_wconf 89' lang='lat' dir='ltr'><strong>imperio</strong></span> <span class='ocrx_word' id='word_1_42' title='bbox 955 1013 1181 1110; x_wconf 78' lang='lat' dir='ltr'>repugnavit,</span> <span class='ocrx_word' id='word_1_43' title='bbox 1206 1010 1389 1110; x_wconf 76' lang='lat' dir='ltr'><strong>praefatos,</strong></span> <span class='ocrx_word' id='word_1_44' title='bbox 1408 1037 1450 1088; x_wconf 85' lang='lat' dir='ltr'><strong>se</strong></span> 
     </span>
     <span class='ocr_line' id='line_1_7' title="bbox 136 1129 1450 1234; baseline 0.005 -30"><span class='ocrx_word' id='word_1_45' title='bbox 136 1129 223 1206; x_wconf 86' lang='lat' dir='ltr'><strong>uiltil</strong></span> <span class='ocrx_word' id='word_1_46' title='bbox 250 1147 383 1230; x_wconf 72' lang='lat' dir='ltr'><strong>praeter</strong></span> <span class='ocrx_word' id='word_1_47' title='bbox 405 1146 577 1230; x_wconf 83' lang='lat' dir='ltr'><strong>angustos</strong></span> <span class='ocrx_word' id='word_1_48' title='bbox 594 1129 778 1204; x_wconf 78' lang='lat' dir='ltr'><strong>Lalandiae</strong></span> <span class='ocrx_word' id='word_1_49' title='bbox 798 1131 888 1208; x_wconf 85' lang='lat' dir='ltr'><strong>fines</strong></span> <span class='ocrx_word' id='word_1_50' title='bbox 905 1134 941 1206; x_wconf 90' lang='lat' dir='ltr'><strong>in</strong></span> <span class='ocrx_word' id='word_1_51' title='bbox 955 1135 1071 1206; x_wconf 86' lang='lat' dir='ltr'><strong>Dania</strong></span> <span class='ocrx_word' id='word_1_52' title='bbox 1092 1133 1289 1232; x_wconf 89' lang='lat' dir='ltr'><strong>possidere,</strong></span> <span class='ocrx_word' id='word_1_53' title='bbox 1313 1159 1450 1234; x_wconf 88' lang='lat' dir='ltr'><strong>eosque</strong></span> 
     </span>
     <span class='ocr_line' id='line_1_8' title="bbox 135 1253 1449 1356; baseline 0.005 -28"><span class='ocrx_word' id='word_1_54' title='bbox 135 1259 219 1328; x_wconf 83' lang='lat' dir='ltr'><strong>tanti</strong></span> <span class='ocrx_word' id='word_1_55' title='bbox 242 1279 315 1328; x_wconf 88' lang='lat' dir='ltr'><strong>non</strong></span> <span class='ocrx_word' id='word_1_56' title='bbox 342 1279 438 1346; x_wconf 87' lang='lat' dir='ltr'><strong>esse,</strong></span> <span class='ocrx_word' id='word_1_57' title='bbox 463 1269 502 1328; x_wconf 93' lang='lat' dir='ltr'><strong>ut</strong></span> <span class='ocrx_word' id='word_1_58' title='bbox 530 1279 600 1354; x_wconf 92' lang='lat' dir='ltr'><strong>pro</strong></span> <span class='ocrx_word' id='word_1_59' title='bbox 623 1259 667 1328; x_wconf 86' lang='lat' dir='ltr'><strong>iis</strong></span> <span class='ocrx_word' id='word_1_60' title='bbox 688 1253 830 1329; x_wconf 88' lang='lat' dir='ltr'><strong>tuendis</strong></span> <span class='ocrx_word' id='word_1_61' title='bbox 854 1277 894 1328; x_wconf 89' lang='lat' dir='ltr'><strong>se</strong></span> <span class='ocrx_word' id='word_1_62' title='bbox 910 1256 1032 1354; x_wconf 91' lang='lat' dir='ltr'><strong>ipsum</strong></span> <span class='ocrx_word' id='word_1_63' title='bbox 1057 1255 1258 1330; x_wconf 85' lang='lat' dir='ltr'><strong>indubitato</strong></span> <span class='ocrx_word' id='word_1_64' title='bbox 1282 1257 1449 1356; x_wconf 90' lang='lat' dir='ltr'><strong>periculo</strong></span> 
     </span>
     <span class='ocr_line' id='line_1_9' title="bbox 136 1375 1448 1482; baseline 0.002 -32"><span class='ocrx_word' id='word_1_65' title='bbox 136 1377 297 1479; x_wconf 87' lang='lat' dir='ltr'><strong>objicere</strong></span> <span class='ocrx_word' id='word_1_66' title='bbox 317 1380 448 1478; x_wconf 89' lang='lat' dir='ltr'><strong>cupiat.</strong></span> <span class='ocrx_word' id='word_1_67' title='bbox 497 1379 676 1450; x_wconf 87' lang='lat' dir='ltr'><strong>Caeterum</strong></span> <span class='ocrx_word' id='word_1_68' title='bbox 699 1375 738 1448; x_wconf 93' lang='lat' dir='ltr'><strong>id</strong></span> <span class='ocrx_word' id='word_1_69' title='bbox 760 1384 894 1477; x_wconf 85' lang='lat' dir='ltr'><strong>negotii</strong></span> <span class='ocrx_word' id='word_1_70' title='bbox 917 1379 1046 1476; x_wconf 88' lang='lat' dir='ltr'><strong>justius</strong></span> <span class='ocrx_word' id='word_1_71' title='bbox 1071 1377 1119 1452; x_wconf 91' lang='lat' dir='ltr'><strong>ad</strong></span> <span class='ocrx_word' id='word_1_72' title='bbox 1134 1377 1330 1478; x_wconf 87' lang='lat' dir='ltr'><strong>pontifices,</strong></span> <span class='ocrx_word' id='word_1_73' title='bbox 1355 1407 1448 1482; x_wconf 87' lang='lat' dir='ltr'><strong>quos</strong></span> 
     </span>
     <span class='ocr_line' id='line_1_10' title="bbox 137 1498 1448 1602; baseline 0.003 -26"><span class='ocrx_word' id='word_1_74' title='bbox 137 1501 236 1576; x_wconf 84' lang='lat' dir='ltr'><strong>solos</strong></span> <span class='ocrx_word' id='word_1_75' title='bbox 250 1527 312 1575; x_wconf 82' lang='lat' dir='ltr'><strong>rex</strong></span> <span class='ocrx_word' id='word_1_76' title='bbox 327 1501 482 1576; x_wconf 77' lang='lat' dir='ltr'><strong>arbitros</strong></span> <span class='ocrx_word' id='word_1_77' title='bbox 499 1499 641 1590; x_wconf 88' lang='lat' dir='ltr'><strong>haheat,</strong></span> <span class='ocrx_word' id='word_1_78' title='bbox 666 1502 854 1600; x_wconf 88' lang='lat' dir='ltr'><strong>pertinere,</strong></span> <span class='ocrx_word' id='word_1_79' title='bbox 880 1498 982 1598; x_wconf 89' lang='lat' dir='ltr'><strong>qnod</strong></span> <span class='ocrx_word' id='word_1_80' title='bbox 1003 1515 1101 1576; x_wconf 89' lang='lat' dir='ltr'><strong>tanto</strong></span> <span class='ocrx_word' id='word_1_81' title='bbox 1127 1501 1328 1602; x_wconf 72' lang='lat' dir='ltr'><strong>indignius²</strong></span> <span class='ocrx_word' id='word_1_82' title='bbox 1344 1501 1393 1578; x_wconf 89' lang='lat' dir='ltr'><strong>ad</strong></span> <span class='ocrx_word' id='word_1_83' title='bbox 1406 1529 1448 1580; x_wconf 87' lang='lat' dir='ltr'><strong>se</strong></span> 
     </span>
     <span class='ocr_line' id='line_1_11' title="bbox 136 1607 1449 1726; baseline 0.003 -28"><span class='ocrx_word' id='word_1_84' title='bbox 136 1623 274 1715; x_wconf 77' lang='lat' dir='ltr'><strong>referri,</strong></span> <span class='ocrx_word' id='word_1_85' title='bbox 289 1641 426 1726; x_wconf 89' lang='lat' dir='ltr'><strong>quanto</strong></span> <span class='ocrx_word' id='word_1_86' title='bbox 448 1625 674 1698; x_wconf 74' lang='lat' dir='ltr'><strong>remotiorem</strong></span> <span class='ocrx_word' id='word_1_87' title='bbox 696 1647 718 1696; x_wconf 92' lang='lat' dir='ltr'><strong>a</strong></span> <span class='ocrx_word' id='word_1_88' title='bbox 739 1623 832 1720; x_wconf 78' lang='lat' dir='ltr'><strong>regis</strong></span> <span class='ocrx_word' id='word_1_89' title='bbox 857 1607 1093 1696; x_wconf 75' lang='lat' dir='ltr'><strong>familiaritate</strong></span> <span class='ocrx_word' id='word_1_90' title='bbox 1112 1622 1267 1721; x_wconf 80' lang='lat' dir='ltr'><strong>gradmn</strong></span> <span class='ocrx_word' id='word_1_91' title='bbox 1284 1623 1449 1702; x_wconf 77' lang='lat' dir='ltr'><strong>obtineat</strong></span> 
     </span>
     <span class='ocr_line' id='line_1_12' title="bbox 135 1741 1449 1849; baseline 0.003 -29"><span class='ocrx_word' id='word_1_92' title='bbox 135 1751 225 1820; x_wconf 82' lang='lat' dir='ltr'><strong>‘l&#39;nm</strong></span> <span class='ocrx_word' id='word_1_93' title='bbox 250 1747 449 1848; x_wconf 83' lang='lat' dir='ltr'><strong>impudenti</strong></span> <span class='ocrx_word' id='word_1_94' title='bbox 471 1751 613 1848; x_wconf 84' lang='lat' dir='ltr'><strong>juvenis</strong></span> <span class='ocrx_word' id='word_1_95' title='bbox 635 1767 811 1844; x_wconf 86' lang='lat' dir='ltr'><strong>responso</strong></span> <span class='ocrx_word' id='word_1_96' title='bbox 842 1749 998 1844; x_wconf 76' lang='lat' dir='ltr'><strong>percitus</strong></span> <span class='ocrx_word' id='word_1_97' title='bbox 1024 1741 1292 1840; x_wconf 87' lang='lat' dir='ltr'><strong>Waldemarus,</strong></span> <span class='ocrx_word' id='word_1_98' title='bbox 1322 1751 1449 1849; x_wconf 66' lang='lat' dir='ltr'><strong>exigua</strong></span> 
     </span>
     <span class='ocr_line' id='line_1_13' title="bbox 135 1865 1450 1970; baseline 0.004 -27"><span class='ocrx_word' id='word_1_99' title='bbox 135 1869 237 1944; x_wconf 88' lang='lat' dir='ltr'><strong>illum</strong></span> <span class='ocrx_word' id='word_1_100' title='bbox 264 1869 451 1961; x_wconf 85' lang='lat' dir='ltr'><strong>beneficia,</strong></span> <span class='ocrx_word' id='word_1_101' title='bbox 477 1866 580 1970; x_wconf 88' lang='lat' dir='ltr'><strong>quod</strong></span> <span class='ocrx_word' id='word_1_102' title='bbox 607 1868 740 1968; x_wconf 77' lang='lat' dir='ltr'><strong>exiguis</strong></span> <span class='ocrx_word' id='word_1_103' title='bbox 761 1865 890 1967; x_wconf 81' lang='lat' dir='ltr'><strong>dignus</strong></span> <span class='ocrx_word' id='word_1_104' title='bbox 906 1873 960 1959; x_wconf 88' lang='lat' dir='ltr'><strong>sit,</strong></span> <span class='ocrx_word' id='word_1_105' title='bbox 984 1875 1165 1968; x_wconf 76' lang='lat' dir='ltr'><strong>accepisse</strong></span> <span class='ocrx_word' id='word_1_106' title='bbox 1183 1868 1377 1968; x_wconf 87' lang='lat' dir='ltr'><strong>respondit,</strong></span> <span class='ocrx_word' id='word_1_107' title='bbox 1401 1869 1450 1948; x_wconf 88' lang='lat' dir='ltr'><strong>de</strong></span> 
     </span>
     <span class='ocr_line' id='line_1_14' title="bbox 136 1989 1448 2092; baseline 0.002 -26"><span class='ocrx_word' id='word_1_108' title='bbox 136 2009 288 2086; x_wconf 69' lang='lat' dir='ltr'><strong>eutero,</strong></span> <span class='ocrx_word' id='word_1_109' title='bbox 319 2018 359 2068; x_wconf 85' lang='lat' dir='ltr'><strong>se</strong></span> <span class='ocrx_word' id='word_1_110' title='bbox 374 1991 555 2084; x_wconf 88' lang='lat' dir='ltr'><strong>efficiente,</strong></span> <span class='ocrx_word' id='word_1_111' title='bbox 576 1989 809 2090; x_wconf 91' lang='lat' dir='ltr'><strong>spoliandum</strong></span> <span class='ocrx_word' id='word_1_112' title='bbox 823 1992 938 2092; x_wconf 85' lang='lat' dir='ltr'><strong>magis</strong></span> <span class='ocrx_word' id='word_1_113' title='bbox 961 1989 1164 2066; x_wconf 89' lang='lat' dir='ltr'><strong>honoribus</strong></span> <span class='ocrx_word' id='word_1_114' title='bbox 1189 2017 1300 2092; x_wconf 89' lang='lat' dir='ltr'><strong>quam</strong></span> <span class='ocrx_word' id='word_1_115' title='bbox 1326 1993 1448 2068; x_wconf 87' lang='lat' dir='ltr'><strong>bean-</strong></span> 
     </span>
     <span class='ocr_line' id='line_1_15' title="bbox 136 2112 1523 2215; baseline 0.001 -25"><span class='ocrx_word' id='word_1_116' title='bbox 136 2113 236 2190; x_wconf 89' lang='lat' dir='ltr'><strong>dum.</strong></span> <span class='ocrx_word' id='word_1_117' title='bbox 289 2114 360 2189; x_wconf 86' lang='lat' dir='ltr'><strong>Sed</strong></span> <span class='ocrx_word' id='word_1_118' title='bbox 377 2139 445 2190; x_wconf 89' lang='lat' dir='ltr'><strong>nec</strong></span> <span class='ocrx_word' id='word_1_119' title='bbox 468 2140 552 2189; x_wconf 91' lang='lat' dir='ltr'><strong>eum</strong></span> <span class='ocrx_word' id='word_1_120' title='bbox 577 2113 794 2214; x_wconf 87' lang='lat' dir='ltr'><strong>pontificum</strong></span> <span class='ocrx_word' id='word_1_121' title='bbox 809 2112 1081 2188; x_wconf 82' lang='lat' dir='ltr'><strong>familiaritatem</strong></span> <span class='ocrx_word' id='word_1_122' title='bbox 1102 2116 1193 2190; x_wconf 91' lang='lat' dir='ltr'><strong>inter</strong></span> <span class='ocrx_word' id='word_1_123' title='bbox 1217 2116 1356 2215; x_wconf 86' lang='lat' dir='ltr'><strong>probra</strong></span> <span class='ocrx_word' id='word_1_124' title='bbox 1372 2115 1448 2192; x_wconf 84' lang='lat' dir='ltr'><strong>du·-</strong></span> <span class='ocrx_word' id='word_1_125' title='bbox 1516 2195 1523 2210; x_wconf 48' lang='lat'>„</span> 
     </span>
     <span class='ocr_line' id='line_1_16' title="bbox 138 2236 1449 2338; baseline 0.003 -26"><span class='ocrx_word' id='word_1_126' title='bbox 138 2263 222 2312; x_wconf 88' lang='lat' dir='ltr'><strong>nere</strong></span> <span class='ocrx_word' id='word_1_127' title='bbox 243 2254 424 2338; x_wconf 85' lang='lat' dir='ltr'><strong>oportere,</strong></span> <span class='ocrx_word' id='word_1_128' title='bbox 449 2261 471 2312; x_wconf 91' lang='lat' dir='ltr'><strong>e</strong></span> <span class='ocrx_word' id='word_1_129' title='bbox 496 2261 654 2336; x_wconf 89' lang='lat' dir='ltr'><strong>quorum</strong></span> <span class='ocrx_word' id='word_1_130' title='bbox 676 2261 828 2311; x_wconf 89' lang='lat' dir='ltr'><strong>numero</strong></span> <span class='ocrx_word' id='word_1_131' title='bbox 841 2240 999 2334; x_wconf 88' lang='lat' dir='ltr'><strong>reperire</strong></span> <span class='ocrx_word' id='word_1_132' title='bbox 1013 2236 1118 2310; x_wconf 88' lang='lat' dir='ltr'><strong>laoile</strong></span> <span class='ocrx_word' id='word_1_133' title='bbox 1132 2239 1185 2330; x_wconf 91' lang='lat' dir='ltr'><strong>sit,</strong></span> <span class='ocrx_word' id='word_1_134' title='bbox 1209 2240 1273 2336; x_wconf 88' lang='lat' dir='ltr'><strong>qui</strong></span> <span class='ocrx_word' id='word_1_135' title='bbox 1287 2264 1449 2337; x_wconf 80' lang='lat' dir='ltr'><strong>praesens</strong></span> 
     </span>
     <span class='ocr_line' id='line_1_17' title="bbox 135 2357 1449 2464; baseline 0 -28"><span class='ocrx_word' id='word_1_136' title='bbox 135 2366 317 2464; x_wconf 78' lang='lat' dir='ltr'><strong>negotium</strong></span> <span class='ocrx_word' id='word_1_137' title='bbox 333 2383 402 2434; x_wconf 89' lang='lat' dir='ltr'><strong>suo</strong></span> <span class='ocrx_word' id='word_1_138' title='bbox 421 2357 534 2434; x_wconf 89' lang='lat' dir='ltr'><strong>ductu</strong></span> <span class='ocrx_word' id='word_1_139' title='bbox 550 2359 654 2434; x_wconf 87' lang='lat' dir='ltr'><strong>finire</strong></span> <span class='ocrx_word' id='word_1_140' title='bbox 670 2385 742 2434; x_wconf 94' lang='lat' dir='ltr'><strong>non</strong></span> <span class='ocrx_word' id='word_1_141' title='bbox 763 2357 907 2434; x_wconf 84' lang='lat' dir='ltr'><strong>abnuat.</strong></span> <span class='ocrx_word' id='word_1_142' title='bbox 943 2362 994 2432; x_wconf 90' lang='lat' dir='ltr'><strong>lta</strong></span> <span class='ocrx_word' id='word_1_143' title='bbox 1009 2363 1153 2435; x_wconf 87' lang='lat' dir='ltr'><strong>Kanuto</strong></span> <span class='ocrx_word' id='word_1_144' title='bbox 1169 2363 1360 2462; x_wconf 86' lang='lat' dir='ltr'><strong>imperimn</strong></span> <span class='ocrx_word' id='word_1_145' title='bbox 1376 2359 1449 2436; x_wconf 89' lang='lat' dir='ltr'><strong>de-</strong></span> 
     </span>
     <span class='ocr_line' id='line_1_18' title="bbox 136 2483 1447 2582; baseline -0.002 -22"><span class='ocrx_word' id='word_1_146' title='bbox 136 2499 316 2580; x_wconf 87' lang='lat' dir='ltr'><strong>trectante,</strong></span> <span class='ocrx_word' id='word_1_147' title='bbox 339 2483 559 2560; x_wconf 81' lang='lat' dir='ltr'><strong>Absalonem</strong></span> <span class='ocrx_word' id='word_1_148' title='bbox 573 2488 731 2574; x_wconf 84' lang='lat' dir='ltr'><strong>accersit,</strong></span> <span class='ocrx_word' id='word_1_149' title='bbox 757 2485 862 2582; x_wconf 89' lang='lat' dir='ltr'><strong>eique</strong></span> <span class='ocrx_word' id='word_1_150' title='bbox 879 2483 1011 2556; x_wconf 89' lang='lat' dir='ltr'><strong>Kanuti</strong></span> <span class='ocrx_word' id='word_1_151' title='bbox 1035 2488 1306 2582; x_wconf 87' lang='lat' dir='ltr'><strong>responsionem</strong></span> <span class='ocrx_word' id='word_1_152' title='bbox 1326 2507 1447 2582; x_wconf 84' lang='lat' dir='ltr'><strong>expo-</strong></span> 
     </span>
     <span class='ocr_line' id='line_1_19' title="bbox 133 2605 1448 2706; baseline -0.001 -24"><span class='ocrx_word' id='word_1_153' title='bbox 133 2609 204 2704; x_wconf 70' lang='lat' dir='ltr'><strong>nit,</strong></span> <span class='ocrx_word' id='word_1_154' title='bbox 229 2605 378 2700; x_wconf 87' lang='lat' dir='ltr'><strong>deinde,</strong></span> <span class='ocrx_word' id='word_1_155' title='bbox 401 2633 448 2682; x_wconf 90' lang='lat' dir='ltr'><strong>an</strong></span> <span class='ocrx_word' id='word_1_156' title='bbox 461 2633 582 2702; x_wconf 86' lang='lat' dir='ltr'><strong>nares,</strong></span> <span class='ocrx_word' id='word_1_157' title='bbox 600 2606 734 2706; x_wconf 86' lang='lat' dir='ltr'><strong>quibus</strong></span> <span class='ocrx_word' id='word_1_158' title='bbox 749 2611 869 2706; x_wconf 88' lang='lat' dir='ltr'><strong>ipsum</strong></span> <span class='ocrx_word' id='word_1_159' title='bbox 887 2628 1043 2703; x_wconf 77' lang='lat' dir='ltr'><strong>praeesse</strong></span> <span class='ocrx_word' id='word_1_160' title='bbox 1060 2621 1235 2702; x_wconf 85' lang='lat' dir='ltr'><strong>oporteat,</strong></span> <span class='ocrx_word' id='word_1_161' title='bbox 1258 2607 1448 2682; x_wconf 74' lang='lat' dir='ltr'><strong>instruxis-</strong></span> 
     </span>
     <span class='ocr_line' id='line_1_20' title="bbox 134 2711 1448 2830; baseline -0.001 -26"><span class='ocrx_word' id='word_1_162' title='bbox 134 2747 200 2824; x_wconf 88' lang='lat' dir='ltr'><strong>set,</strong></span> <span class='ocrx_word' id='word_1_163' title='bbox 224 2732 410 2830; x_wconf 83' lang='lat' dir='ltr'><strong>perquirit</strong></span> <span class='ocrx_word' id='word_1_164' title='bbox 461 2733 594 2806; x_wconf 88' lang='lat' dir='ltr'><strong>Contra</strong></span> <span class='ocrx_word' id='word_1_165' title='bbox 624 2729 797 2820; x_wconf 79' lang='lat' dir='ltr'><strong>Absalon,</strong></span> <span class='ocrx_word' id='word_1_166' title='bbox 823 2733 1053 2827; x_wconf 82' lang='lat' dir='ltr'><strong>interrogato,</strong></span> <span class='ocrx_word' id='word_1_167' title='bbox 1077 2752 1124 2800; x_wconf 89' lang='lat' dir='ltr'><strong>nn</strong></span> <span class='ocrx_word' id='word_1_168' title='bbox 1148 2751 1191 2802; x_wconf 88' lang='lat' dir='ltr'><strong>ea</strong></span> <span class='ocrx_word' id='word_1_169' title='bbox 1213 2752 1270 2802; x_wconf 87' lang='lat' dir='ltr'><strong>res</strong></span> <span class='ocrx_word' id='word_1_170' title='bbox 1293 2711 1448 2827; x_wconf 49' lang='lat' dir='ltr'><strong>pontifi-&#39;-</strong></span> 
     </span>
     <span class='ocr_line' id='line_1_21' title="bbox 133 2847 1449 2954; baseline -0.005 -24"><span class='ocrx_word' id='word_1_171' title='bbox 133 2880 220 2930; x_wconf 86' lang='lat' dir='ltr'><strong>cnm</strong></span> <span class='ocrx_word' id='word_1_172' title='bbox 247 2879 360 2954; x_wconf 88' lang='lat' dir='ltr'><strong>opera</strong></span> <span class='ocrx_word' id='word_1_173' title='bbox 381 2853 523 2930; x_wconf 88' lang='lat' dir='ltr'><strong>absolvi</strong></span> <span class='ocrx_word' id='word_1_174' title='bbox 546 2867 687 2952; x_wconf 83' lang='lat' dir='ltr'><strong>posset,</strong></span> <span class='ocrx_word' id='word_1_175' title='bbox 716 2877 818 2926; x_wconf 85' lang='lat' dir='ltr'><strong>suam</strong></span> <span class='ocrx_word' id='word_1_176' title='bbox 849 2852 1018 2950; x_wconf 88' lang='lat' dir='ltr'><strong>cupidius</strong></span> <span class='ocrx_word' id='word_1_177' title='bbox 1040 2849 1165 2939; x_wconf 85' lang='lat' dir='ltr'><strong>offert,</strong></span> <span class='ocrx_word' id='word_1_178' title='bbox 1202 2847 1449 2948; x_wconf 87' lang='lat' dir='ltr'><strong>praedicando,</strong></span> 
     </span>
     <span class='ocr_line' id='line_1_22' title="bbox 133 2969 1448 3074; baseline -0.002 -24"><span class='ocrx_word' id='word_1_179' title='bbox 133 2991 411 3051; x_wconf 87' lang='lat' dir='ltr'><strong>consentaneum</strong></span> <span class='ocrx_word' id='word_1_180' title='bbox 443 2975 633 3050; x_wconf 76' lang='lat' dir='ltr'><strong>detentioni</strong></span> <span class='ocrx_word' id='word_1_181' title='bbox 650 2977 654 2988; x_wconf 90' lang='lat'>&#39;</span> <span class='ocrx_word' id='word_1_182' title='bbox 669 2999 767 3074; x_wconf 87' lang='lat' dir='ltr'><strong>opus</strong></span> <span class='ocrx_word' id='word_1_183' title='bbox 795 2974 893 3066; x_wconf 88' lang='lat' dir='ltr'><strong>sore,</strong></span> <span class='ocrx_word' id='word_1_184' title='bbox 927 2997 1049 3072; x_wconf 84' lang='lat' dir='ltr'><strong>regem</strong></span> <span class='ocrx_word' id='word_1_185' title='bbox 1080 2969 1248 3069; x_wconf 88' lang='lat' dir='ltr'><strong>periculis</strong></span> <span class='ocrx_word' id='word_1_186' title='bbox 1274 2973 1448 3068; x_wconf 89' lang='lat' dir='ltr'><strong>relictum,</strong></span> 
     </span>
     <span class='ocr_line' id='line_1_23' title="bbox 134 3093 1449 3189; baseline -0.002 -15"><span class='ocrx_word' id='word_1_187' title='bbox 134 3099 291 3174; x_wconf 91' lang='lat' dir='ltr'><strong>reditum</strong></span> <span class='ocrx_word' id='word_1_188' title='bbox 335 3097 551 3188; x_wconf 79' lang='lat' dir='ltr'><strong>affectando,</strong></span> <span class='ocrx_word' id='word_1_189' title='bbox 596 3096 781 3171; x_wconf 88' lang='lat' dir='ltr'><strong>dimittere.</strong></span> <span class='ocrx_word' id='word_1_190' title='bbox 845 3097 961 3189; x_wconf 89' lang='lat' dir='ltr'><strong>Quem</strong></span> <span class='ocrx_word' id='word_1_191' title='bbox 999 3093 1251 3168; x_wconf 86' lang='lat' dir='ltr'><strong>Waldemarus</strong></span> <span class='ocrx_word' id='word_1_192' title='bbox 1289 3097 1340 3170; x_wconf 91' lang='lat' dir='ltr'><strong>ob</strong></span> <span class='ocrx_word' id='word_1_193' title='bbox 1382 3125 1449 3172; x_wconf 89' lang='lat' dir='ltr'><strong>re-</strong></span> 
     </span>
     <span class='ocr_line' id='line_1_24' title="bbox 133 3217 1448 3322; baseline 0.002 -28"><span class='ocrx_word' id='word_1_194' title='bbox 133 3223 261 3322; x_wconf 80' lang='lat' dir='ltr'><strong>sponsi</strong></span> <span class='ocrx_word' id='word_1_195' title='bbox 281 3226 443 3296; x_wconf 88' lang='lat' dir='ltr'><strong>virtutem</strong></span> <span class='ocrx_word' id='word_1_196' title='bbox 468 3219 744 3320; x_wconf 85' lang='lat' dir='ltr'><strong>impensioribus</strong></span> <span class='ocrx_word' id='word_1_197' title='bbox 769 3219 890 3292; x_wconf 87' lang='lat' dir='ltr'><strong>verbis</strong></span> <span class='ocrx_word' id='word_1_198' title='bbox 905 3217 1108 3310; x_wconf 88' lang='lat' dir='ltr'><strong>laudatum,</strong></span> <span class='ocrx_word' id='word_1_199' title='bbox 1129 3217 1261 3291; x_wconf 89' lang='lat' dir='ltr'><strong>Kan&#39;uti</strong></span> <span class='ocrx_word' id='word_1_200' title='bbox 1285 3221 1448 3298; x_wconf 88' lang='lat' dir='ltr'><strong>moribus</strong></span> 
     </span>
     <span class='ocr_line' id='line_1_25' title="bbox 132 3333 1448 3443; baseline -0.002 -23"><span class='ocrx_word' id='word_1_201' title='bbox 132 3345 344 3421; x_wconf 86' lang='lat' dir='ltr'><strong>dissimilem</strong></span> <span class='ocrx_word' id='word_1_202' title='bbox 359 3344 590 3443; x_wconf 86' lang='lat' dir='ltr'><strong>praedicabat,</strong></span> <span class='ocrx_word' id='word_1_203' title='bbox 620 3341 723 3441; x_wconf 90' lang='lat' dir='ltr'><strong>quod</strong></span> <span class='ocrx_word' id='word_1_204' title='bbox 740 3341 800 3416; x_wconf 92' lang='lat' dir='ltr'><strong>ille</strong></span> <span class='ocrx_word' id='word_1_205' title='bbox 815 3343 969 3442; x_wconf 91' lang='lat' dir='ltr'><strong>imperio</strong></span> <span class='ocrx_word' id='word_1_206' title='bbox 985 3365 1115 3442; x_wconf 88' lang='lat' dir='ltr'><strong>parere</strong></span> <span class='ocrx_word' id='word_1_207' title='bbox 1132 3367 1205 3414; x_wconf 92' lang='lat' dir='ltr'><strong>non</strong></span> <span class='ocrx_word' id='word_1_208' title='bbox 1221 3339 1362 3436; x_wconf 85' lang='lat' dir='ltr'><strong>audeat,</strong></span> <span class='ocrx_word' id='word_1_209' title='bbox 1386 3333 1448 3418; x_wconf 86' lang='lat' dir='ltr'><strong>hic</strong></span> 
     </span>
     <span class='ocr_line' id='line_1_26' title="bbox 129 3465 1448 3572; baseline -0.002 -27"><span class='ocrx_word' id='word_1_210' title='bbox 129 3473 277 3572; x_wconf 83' lang='lat' dir='ltr'><strong>jussum</strong></span> <span class='ocrx_word' id='word_1_211' title='bbox 301 3465 463 3543; x_wconf 90' lang='lat' dir='ltr'><strong>ultronea</strong></span> <span class='ocrx_word' id='word_1_212' title='bbox 486 3469 616 3542; x_wconf 88' lang='lat' dir='ltr'><strong>suimet</strong></span> <span class='ocrx_word' id='word_1_213' title='bbox 642 3465 826 3541; x_wconf 90' lang='lat' dir='ltr'><strong>oblatione</strong></span> <span class='ocrx_word' id='word_1_214' title='bbox 845 3482 1052 3564; x_wconf 83' lang='lat' dir='ltr'><strong>praecurrat.</strong></span> <span class='ocrx_word' id='word_1_215' title='bbox 1103 3466 1301 3564; x_wconf 78' lang='lat' dir='ltr'><strong>Regressus</strong></span> <span class='ocrx_word' id='word_1_216' title='bbox 1324 3489 1448 3568; x_wconf 84' lang='lat' dir='ltr'><strong>arege</strong></span> 
     </span>
     <span class='ocr_line' id='line_1_27' title="bbox 128 3586 1449 3694; baseline -0.002 -26"><span class='ocrx_word' id='word_1_217' title='bbox 128 3593 299 3669; x_wconf 82' lang='lat' dir='ltr'><strong>Absalon</strong></span> <span class='ocrx_word' id='word_1_218' title='bbox 318 3596 444 3694; x_wconf 76' lang='lat' dir='ltr'><strong>amicis</strong></span> <span class='ocrx_word' id='word_1_219' title='bbox 460 3617 481 3664; x_wconf 94' lang='lat' dir='ltr'><strong>e</strong></span> <span class='ocrx_word' id='word_1_220' title='bbox 496 3586 672 3676; x_wconf 79' lang='lat' dir='ltr'><strong>sialandia</strong></span> <span class='ocrx_word' id='word_1_221' title='bbox 691 3587 886 3679; x_wconf 89' lang='lat' dir='ltr'><strong>denuntiat,</strong></span> <span class='ocrx_word' id='word_1_222' title='bbox 910 3613 956 3660; x_wconf 91' lang='lat' dir='ltr'><strong>ne</strong></span> <span class='ocrx_word' id='word_1_223' title='bbox 972 3613 1015 3661; x_wconf 93' lang='lat' dir='ltr'><strong>eo</strong></span> <span class='ocrx_word' id='word_1_224' title='bbox 1030 3586 1207 3686; x_wconf 87' lang='lat' dir='ltr'><strong>torpidius</strong></span> <span class='ocrx_word' id='word_1_225' title='bbox 1222 3612 1449 3666; x_wconf 83' lang='lat' dir='ltr'><strong>remansuras</strong></span> 
     </span>
     <span class='ocr_line' id='line_1_28' title="bbox 125 3708 1449 3812; baseline -0.003 -20"><span class='ocrx_word' id='word_1_226' title='bbox 125 3741 248 3792; x_wconf 84' lang='lat' dir='ltr'><strong>nares</strong></span> <span class='ocrx_word' id='word_1_227' title='bbox 271 3722 456 3806; x_wconf 89' lang='lat' dir='ltr'><strong>instruant,</strong></span> <span class='ocrx_word' id='word_1_228' title='bbox 482 3709 584 3812; x_wconf 94' lang='lat' dir='ltr'><strong>quod</strong></span> <span class='ocrx_word' id='word_1_229' title='bbox 605 3711 654 3786; x_wconf 85' lang='lat' dir='ltr'><strong>ab</strong></span> <span class='ocrx_word' id='word_1_230' title='bbox 676 3713 758 3811; x_wconf 89' lang='lat' dir='ltr'><strong>ipso</strong></span> <span class='ocrx_word' id='word_1_231' title='bbox 782 3708 920 3784; x_wconf 88' lang='lat' dir='ltr'><strong>ductari</strong></span> <span class='ocrx_word' id='word_1_232' title='bbox 934 3710 1082 3808; x_wconf 74' lang='lat' dir='ltr'><strong>regique</strong></span> <span class='ocrx_word' id='word_1_233' title='bbox 1097 3709 1258 3784; x_wconf 88' lang='lat' dir='ltr'><strong>debeant.</strong></span> <span class='ocrx_word' id='word_1_234' title='bbox 1308 3715 1449 3790; x_wconf 85' lang='lat' dir='ltr'><strong>Primus</strong></span> 
     </span>
     <span class='ocr_line' id='line_1_29' title="bbox 125 3829 1476 3932; baseline -0.004 -18"><span class='ocrx_word' id='word_1_235' title='bbox 125 3839 372 3914; x_wconf 89' lang='lat' dir='ltr'><strong>Thorhernus</strong></span> <span class='ocrx_word' id='word_1_236' title='bbox 399 3842 647 3912; x_wconf 82' lang='lat' dir='ltr'><strong>incunctanter</strong></span> <span class='ocrx_word' id='word_1_237' title='bbox 687 3857 727 3908; x_wconf 86' lang='lat' dir='ltr'><strong>sc</strong></span> <span class='ocrx_word' id='word_1_238' title='bbox 760 3839 929 3906; x_wconf 85' lang='lat' dir='ltr'><strong>comitem</strong></span> <span class='ocrx_word' id='word_1_239' title='bbox 959 3834 1041 3932; x_wconf 88' lang='lat' dir='ltr'><strong>ejus</strong></span> <span class='ocrx_word' id='word_1_240' title='bbox 1063 3831 1226 3907; x_wconf 90' lang='lat' dir='ltr'><strong>futurum</strong></span> <span class='ocrx_word' id='word_1_241' title='bbox 1252 3829 1476 3932; x_wconf 56' lang='lat' dir='ltr'><strong>respondit,</strong></span> 
     </span>
     <span class='ocr_line' id='line_1_30' title="bbox 127 3952 1449 4062; baseline -0.007 -23"><span class='ocrx_word' id='word_1_242' title='bbox 127 3964 247 4062; x_wconf 86' lang='lat' dir='ltr'><strong>cujus</strong></span> <span class='ocrx_word' id='word_1_243' title='bbox 261 3986 437 4038; x_wconf 87' lang='lat' dir='ltr'><strong>succursu</strong></span> <span class='ocrx_word' id='word_1_244' title='bbox 453 3957 639 4060; x_wconf 86' lang='lat' dir='ltr'><strong>quondam</strong></span> <span class='ocrx_word' id='word_1_245' title='bbox 655 3958 808 4056; x_wconf 88' lang='lat' dir='ltr'><strong>patriam</strong></span> <span class='ocrx_word' id='word_1_246' title='bbox 833 3953 929 4028; x_wconf 82' lang='lat' dir='ltr'><strong>exuli</strong></span> <span class='ocrx_word' id='word_1_247' title='bbox 944 3953 1014 4029; x_wconf 90' lang='lat' dir='ltr'><strong>sibi</strong></span> <span class='ocrx_word' id='word_1_248' title='bbox 1028 3952 1207 4035; x_wconf 87' lang='lat' dir='ltr'><strong>redditam</strong></span> <span class='ocrx_word' id='word_1_249' title='bbox 1221 3977 1298 4030; x_wconf 86' lang='lat' dir='ltr'><strong>esse</strong></span> <span class='ocrx_word' id='word_1_250' title='bbox 1314 3964 1449 4030; x_wconf 89' lang='lat' dir='ltr'><strong>memi-</strong></span> 
     </span>
     <span class='ocr_line' id='line_1_31' title="bbox 125 4075 1448 4184; baseline -0.005 -23"><span class='ocrx_word' id='word_1_251' title='bbox 125 4089 263 4162; x_wconf 80' lang='lat' dir='ltr'><strong>nerit³.</strong></span> <span class='ocrx_word' id='word_1_252' title='bbox 314 4091 441 4160; x_wconf 89' lang='lat' dir='ltr'><strong>Petrus</strong></span> <span class='ocrx_word' id='word_1_253' title='bbox 456 4105 607 4184; x_wconf 90' lang='lat' dir='ltr'><strong>quoque</strong></span> <span class='ocrx_word' id='word_1_254' title='bbox 624 4078 812 4154; x_wconf 87' lang='lat' dir='ltr'><strong>Thorstani</strong></span> <span class='ocrx_word' id='word_1_255' title='bbox 831 4075 926 4152; x_wconf 86' lang='lat' dir='ltr'><strong>filius</strong></span> <span class='ocrx_word' id='word_1_256' title='bbox 948 4103 1020 4152; x_wconf 91' lang='lat' dir='ltr'><strong>non</strong></span> <span class='ocrx_word' id='word_1_257' title='bbox 1045 4084 1121 4154; x_wconf 90' lang='lat' dir='ltr'><strong>sine</strong></span> <span class='ocrx_word' id='word_1_258' title='bbox 1149 4103 1282 4177; x_wconf 82' lang='lat' dir='ltr'><strong>magno</strong></span> <span class='ocrx_word' id='word_1_259' title='bbox 1310 4080 1448 4154; x_wconf 90' lang='lat' dir='ltr'><strong>rubore</strong></span> 
     </span>
    </p>
   </div>
   <div class='ocr_carea' id='block_1_3' title="bbox 120 4267 1450 4372">
    <p class='ocr_par' dir='ltr' id='par_1_4' title="bbox 120 4267 1450 4372">
     <span class='ocr_line' id='line_1_32' title="bbox 120 4267 1450 4372; baseline -0.005 -22"><span class='ocrx_word' id='word_1_260' title='bbox 120 4285 177 4371; x_wconf 83' lang='lat' dir='ltr'><strong>(v.</strong></span> <span class='ocrx_word' id='word_1_261' title='bbox 202 4285 354 4372; x_wconf 76' lang='lat' dir='ltr'><strong>Dregerl</strong></span> <span class='ocrx_word' id='word_1_262' title='bbox 384 4305 411 4350; x_wconf 87' lang='lat' dir='ltr'><strong>c.</strong></span> <span class='ocrx_word' id='word_1_263' title='bbox 432 4279 596 4370; x_wconf 63' lang='lat' dir='ltr'><strong>papiri),</strong></span> <span class='ocrx_word' id='word_1_264' title='bbox 618 4267 767 4344; x_wconf 80' lang='lat' dir='ltr'><strong>ininsula</strong></span> <span class='ocrx_word' id='word_1_265' title='bbox 822 4299 870 4363; x_wconf 89' lang='lat' dir='ltr'><strong>pr.</strong></span> <span class='ocrx_word' id='word_1_266' title='bbox 895 4279 1080 4364; x_wconf 77' lang='lat' dir='ltr'><strong>stephanius</strong></span> <span class='ocrx_word' id='word_1_267' title='bbox 1107 4279 1172 4340; x_wconf 88' lang='lat' dir='ltr'><strong>sine</strong></span> <span class='ocrx_word' id='word_1_268' title='bbox 1201 4297 1288 4343; x_wconf 87' lang='lat' dir='ltr'><strong>cansa</strong></span> <span class='ocrx_word' id='word_1_269' title='bbox 1313 4279 1450 4364; x_wconf 84' lang='lat' dir='ltr'><strong>scripsitt</strong></span> 
     </span>
    </p>
   </div>
   <div class='ocr_carea' id='block_1_4' title="bbox 120 4389 1451 4572">
    <p class='ocr_par' dir='ltr' id='par_1_5' title="bbox 120 4389 1451 4572">
     <span class='ocr_line' id='line_1_33' title="bbox 120 4389 1144 4472; baseline -0.009 -15"><span class='ocrx_word' id='word_1_270' title='bbox 120 4393 263 4466; x_wconf 81' lang='lat' dir='ltr'><strong>wollin</strong></span> <span class='ocrx_word' id='word_1_271' title='bbox 281 4393 384 4472; x_wconf 80' lang='lat' dir='ltr'><strong>eitum,</strong></span> <span class='ocrx_word' id='word_1_272' title='bbox 404 4389 497 4454; x_wconf 77' lang='lat' dir='ltr'><strong>hodie</strong></span> <span class='ocrx_word' id='word_1_273' title='bbox 517 4389 633 4452; x_wconf 74' lang='lat' dir='ltr'><strong>Iaettrn.</strong></span> <span class='ocrx_word' id='word_1_274' title='bbox 824 4403 963 4468; x_wconf 81' lang='lat' dir='ltr'><strong>tantoque</strong></span> <span class='ocrx_word' id='word_1_275' title='bbox 985 4389 1144 4472; x_wconf 79' lang='lat' dir='ltr'><strong>indignius.</strong></span> 
     </span>
     <span class='ocr_line' id='line_1_34' title="bbox 871 4488 1451 4572; baseline 0.002 -18"><span class='ocrx_word' id='word_1_276' title='bbox 871 4495 884 4531; x_wconf 76' lang='lat'>⁸</span> <span class='ocrx_word' id='word_1_277' title='bbox 902 4493 1084 4555; x_wconf 78' lang='lat' dir='ltr'><strong>Therbernns</strong></span> <span class='ocrx_word' id='word_1_278' title='bbox 1175 4488 1348 4572; x_wconf 72' lang='lat' dir='ltr'><strong>meminerit]</strong></span> <span class='ocrx_word' id='word_1_279' title='bbox 1373 4493 1451 4555; x_wconf 77' lang='lat' dir='ltr'><strong>Haett</strong></span> 
     </span>
    </p>
   </div>
   <div class='ocr_carea' id='block_1_5' title="bbox 825 4596 1451 4788">
    <p class='ocr_par' dir='ltr' id='par_1_6' title="bbox 825 4596 1451 4788">
     <span class='ocr_line' id='line_1_35' title="bbox 825 4596 1451 4676; baseline -0.006 -14"><span class='ocrx_word' id='word_1_280' title='bbox 825 4597 967 4662; x_wconf 75' lang='lat' dir='ltr'><strong>amicitiae</strong></span> <span class='ocrx_word' id='word_1_281' title='bbox 982 4616 1070 4662; x_wconf 84' lang='lat' dir='ltr'><strong>causa</strong></span> <span class='ocrx_word' id='word_1_282' title='bbox 1085 4599 1212 4660; x_wconf 75' lang='lat' dir='ltr'><strong>innume</strong></span> <span class='ocrx_word' id='word_1_283' title='bbox 1222 4596 1352 4676; x_wconf 77' lang='lat' dir='ltr'><strong>ridetur,</strong></span> <span class='ocrx_word' id='word_1_284' title='bbox 1369 4596 1451 4660; x_wconf 87' lang='lat' dir='ltr'><strong>huno</strong></span> 
     </span>
     <span class='ocr_line' id='line_1_36' title="bbox 825 4703 1451 4788; baseline -0.013 -18"><span class='ocrx_word' id='word_1_285' title='bbox 825 4704 1041 4770; x_wconf 79' lang='lat' dir='ltr'><strong>Tborlrcrnum</strong></span> <span class='ocrx_word' id='word_1_286' title='bbox 1077 4703 1206 4770; x_wconf 88' lang='lat' dir='ltr'><strong>eundem</strong></span> <span class='ocrx_word' id='word_1_287' title='bbox 1240 4722 1322 4784; x_wconf 87' lang='lat' dir='ltr'><strong>esse,</strong></span> <span class='ocrx_word' id='word_1_288' title='bbox 1360 4713 1451 4788; x_wconf 88' lang='lat' dir='ltr'><strong>quem</strong></span> 
     </span>
    </p>
   </div>
   <div class='ocr_carea' id='block_1_6' title="bbox 182 4805 1453 5024">
    <p class='ocr_par' dir='ltr' id='par_1_7' title="bbox 182 4805 1453 5024">
     <span class='ocr_line' id='line_1_37' title="bbox 182 4805 1453 4903; baseline -0.008 -21"><span class='ocrx_word' id='word_1_289' title='bbox 182 4822 199 4857; x_wconf 82' lang='lat'>²</span> <span class='ocrx_word' id='word_1_290' title='bbox 217 4817 310 4903; x_wconf 83' lang='lat' dir='ltr'><strong>Quod</strong></span> <span class='ocrx_word' id='word_1_291' title='bbox 323 4834 409 4881; x_wconf 86' lang='lat' dir='ltr'><strong>tanto</strong></span> <span class='ocrx_word' id='word_1_292' title='bbox 422 4813 587 4902; x_wconf 59' lang='lat' dir='ltr'><strong>rndrpnins]</strong></span> <span class='ocrx_word' id='word_1_293' title='bbox 610 4819 653 4880; x_wconf 83' lang='lat' dir='ltr'><strong>lta</strong></span> <span class='ocrx_word' id='word_1_294' title='bbox 676 4816 707 4878; x_wconf 92' lang='lat' dir='ltr'><strong>in</strong></span> <span class='ocrx_word' id='word_1_295' title='bbox 723 4813 769 4880; x_wconf 87' lang='lat' dir='ltr'><strong>ed.</strong></span> <span class='ocrx_word' id='word_1_296' title='bbox 825 4811 1062 4893; x_wconf 77' lang='lat' dir='ltr'><strong>waldemarus,</strong></span> <span class='ocrx_word' id='word_1_297' title='bbox 1101 4810 1308 4897; x_wconf 77' lang='lat' dir='ltr'><strong>flagitantibus</strong></span> <span class='ocrx_word' id='word_1_298' title='bbox 1342 4805 1453 4874; x_wconf 70' lang='lat' dir='ltr'><strong>canuti</strong></span> 
     </span>
     <span class='ocr_line' id='line_1_38' title="bbox 1150 4929 1255 5024; baseline 0 0"><span class='ocrx_word' id='word_1_299' title='bbox 1150 4929 1255 5024; x_wconf 80' lang='lat'>(55*)</span> 
     </span>
    </p>
   </div>
   <div class='ocr_carea' id='block_1_7' title="bbox 115 4547 770 4744">
    <p class='ocr_par' dir='ltr' id='par_1_8' title="bbox 115 4547 770 4744">
     <span class='ocr_line' id='line_1_39' title="bbox 183 4547 769 4647; baseline -0.022 -24"><span class='ocrx_word' id='word_1_300' title='bbox 183 4561 354 4644; x_wconf 72' lang='lat' dir='ltr'><strong>&#39;Rnginnoe</strong></span> <span class='ocrx_word' id='word_1_301' title='bbox 362 4560 537 4647; x_wconf 79' lang='lat' dir='ltr'><strong>piscationis</strong></span> <span class='ocrx_word' id='word_1_302' title='bbox 544 4547 670 4640; x_wconf 85' lang='lat' dir='ltr'><strong>tempus]</strong></span> <span class='ocrx_word' id='word_1_303' title='bbox 683 4551 769 4614; x_wconf 82' lang='lat' dir='ltr'><strong>Men-</strong></span> 
     </span>
     <span class='ocr_line' id='line_1_40' title="bbox 115 4657 770 4744; baseline -0.024 -7"><span class='ocrx_word' id='word_1_304' title='bbox 115 4689 163 4736; x_wconf 82' lang='lat' dir='ltr'><strong>se</strong></span> <span class='ocrx_word' id='word_1_305' title='bbox 181 4663 363 4744; x_wconf 82' lang='lat' dir='ltr'><strong>Novembri,</strong></span> <span class='ocrx_word' id='word_1_306' title='bbox 381 4675 458 4727; x_wconf 88' lang='lat' dir='ltr'><strong>teste</strong></span> <span class='ocrx_word' id='word_1_307' title='bbox 479 4659 645 4726; x_wconf 83' lang='lat' dir='ltr'><strong>Helmoldo</strong></span> <span class='ocrx_word' id='word_1_308' title='bbox 664 4661 700 4740; x_wconf 92' lang='lat' dir='ltr'><strong>ll,</strong></span> <span class='ocrx_word' id='word_1_309' title='bbox 720 4657 770 4722; x_wconf 72' lang='lat' dir='ltr'><strong>ll.</strong></span> 
     </span>
    </p>
   </div>
   <div class='ocr_carea' id='block_1_8' title="bbox 0 0 1772 5462">
    <p class='ocr_par' dir='ltr' id='par_1_9' title="bbox 0 0 1772 5462">
     <span class='ocr_line' id='line_1_41' title="bbox 0 0 1772 5462; baseline 0 0"><span class='ocrx_word' id='word_1_310' title='bbox 0 0 1772 5462; x_wconf 95' lang='lat' dir='ltr'><strong> </strong></span> 
     </span>
    </p>
   </div>
  </div>
 </body>
</html>
