3524 5460
654 309 888 388 ntcotttts
1299 311 1375 390 643

115 525 224 618 Quem
252 515 316 596 diu
331 543 377 594 ao
391 515 556 612 multum,
583 535 621 596 ut
637 520 728 596 iram
745 537 879 598 temere
891 535 1102 620 conceptam
1115 525 1316 619 remitteret,
1329 551 1421 627 pre-

114 659 223 732 catus,
241 665 311 742 pro
326 641 450 740 Magni
463 639 619 719 facinora
638 639 817 718 decretam
833 641 913 743 lege
928 645 1201 738 correctionem,
1225 671 1295 747 pro
1309 651 1423 750 patris

114 767 190 865 ejus
205 765 408 854 immotis
421 777 586 839 statutmn
612 762 827 844 deknsionis
848 765 1016 863 justitiam
1034 766 1274 866 promittebat.
1327 773 1422 867 Quin

114 889 227 980 amm,
242 885 403 963 densete
419 881 528 983 pileo,
551 903 782 962 comtematre
799 885 1018 964 multitudini
1032 888 1156 986 capitis
1175 893 1232 966 ani
1247 893 1421 990 majesta·-

113 1025 180 1084 tem
196 1007 345 1108 objecit.
394 1009 550 1082 Tantum
563 1025 684 1084 autem
698 1010 778 1108 ejus
791 1007 893 1109 apud
905 1013 1052 1084 En‘cum
1068 1014 1227 1109 precatio
1241 1000 1365 1106 adluit,
1380 1032 1422 1090 ut

114 1135 184 1232 regi
212 1155 287 1220 non
309 1127 422 1207 modo
444 1126 561 1222 salus,
585 1130 651 1206 sed
675 1131 780 1206 etiam
802 1133 840 1206 in
867 1137 1033 1230 proximo
1057 1132 1216 1230 petendo
1242 1138 1422 1210 concionis

113 1253 249 1328 tamna
262 1252 470 1328 deferretur.
518 1254 734 1353 Quanquam
748 1254 842 1328 enim
856 1252 1018 1354 popolus
1033 1251 1277 1331 ardentissimo
1301 1255 1422 1334 studio

114 1378 284 1452 inCanuti
300 1375 469 1453 Quem
491 1377 653 1468 ferretur,
676 1378 904 1452 autoritatem
926 1393 1045 1453 tamen
1061 1377 1227 1469 antistitis,
1253 1403 1335 1478 qnae
1358 1381 1419 1454 in-

118 1515 165 1574 ter
183 1501 311 1575 Dauos
334 1501 553 1600 amplissima
577 1515 671 1590 erat,
703 1514 784 1572 nnte
817 1497 946 1574 oculos
977 1523 1202 1599 proponens,
1234 1500 1318 1602 plus
1339 1505 1422 1602 ejus

118 1621 285 1719 precibus
299 1645 409 1720 quam
436 1625 511 1700 suis
530 1623 708 1700 sententiis
728 1619 988 1722 indulgendum
1002 1625 1152 1721 putavit.
1209 1628 1422 1724 ltaquere1,

117 1745 286 1818 concione
301 1745 378 1818 sine
393 1743 469 1820 filio
494 1751 622 1846 petita,
654 1768 727 1818 non
751 1741 853 1818 aliter
877 1741 1123 1838 delensiooefl
1144 1746 1214 1822 sibi
1234 1745 1423 1822 conciliare

119 1867 310 1964 pannum
325 1884 389 1960 rat,
412 1893 524 1968 qnam
543 1881 584 1944 ut
597 1889 637 1942 se
649 1866 772 1965 Magni
795 1869 1020 1972 praesentiam
1039 1869 1242 1964 vitaturum,
1266 1893 1423 1968 eumque

116 1985 225 2069 danto
240 2013 285 2064 ac
297 1993 412 2088 patria
426 2015 669 2081 excessurum,
692 2013 762 2064 nec
777 2005 858 2064 ante
876 2006 1056 2090 receptam
1077 2017 1098 2064 a
1120 1990 1260 2091 populo
1283 1993 1424 2066 veniam

117 2135 338 2200 masuram
351 2113 495 2212 juraret.
554 2117 743 2202 cetram,
765 2137 811 2188 ne
830 2112 931 2212 vulgi
948 2115 1040 2188 iram
1054 2129 1300 2213 exasperaret,
1325 2111 1424 2188 diri-

118 2233 225 2310 duum
248 2259 332 2310 cum
352 2260 397 2310 eo
421 2235 615 2310 concilium
636 2234 778 2335 habui,
814 2237 1044 2312 internunciis
1069 2237 1224 2335 partium
1256 2234 1424 2310 mandata

116 2357 340 2458 gestantibus·
388 2356 521 2435 trhtni
533 2355 712 2456 siquidem
728 2359 832 2458 regis,
855 2356 1059 2432 facultatem
1078 2355 1181 2448 exilii,
1197 2356 1299 2458 quod
1312 2360 1423 2456 Mag-

119 2507 182 2558 nus
196 2480 300 2582 apud
314 2478 493 2575 Gothiam,
506 2479 616 2580 cujus
629 2505 692 2556 rex
705 2495 809 2574 esset,
831 2503 939 2580 agere
955 2495 1107 2578 poterat,
1122 2485 1312 2574 intuentes,
1330 2503 1423 2554 coa·-

119 2603 249 2680 ditione
263 2601 439 2678 utendum
451 2603 657 2696 monebant,
679 2603 843 2678 futurum
865 2606 949 2696 rati,
981 2616 1022 2676 ut
1041 2602 1181 2676 interim
1203 2603 1239 2674 in
1262 2603 1423 2678 omnium

119 2732 241 2804 animis
258 2725 334 2802 odii
350 2726 428 2825 ejus
442 2724 586 2802 habitrrs
601 2725 831 2816 exolesceret,
855 2727 1009 2824 ipseque
1033 2722 1235 2823 prolixioris
1252 2723 1423 2801 absentie

118 2849 290 2927 beneficio
304 2849 480 2924 mitiorem
498 2850 624 2948 patriae
639 2852 843 2924 sententiam
857 2849 1040 2948 reperiret.
1088 2845 1268 2946 Populum
1286 2847 1425 2946 quippe

118 2971 206 3048 ertttt
227 2973 310 3072 ejus
330 2973 556 3046 miseratione
578 2970 814 3064 monendum,
837 2975 940 3064 iram,
962 2993 1072 3068 quam
1100 2968 1224 3044 sceleri
1242 2967 1426 3061 inflixerat,

118 3097 331 3194 poeutenaae
345 3095 578 3170 remissurum
595 3091 799 3192 sperabant.
849 3095 900 3166 lta
923 3109 1050 3192 pacato
1065 3089 1295 3191 popularium
1313 3105 1427 3183 motu,

118 3245 176 3294 rex
197 3223 342 3310 tunam,
365 3220 519 3317 Magnus
537 3217 724 3312 Gothiam,
750 3214 841 3290 exilii
864 3216 1021 3314 speciem
1040 3212 1270 3313 praebiturus,
1292 3214 1427 3310 petivit.

246 3344 366 3441 Hujus
388 3339 561 3439 pactionis
585 3339 837 3417 obtrectatores
858 3337 962 3410 amici
985 3337 1078 3436 regis
1101 3334 1212 3412 fuere.
1271 3335 1428 3434 Quippe,

123 3471 184 3564 qai
203 3467 338 3566 Magno
361 3461 549 3540 occidendi
573 3467 753 3540 Canutum
775 3457 964 3538 consilium
986 3457 1177 3546 dederant,
1217 3454 1429 3534 conditionis

118 3584 280 3664 habitum
296 3601 512 3678 execrantes,
535 3587 712 3660 teterrima
726 3585 794 3660 sibi
814 3586 951 3658 ratione
967 3605 1089 3684 regem
1116 3579 1339 3659 cousuluisse
1365 3576 1428 3652 di·-
1457 3668 1461 3684 .

119 3709 266 3804 cebant,
293 3710 404 3784 satius
424 3705 657 3800 affirmantes,
691 3723 732 3782 ut
759 3709 837 3805 ipse
860 3729 981 3780 rerum
1014 3727 1191 3780 summam
1222 3701 1429 3800 deponeret,

118 3857 230 3930 wem
247 3834 389 3908 unicum
403 3829 519 3906 filium
534 3846 569 3904 et
587 3833 623 3902 iu
639 3853 742 3926 spem
758 3827 858 3930 regni
875 3840 1106 3924 procreatum
1137 3822 1187 3898 ob
1202 3821 1300 3898 leves
1317 3845 1429 3921 agre-

115 3962 224 4044 stium
244 3959 359 4030 minas
380 3951 473 4028 exilii
496 3950 717 4026 deformitate
736 3949 944 4026 damnasset
997 3945 1241 4039 Quamobrem
1262 3959 1432 4043 oportere

118 4082 293 4178 Magnum
315 4077 531 4152 reversionis
554 4077 613 4174 jus
639 4091 790 4174 paterno
806 4073 927 4174 potius
961 4093 1072 4167 quam
1096 4067 1264 4168 populari
1283 4066 1432 4141 arbitrio

117 4201 320 4301 subjectum
340 4197 497 4290 habere,
538 4199 775 4294 citissimeque
796 4193 1029 4269 revocationis
1049 4189 1227 4264 beneficio
1249 4187 1372 4288 patriae
1398 4203 1433 4260 et

117 4327 357 4424 propinquis,
385 4318 585 4398 inconsulta
610 4317 728 4419 plebis
743 4316 968 4418 malignitate,
993 4314 1138 4388 restitui.
1200 4315 1263 4388 His
1279 4293 1433 4391 aarum

117 4445 276 4520 irritatus
300 4442 485 4538 Nicolaus,
522 4440 651 4530 missia,
676 4440 741 4537 qui
762 4441 935 4537 Magnum
963 4448 1198 4528 accerserent,
1230 4433 1434 4508 abdicatam

116 4571 198 4667 ejus
214 4573 505 4648 communionem
520 4565 660 4640 inimica
683 4562 845 4659 religioni
866 4560 1010 4634 caritate
1027 4559 1176 4655 repetiit
1239 4561 1312 4632 Nec
1333 4564 1432 4656 pensi

117 4689 222 4766 duxit
238 4717 323 4766 cum
339 4705 545 4790 contemptu
571 4686 720 4787 perjurii
737 4683 939 4757 damnatam
965 4683 1143 4781 sangvinis
1166 4685 1221 4754 sui
1242 4683 1435 4780 praeseuti-

118 4835 179 4885 am
201 4813 406 4915 amplexari.
442 4815 553 4912 Cujus
568 4806 793 4910 indulgentiae
808 4808 982 4880 temeritas
1002 4802 1197 4904 procellam
1214 4806 1332 4904 Magni
1354 4799 1436 4872 dis·
1519 4841 1524 4848 -

177 4955 527 5004 succurrentium.
1166 4923 1242 5020 (41)
1411 4929 1413 4934 ’
