3536 5462
334 235 411 312 ase
671 228 1127 340 mercamentum
1141 225 1234 300 rur.

288 483 406 560 saepes
429 454 632 534 convellere
648 453 766 532 studio
785 454 859 528 fuit.
895 455 997 546 Quos
1012 476 1099 528 cum
1114 449 1325 542 Julinenses,
1338 475 1406 552 per
1420 449 1604 528 occultum

289 585 411 685 pontis
427 582 611 656 transitum
630 579 770 680 cymbis
787 576 962 678 prolapsi,
976 570 1185 674 propellere
1196 576 1407 665 niterentur,
1430 571 1606 670 Absalou,

245 698 248 706 ’
290 709 354 807 qui
375 703 483 780 simul
506 729 589 778 cum
609 727 697 803 rege
723 707 842 802 ripam
866 695 1091 789 ascenderat,
1116 695 1240 772 alienis
1254 696 1405 796 navigiis
1423 701 1606 800 corrept's,

291 843 542 932 opportunum
565 825 616 904 eis
640 823 853 924 praesidium
878 818 1004 896 attulit.
1055 822 1103 894 Iu·
1116 820 1225 920 cujus
1249 817 1420 922 clypeum
1443 823 1608 922 coniecta

292 950 362 1026 tela
378 955 496 1024 inania
513 946 702 1040 cadebant,
726 948 906 1024 sociorum
920 947 1031 1018 scutis
1045 941 1225 1020 immissas
1240 943 1406 1044 cuspides
1421 959 1607 1020 retentan-

292 1075 402 1151 tibus.
454 1076 622 1172 Cumque
638 1071 718 1170 ejus
738 1071 934 1172 navigium,
950 1063 1036 1138 huie
1052 1063 1262 1164 spectaculo
1279 1065 1410 1164 procul
1427 1069 1609 1165 intentum,

292 1196 459 1272 hortante
481 1221 580 1298 rege,
604 1200 760 1298 propius
786 1191 1009 1280 accessisset,
1033 1187 1190 1288 repulsis
1208 1184 1376 1266 hostibus
1401 1195 1610 1294 ingentique

292 1321 415 1422 pontis
439 1337 543 1420 parte
570 1315 765 1410 convulsa,
804 1329 942 1388 caeterae
975 1309 1080 1386 classi
1108 1310 1303 1413 navigandi
1334 1313 1401 1388 iter
1431 1315 1610 1394 tribuitur.

293 1446 413 1540 Quam
439 1467 523 1516 oum
551 1439 724 1541 oppidani
739 1447 1016 1538 pretereuntem
1031 1430 1178 1531 scaphis
1192 1436 1420 1531 incesserent,
1451 1439 1612 1518 absalon

294 1580 331 1638 et
353 1567 453 1638 Suno
478 1564 631 1666 cymbas
646 1587 731 1640 suas
745 1561 932 1661 sagittariis
947 1554 1146 1655 completas
1162 1563 1212 1631 eis
1226 1557 1409 1656 objiciunt.
1440 1567 1611 1665 Auceps-

243 1719 249 1742 ·
294 1713 369 1789 que
383 1688 582 1768 exercitatio
597 1701 673 1760 erat
688 1681 860 1759 naviculis
875 1684 975 1756 vario
990 1693 1249 1753 tormentorum
1264 1705 1398 1780 genere
1413 1681 1611 1762 decertan-

293 1812 403 1886 tibus.
454 1813 589 1887 Verum
614 1826 656 1886 ut
677 1803 921 1883 Julinensibus
939 1799 1129 1902 oppidum,
1153 1805 1201 1874 ita
1219 1807 1351 1878 nostris
1367 1803 1492 1884 classis
1506 1811 1612 1886 reiu-

297 1940 359 2036 gio
382 1933 456 2008 fuit.
505 1932 563 2008 ad
587 1931 756 2008 murnum
787 1924 955 2002 cedentes
976 1922 1249 2024 oppidanorum
1286 1925 1432 2026 scapbae
1456 1928 1612 2008 liberum

298 2056 403 2132 classi
420 2079 656 2158 progressum
670 2050 816 2128 dedere.
846 2053 968 2143 Quam
986 2073 1071 2124 cum
1083 2049 1185 2123 Suno
1199 2049 1376 2148 posterius
1390 2073 1612 2152 sequeretur,

297 2178 481 2280 quendam
495 2178 781 2270 elulineusibus,
794 2170 1003 2250 insolentius
1020 2171 1110 2270 ripae
1128 2174 1377 2262 incursantem,
1391 2176 1504 2274 ejecto
1521 2179 1613 2256 bal.

296 2301 376 2378 lista
399 2303 540 2404 spiculo
564 2303 764 2395 interemit;
790 2303 896 2396 eique
910 2319 994 2368 mox
1016 2291 1128 2368 alium
1142 2292 1337 2368 subvenire
1351 2317 1542 2376 conantem
1557 2309 1614 2380 si-

297 2427 371 2508 mili
392 2431 467 2500 ictu
479 2428 685 2534 prostravit.
720 2427 887 2520 Quorum
901 2433 1056 2517 'corpora
1075 2414 1235 2507 totidem,
1257 2420 1361 2496 ocius
1373 2441 1616 2522 accurrentes,

298 2548 459 2628 humeris
476 2555 550 2636 suis
567 2564 717 2650 excepta
732 2546 914 2622 celerrime
930 2537 1174 2638 deportarunt.
1213 2540 1391 2641 Cumque
1406 2561 1549 2644 nostros
1562 2550 1615 2624 ob

298 2672 337 2748 id
354 2672 490 2758 factum
514 2695 610 2756 uuus
625 2697 669 2746 ex
692 2667 900 2770 oppidanis,
925 2661 1076 2762 perinde
1096 2666 1337 2741 assuetorum
1351 2689 1481 2742 necem
1493 2672 1616 2746 male

299 2794 401 2876 dictis
429 2795 592 2888 ulturus,
626 2793 813 2878 acerbiore
837 2788 999 2865 convicio
1028 2789 1295 2888 insequeretur,
1327 2805 1499 2889 proterve
1528 2819 1616 2870 eum

300 2917 546 3002 Guthskalcus
570 2941 677 3021 agere
697 2893 939 3016 praedicabat,
964 2907 1067 3009 quod
1089 2897 1217 3005 dona,
1230 2939 1314 3012 quae
1341 2916 1379 2986 in
1402 2913 1493 2990 alios
1516 2917 1616 2993 ultro

301 3041 431 3115 collata
459 3041 708 3141 conspexerit,
748 3031 1007 3110 contumeliosa
1037 3033 1234 3110 verborum
1270 3033 1439 3110 violentia
1471 3045 1618 3142 assequi

303 3163 436 3262 cupiat.
485 3167 684 3238 Nemeum
709 3160 805 3236 duos
828 3184 956 3233 eorum
980 3154 1121 3255 pedites
1146 3161 1317 3234 anosnis
1339 3163 1618 3258 equitesliactos

303 3292 539 3383 conspexerit,
562 3283 733 3384 reliquos,
758 3288 787 3358 si
805 3285 957 3382 propius
971 3285 1211 3391 accessissent,
1228 3281 1405 3358 similibus
1420 3287 1523 3383 ψ’,
1537 3311 1621 3364 a„
1762 3265 1763 3314 ῑ

302 3403 506 3482 donandos.
558 3410 640 3502 Quo
668 3404 768 3479 dicto
790 3427 865 3478 non
884 3400 1004 3474 solum
1027 3406 1249 3480 insectatoris
1271 3403 1505 3503 petulantiam
1520 3433 1623 3484 cun·-

303 3526 409 3623 tudit,
434 3553 561 3604 verum
583 3533 689 3602 etiam
713 3526 983 3629 oppidanorum
1003 3529 1166 3600 omnium
1181 3527 1402 3602 insolentiam
1419 3531 1623 3628 proculca-

304 3651 365 3725 vit.
397 3650 548 3727 indeed
563 3652 715 3728 insulam
731 3650 949 3728 Crisztoam¹
969 3667 1192 3752 perventum.
1216 3651 1332 3751 Cujus
1345 3650 1511 3727 incendio
1526 3655 1624 3733 abs—

304 3778 408 3849 tineri
441 3801 524 3869 rex,
558 3793 598 3852 ut
620 3801 770 3852 annonae
802 3801 984 3876 equorum
1012 3774 1189 3852 alimentis
1210 3777 1421 3848 necessariae
1444 3795 1623 3876 parceret,

303 3879 419 3994 edirit.
471 3905 635 3976 Proxime
650 3899 697 3976 ad
714 3899 842 3974 urbem
857 3901 1059 3992 Caminum,
1073 3911 1259 3998 permeato
1274 3919 1389 3990 amne,
1402 3899 1624 3998 proceditur.

306 4025 423 4122 Cujus
447 4023 715 4124 septentrionali
737 4028 928 4122 provincia
948 4023 1056 4096 armis
1078 3998 1319 4122 incendioque
1340 4037 1492 4117 sesua,
1516 4047 1625 4123 prm-

304 4140 396 4218 lium
426 4147 507 4246 ejus
538 4150 574 4222 in
602 4163 715 4247 ponte
739 4147 948 4221 conseritur.
1000 4145 1079 4220 Sub
1113 4171 1224 4245 quem
1249 4145 1368 4228 Srlavi
1390 4171 1461 4245 per
1481 4147 1626 4224 ooutlta

217 4261 220 4268 ’
306 4265 401 4340 rada
422 4287 596 4368 repentes,
621 4268 754 4346 lanceis
780 4276 871 4344 inter
893 4272 1002 4344 rimas
1024 4275 1208 4368 porrectis,
1233 4269 1355 4352 furtim
1369 4283 1512 4347 nostros
1531 4270 1625 4346 vul-

217 4445 222 4456 .
306 4390 454 4466 neribus
474 4392 702 4492 appetebant.
736 4395 853 4494 Cujus
870 4391 1089 4468 incommodi
1104 4391 1272 4467 fraudem
1286 4394 1507 4478 nanterum
1522 4393 1623 4468 illico

306 4513 522 4614 scapharum
538 4517 742 4618 frequentia
758 4514 914 4617 dispulit
940 4517 1062 4594 Pontis
1077 4541 1229 4618 quoque
1246 4515 1430 4620 fragilitas,
1444 4513 1626 4594 excidium

352 4719 514 4782 ’tmuium
535 4717 713 4799 Crt'astoum]
735 4716 835 4783 Hodie
850 4684 983 4782 Grr‘atow.
