3524 5460
506 311 655 388 SVENO
670 315 726 388 Ill.
774 315 982 394 CANUTUS
997 315 1039 392 V.
1302 317 1379 392 699

11 527 13 596 ἶ
132 521 262 600 mribus
279 522 424 624 eiusad
441 523 646 623 opinionem
669 525 777 598 unius
798 525 944 599 Sveticee
966 529 1110 628 virginis
1133 525 1288 604 libidinis
1310 551 1429 604 umn-

11 735 12 758 Χ
132 645 250 720 latione
265 651 433 746 correpti,
457 651 595 746 magnis
610 651 701 722 inter
714 671 753 722 se
764 649 892 747 jurgiis
905 647 1076 724 dissidere
1092 667 1288 750 coeperunt.
1348 653 1430 724 Cu-

11 859 13 888 !
131 772 182 868 jue
209 771 354 868 nuptias
378 795 440 844 rex
462 775 498 842 in
520 767 694 844 beneficio
724 793 791 844 suo
816 795 992 869 reponere
1014 795 1082 868 par
1104 778 1299 865 aestimans,
1326 789 1430 871 mpta

11 999 13 1094 ἶ
132 1015 260 1089 aemulis
277 1039 451 1116 magnum
476 1021 615 1090 virtutis
642 1031 818 1088 nontamen
835 1019 986 1118 ingessit.
1044 1019 1156 1090 'tanta
1180 1017 1282 1117 apud
1304 1020 1430 1092 Danas

131 1137 283 1212 herdae
296 1139 426 1214 ¹sarreriae
450 1139 582 1213 fiducia
612 1136 686 1212 luit
743 1141 879 1212 interea
902 1140 1034 1212 Svereo
1057 1137 1145 1212 belli
1169 1155 1264 1214 metu
1286 1139 1430 1214 crebras

131 1260 172 1334 ad
188 1285 272 1336 eum
297 1259 344 1336 de
361 1284 451 1361 paee
465 1261 660 1360 legationes
684 1259 833 1354 direxit3
864 1258 929 1334 sed
960 1262 1069 1336 nullis
1099 1261 1360 1336 conditionibus
1383 1260 1431 1334 ad

130 1407 202 1457 eam
217 1383 475 1483 impetrandam
492 1407 679 1483 assurgere
695 1383 815 1458 valuit.
874 1386 994 1483 Igitur,
1009 1383 1142 1460 frustra
1159 1385 1299 1484 fatigari
1313 1409 1352 1458 se
1367 1385 1430 1458 vi-

129 1505 223 1596 dens,
247 1531 322 1580 non
336 1531 375 1582 se
391 1507 516 1608 praelio
530 1504 668 1598 offerre,
693 1531 765 1578 non
783 1529 893 1594 arma,
910 1517 983 1580 nort
1006 1507 1267 1606 expeditionem
1294 1531 1431 1605 parare,

129 1626 189 1702 sed
203 1635 344 1729 ignotos
374 1630 541 1706 locorum
568 1651 731 1704 recessus
747 1651 921 1726 quaerere,
945 1653 1194 1729 summamque
1213 1629 1297 1704 belli
1314 1633 1432 1704 Sveo-

128 1754 233 1828 nibus
256 1751 414 1828 credere.
466 1755 511 1826 Ut
524 1769 642 1827 autem
659 1755 776 1825 Sveno
796 1750 1083 1826 difficillimorum
1105 1755 1266 1828 itinerum
1288 1755 1433 1827 evitaret

130 1876 318 1969 anhsetus,
343 1882 614 1950 instrumentum
629 1873 716 1947 belli
735 1872 871 1970 hyemis
894 1877 1133 1974 expectatione
1150 1875 1350 1976 suspendit,
1383 1874 1433 1948 ab

127 2001 271 2076 astrict'n
316 1997 428 2100 glacie
468 1996 662 2098 paludibus
693 1993 923 2094 profectionis
962 1997 1215 2098 compendium
1247 2005 1432 2099 petiturus.

125 2121 286 2219 Hyberni
300 2123 421 2220 itaque
434 2124 604 2220 temporis
624 2117 840 2192 beneficium
863 2137 1006 2214 nactus,
1031 2121 1249 2221 expeditiora
1271 2120 1356 2221 legit
1368 2122 1430 2194 iti·

126 2269 230 2336 nera,
252 2247 460 2344 rapinisque
482 2261 517 2318 et
536 2242 702 2318 incendio
723 2243 902 2314 Fiuniam¹
923 2242 1194 2340 praedabnndus
1217 2242 1433 2344 aggreditur

127 2371 326 2444 Occurrunt
347 2366 523 2467 indigenae
538 2363 739 2466 supplices,
762 2367 913 2463 patriam
933 2391 1044 2465 seque
1070 2365 1260 2460 dedentes;
1292 2391 1360 2438 nec
1382 2367 1433 2438 sic

127 2517 165 2568 se
178 2491 377 2592 subjecisse
393 2493 543 2565 contenti
554 2543 564 2581 ,
590 2489 696 2562 etiam
723 2488 982 2562 commeatibus
1002 2489 1171 2587 praebitis,
1188 2486 1433 2586 hospitalitatis

126 2639 207 2688 eum
223 2614 408 2713 obsequiis
424 2627 699 2710 prosequuntur.
749 2615 831 2686 Post
845 2611 923 2684 haec
940 2611 1186 2684 Werendiom²
1204 2618 1317 2684 intrat.
1364 2609 1434 2684 Ubi

127 2737 175 2810 ab
188 2735 315 2811 ineolis
330 2759 451 2836 neque
470 2739 582 2808 Marte
597 2757 715 2832 neque
731 2731 908 2807 deditione
927 2751 1106 2833 exceptus,
1123 2733 1275 2807 flammis
1289 2731 1429 2806 omnia³

126 2859 298 2959 ferroque
313 2859 487 2958 pervadit,
506 2864 586 2933 viris
612 2880 654 2930 ac
676 2855 830 2931 foeminis
856 2863 990 2957 passim
1015 2857 1244 2932 solitudinum
1259 2861 1434 2928 inaccessa

126 2982 340 3082 petonhbns.
392 2982 461 3055 Sed
476 2998 511 3055 et
525 2979 680 3080 praealtae
699 2982 835 3054 nivium
853 2980 965 3055 moles
979 2987 1059 3056 totis
1076 2981 1188 3054 ferme
1209 2983 1347 3078 campis
1372 2981 1433 3048 in·-

127 3121 314 3196 cesserant,
339 3105 555 3204 frigorisque
566 3119 660 3175 tanta
678 3106 732 3178 vis
749 3119 834 3197 erat,
855 3121 894 3177 ut
916 3104 1092 3178 uberibus
1117 3102 1248 3176 admoti
1273 3099 1443 3194 inientes,-

127 3229 252 3329 algore
274 3227 452 3301 *hebetatis
476 3224 656 3318 membris,
688 3229 778 3300 inter
800 3230 878 3327 ipsa
901 3228 999 3301 lactis
1023 3226 1184 3300 alimenta
1210 3222 1434 3313 decederent,

125 3367 344 3450 matresque,
367 3345 469 3423 simili
492 3346 567 3420 lato
584 3349 822 3447 propinquae,
864 3358 1012 3426 extincta
1036 3354 1188 3451 pignora
1210 3343 1436 3421 moribundis

125 3473 376 3573 complexibus
389 3487 615 3544 attrectarent
677 3475 769 3546 Dani
786 3499 943 3574 quoqne,
963 3471 1087 3546 cadem
1103 3474 1192 3546 aeris
1214 3468 1435 3543 inclemeno'a

124 3595 261 3692 afflicti,
285 3620 361 3671 non
375 3599 411 3668 in
425 3599 546 3669 castris
562 3613 684 3671 noctes
703 3602 859 3696 exigere,
884 3622 956 3670 non
980 3593 1144 3668 militares
1168 3592 1335 3668 excubias
1358 3589 1434 3664 ob-

179 3907 351 3990 Ἠιιηίαηι]
366 3915 494 3974 Tractus
509 3911 559 3973 bic
580 3913 610 3974 in
629 3913 754 3977 historia
810 3933 840 3996 p.
871 3909 907 3992 7,
943 3915 1089 3978 Peterson
1123 3907 1261 3976 Gammel
1281 3943 1295 3956 ·
1311 3903 1435 3968 nordislt

122 4013 363 4100 Rnytlingorum
373 4041 405 4102 p.
415 4013 477 4080 358
486 4017 597 4081 (licitur
605 4025 755 4095 Finuer'da',
810 4019 1002 4106 Geographic
1018 4041 1049 4102 p.
1070 4013 1141 4080 306.

121 4143 142 4182 a
169 4121 270 4184 Svteis
294 4127 448 4196 thvcden.
499 4126 669 4189 Territorio
692 4129 754 4190 Da·
855 4121 1089 4206 ²Wereadiam]
1114 4120 1436 4209 Vidsupr'ap.12et

120 4247 238 4290 nomm
253 4239 318 4291 erat
333 4230 504 4316 contiguus,
525 4232 749 4317 complecteba·
808 4255 845 4316 p.·
860 4227 938 4311 986;
964 4231 1242 4298 Wareuds-Hc'rad
1258 4253 1282 4292 a.
1306 4232 1435 4293 Warus-

120 4347 240 4418 turqne
262 4335 436 4420 toparchias
466 4325 557 4402 (letho
583 4351 615 4402 et
643 4341 751 4402 Vestio
810 4341 884 4402 laad
911 4336 1140 4422 appellabatur,
1175 4337 1310 4422 quiaque
1330 4351 1436 4421 topar-

120 4441 296 4523 proriociae
316 4442 473 4508 hodierne
492 4444 702 4530 Jonoopienais
721 4457 752 4508 et
811 4443 892 4508 ebias
909 4447 1076 4529 complexe,
1097 4443 1176 4506 eirca
1200 4442 1307 4507 urbem
1330 4445 1436 4508 veris.

117 4547 317 4627 toparchiam
333 4552 481 4614 Sonuerbo
499 4550 665 4636 provinciae
675 4551 752 4613 liro·
772 4589 775 4595 <
810 4551 895 4616 Culr.
916 4551 1011 4616 Suhm
1028 4552 1048 4612 l.
1067 4569 1092 4612 c.
1105 4547 1223 4612 Tuneld
1243 4551 1437 4636 Geograpbie

118 4647 336 4735 nohergensis.
396 4656 473 4722 Vide
497 4658 593 4722 Sulrm
619 4655 756 4720 Histri
812 4654 1097 4739 diuerswerigell
1113 4677 1145 4741 p.
1164 4652 1233 4718 117.
1311 4732 1315 4748 ι

115 4757 239 4820 Danm·
254 4759 426 4847 le.153,
443 4762 590 4850 Rogberg
608 4764 752 4830 Smiland
858 4767 871 4804 ⁸
889 4769 1027 4828 Flammis
1048 4759 1158 4843 omnia]
1184 4764 1292 4848 Steph.
1318 4765 1350 4826 iu
1383 4785 1436 4828 sna

813 4872 883 4936 edit.
897 4871 1002 4957 posuit
1014 4874 1111 4934 omnio
1127 4875 1345 4957 personaque.
