3524 5460
380 307 454 384 678
707 299 884 369 HlSTOR.
904 297 1010 368 DAN.
1026 297 1165 414 Lleill
1182 299 1272 372 xlv.

332 523 378 597 ad
395 513 571 619 oppidum
587 509 815 612 pervenisset,
831 506 987 602 primum
1005 523 1087 580 ante
1101 507 1235 582 vallum
1254 507 1384 582 lascive
1398 525 1434 582 et
1451 508 1639 586 diacurann

331 643 562 740 obequitans,
587 660 669 708 mox
691 633 878 728 compositi
908 626 1127 703 volubilitate
1152 635 1326 704 sermonis
1355 633 1640 732 propugnaculis

331 777 526 842 insrstentes
544 779 743 858 aggressus,
762 753 943 850 legationis
966 751 1131 824 mandata
1153 751 1343 826 facundius
1366 779 1478 852 quam
1502 754 1641 830 felicius

331 882 539 988 explicabat.
590 883 705 971 Quem
731 876 839 949 Ebbo
855 873 901 948 de
924 873 1093 950 industria
1117 873 1260 990 blandis
1286 899 1328 946 ac
1349 877 1498 966 mitibus
1520 878 1642 952 verbis

330 1012 527 1106 excipiens,
551 1006 686 1076 emissis
709 997 893 1072 deditionis
923 997 1144 1071 simulatione
1162 998 1369 1096 juvenibus,
1390 999 1641 1098 prendendum

329 1131 474 1208 curavit.
504 1173 507 1188 ·
527 1129 689 1220 Quorum
709 1148 802 1196 unus
817 1121 989 1220 paulatim
1005 1124 1037 1194 ei
1050 1122 1198 1220 propior
1214 1121 1350 1212 factus,
1383 1123 1443 1218 jus
1459 1122 1560 1196 lraeui
1578 1125 1642 1198 vi-

330 1228 482 1332 olentius
497 1263 663 1346 occupat,
687 1246 893 1343 caeterisque
909 1267 1082 1343 equuma
1100 1259 1199 1343 tergo
1217 1242 1462 1340 pulsantibus,
1491 1262 1639 1342 captum

330 1377 468 1454 civibus
492 1371 650 1470 legatum
669 1367 820 1442 adducit.
883 1371 916 1439 Is
941 1369 1059 1464 primo
1075 1364 1292 1462 compedum
1317 1391 1428 1463 poena
1452 1369 1641 1458 coercitus,

331 1493 573 1601 postmodum,
588 1491 1040 1589 supervenienteSvenone,
1050 1488 1244 1562 luminibus
1261 1490 1448 1586 spoliatus,
1459 1491 1639 1586 improvi-

328 1627 384 1699 dae
401 1617 650 1695 exhortationis
665 1637 792 1712 poenas
807 1611 988 1710 pependit
1037 1615 1125 1685 Haec
1141 1611 1289 1686 audiens
1311 1614 1471 1686 Canutus
1488 1613 1638 1710 potien-

330 1749 386 1820 dae
404 1744 502 1819 urbis
529 1735 722 1810 diffidentia
747 1740 782 1806 in
799 1737 929 1806 Jutiam
946 1743 1108 1829 revertit,
1133 1750 1246 1832 utque
1269 1761 1386 1810 rerum
1403 1735 1639 1811 commoditas

330 1861 439 1954 affuit,
465 1859 677 1936 Sialandiam
705 1882 770 1954 spe
794 1856 1004 1955 reparandae
1028 1857 1181 1930 fortunat
1207 1873 1315 1955 parte,
1342 1883 1413 1956 qua
1440 1860 1549 1934 maris
1565 1882 1638 1930 au-
1749 1855 1750 1884 ¹

328 1991 498 2066 fructibus
521 1981 738 2067 interluitur,
770 1983 988 2076 inopinatam
1018 1983 1176 2072 intravit,
1217 1980 1455 2078 improvidam
1486 2003 1637 2078 quoque

327 2097 550 2189 Iloskildiam
565 2106 671 2202 capit,
697 2117 732 2174 et
747 2111 892 2199 penates
908 2102 1071 2176 Ebbo'nis
1089 2102 1136 2175 ad
1152 2106 1349 2178 Svcnonenr
1376 2103 1487 2201 elapsi
1505 2105 1636 2176 incen-
1749 2149 1750 2152 =

328 2238 389 2312 dio
407 2233 521 2307 diruit.
574 2225 676 2301 Unde
693 2227 988 2324 neimpensurum
1005 2228 1127 2324 inopia
1144 2241 1298 2300 arctatus
1315 2225 1530 2314 diseederet,
1557 2249 1634 2320 pu-
1749 2246 1750 2272 t

326 2360 422 2434 blico
442 2350 620 2452 stipendio
644 2349 886 2421 alimentorum
908 2348 1120 2422 eisubsidia
1139 2347 1389 2422 decernuntur.
1447 2351 1517 2424 Par
1544 2350 1636 2424 Sca-
1749 2399 1750 2402 =

326 2479 511 2556 aiensibus
535 2481 626 2546 circa
649 2474 850 2545 Svenoncm
874 2470 1018 2543 affectus
1041 2473 1242 2546 incesserat.
1299 2475 1351 2543 Ne
1371 2473 1478 2564 onim,
1493 2468 1636 2546 labente

327 2618 485 2700 sumptu,
500 2595 609 2672 veluti
625 2595 787 2667 ciborum
804 2597 956 2690 penuria
972 2591 1121 2694 afflictus
1143 2592 1241 2666 arma
1256 2591 1419 2666 deserere
1436 2610 1635 2692 cogeretur,
1749 2637 1750 2640 =

325 2725 480 2828 publicae
496 2743 578 2792 eum
597 2716 794 2790 collationis
811 2714 1065 2790 commeatibus
1080 2731 1356 2814 prosequuntur.
1414 2719 1526 2788 Tanta
1543 2717 1634 2795 inter
1749 2793 1750 2810 ἶ

326 2867 445 2950 partes
460 2845 593 2922 virtutis
609 2855 643 2912 et
659 2837 781 2937 glorie
807 2834 982 2910 aemulatio
1008 2836 1083 2908 luit.
1141 2841 1276 2914 Interea
1299 2836 1507 2912 nobilissimi
1524 2841 1635 2914 tuto-
1749 2841 1750 2899 l

325 2997 408 3045 rum
443 2985 478 3040 et
499 2968 536 3038 in
553 2963 663 3036 rebus
686 2959 822 3034 bellicis
843 2958 1013 3060 singulari
1035 2957 1163 3032 militiae
1190 2959 1298 3034 laude
1319 2969 1499 3062 conspicui
1532 2962 1635 3038 dua-
1749 3009 1750 3020 ³

326 3093 397 3168 bus
413 3093 612 3163 Svenonem
629 3083 811 3156 liburnicis
824 3089 1034 3181 petiverunt.
1086 3083 1248 3174 Quorum
1271 3085 1406 3160 viribus
1420 3087 1636 3175 succinctus,

326 3227 509 3312 assumpto
524 3205 673 3298 Eskillo,
697 3231 842 3278 manum
864 3210 899 3277 iu
924 3202 1135 3278 Sialandiam
1155 3208 1303 3304 trajecit,
1319 3231 1361 3280 ac
1377 3233 1494 3306 prope
1506 3207 1637 3284 Thon-‘-

325 3355 416 3413 stam
431 3336 568 3408 vicum¹
586 3327 681 3403 bello
696 3353 778 3400 cum
796 3333 934 3402 Canuto
954 3332 1142 3402 concurrit.
1193 3329 1273 3422 Ubi,
1297 3329 1460 3404 inclinata
1482 3356 1637 3407 suorum
1749 3383 1750 3420 3

325 3463 413 3553 acie,
435 3454 648 3531 timidiorum
672 3453 795 3552 fugam
813 3467 965 3542 secutus,
991 3448 1181 3524 fortiorum
1207 3453 1351 3527 victoria
1373 3471 1568 3534 revocatur
1590 3469 1638 3548 et,
1749 3477 1750 3480 ¹

323 3581 412 3656 dum
433 3583 522 3654 vinci
540 3577 703 3667 credidit,
726 3578 837 3651 victor
855 3575 1060 3674 repentinus
1078 3575 1197 3648 evasit.
1258 3577 1435 3651 Canuturu
1461 3601 1551 3654 vcro
1566 3580 1640 3672 aui,

322 3706 398 3780 sive
415 3701 515 3804 quod
530 3719 647 3775 tenera
661 3699 781 3774 adhuc
795 3713 893 3770 atate
906 3712 1009 3790 esset,
1034 3698 1109 3770 sive
1126 3698 1209 3796 quia
1225 3697 1312 3772 belli
1338 3711 1426 3772 euru
1446 3698 1641 3798 implicare
1749 3749 1750 3792 3

284 3841 293 3865 ⁸
321 3825 491 3936 periculis
509 3823 663 3923 nollent,
687 3824 722 3896 in
737 3824 846 3896 aciem
862 3819 1079 3895 descendere
1097 3821 1192 3917 passi
1214 3845 1285 3893 non
1309 3837 1410 3914 sunt,
1445 3846 1514 3920 pro
1537 3821 1642 3896 duee

320 3975 454 4052 pugnae
480 3963 716 4048 spectatorem
739 3945 912 4019 effectum.
965 3945 1160 4042 Interjectis
1182 3941 1321 4036 diebus,
1342 3941 1643 4042 Waldemarus²,
1749 3985 1750 4048 t

373 4252 548 4311 ¹l'torsram
568 4241 674 4326 arbum]
694 4247 791 4314 Error
815 4255 860 4306 est
884 4257 943 4327 pro
1003 4241 1051 4303 nia
1077 4242 1265 4306 Roslildiam
1297 4243 1561 4329 proficiscentibus
1600 4249 1648 4312 ad
1749 4247 1750 4288 l

310 4355 480 4415 -Tdorstcni
488 4382 499 4427 ,·
517 4349 559 4413 sic
576 4350 657 4414 enim
671 4351 779 4436 saepius
797 4349 943 4413 hiericus
1004 4349 1109 4410 laevam
1124 4352 1251 4435 positus.

321 4460 494 4522 nominatur
514 4460 546 4520 in
567 4457 723 4522 annalibus
742 4455 867 4539 (Script.
884 4475 943 4516 rer.
1048 4450 1242 4538 ²Iuterjectie
1275 4459 1374 4521 dachus
1402 4458 1651 4544 Wcldemarus]

322 4557 565 4648 Dantptfitt,
588 4563 659 4641 ibid.
684 4567 711 4628 ll
733 4587 764 4648 p.
789 4558 879 4644 169);
910 4562 942 4622 in
1004 4563 1162 4624 Consentis
1186 4563 1254 4624 hist.
1278 4565 1380 4646 linytl.
1398 4563 1430 4626 in
1453 4583 1510 4642 eo,
1542 4567 1653 4648 quod

320 4667 428 4732 histor.
453 4668 607 4754 Rnytling.
632 4683 678 4733 eat
700 4667 942 4755 persterirsporp.
1003 4667 1220 4732 Waldemarus
1233 4670 1349 4752 juvenis
1363 4670 1450 4734 breti
1463 4683 1535 4754 post
1548 4693 1656 4756 prae-

319 4777 407 4839 Nunc
421 4785 466 4838 est
478 4778 736 4864 Hele-Tauream),
756 4775 839 4839 vicus
859 4777 942 4837 Hau·
1003 4773 1075 4834 lium
1088 4773 1167 4857 apud
1182 4773 1344 4839 'l'borstani
1359 4777 1458 4841 ticum
1479 4797 1511 4842 aa
1530 4785 1656 4861 parti·

1003 4875 1058 4940 bus
1072 4878 1221 4943 Svencnis
1237 4881 1417 4965 adjunxerit.
