3536 5462
395 287 468 360 910
716 287 892 358 HISTOR.
908 285 1014 358 DAN.
1026 284 1173 358 'LIBER
1188 285 1279 362 xlv.

251 548 256 557 -
340 521 414 572 non
430 495 547 572 solum
563 519 698 570 secum
713 493 779 590 his,
803 521 961 596 quorum
977 495 1110 571 crimen
1124 498 1220 572 testis
1236 496 1323 596 luga
1337 496 1539 595 prodiderat,
1552 505 1619 601 jure

341 635 501 692 notatum
525 621 681 710 asseruit,
708 618 894 693 sedetiam
917 617 1109 717 complura
1125 618 1172 692 ad
1189 622 1285 720 regis
1308 636 1412 716 caput
1425 625 1620 719 pertinentia,

341 740 461 816 adhuc
477 743 710 840 ejns'notitiae
732 765 863 840 parum
881 740 1001 833 indita,
1027 743 1251 840 apertissima
1266 742 1479 818 confessione
1501 747 1620 840 deterit,

305 919 307 926 .
340 863 517 938 Esltillum
535 863 672 960 (Asceri
691 863 752 938 hic
774 863 871 938 filius
893 865 980 958 erat)
1000 881 1037 940 et
1059 864 1329 957 Christiernnm,
1361 884 1458 965 patre
1482 871 1621 944 Svenone

339 990 504 1078 natum¹,
540 984 706 1085 ejusdem
728 985 846 1084 culpae
872 990 1036 1062 conscios
1060 988 1318 1084 asseverando,
1344 989 1536 1064 christierni
1557 993 1621 1064 lra-

340 1126 429 1184 trem
445 1115 626 1200 Ascernm,
652 1112 709 1182 cui
724 1109 762 1180 in
779 1107 916 1206 templo
931 1109 1113 1186 Lundeusi
1130 1118 1245 1211 prima
1264 1125 1346 1209 post
1363 1115 1536 1186 antistitem
1550 1113 1621 1212 dig-

338 1239 428 1310 nitas
444 1237 633 1321 cesserat2,
658 1234 913 1332 conjurationis
931 1221 1119 1310 consilium
1143 1236 1252 1310 scisse
1272 1235 1392 1334 potins
1416 1257 1519 1334 quam
1546 1259 1622 1334 pro-

340 1360 456 1448 basse,
479 1370 639 1428 testatus.
693 1354 863 1428 Confecto
880 1358 1018 1446 itinere,
1045 1373 1241 1456 postquam
1263 1375 1505 1458 opportunum
1524 1355 1624 1430 collo·

340 1487 429 1580 quio
452 1495 593 1575 tempus
614 1479 788 1569 occurrit,
822 1477 983 1552 Absalon
1004 1505 1087 1554 curn
1106 1481 1250 1554 Sunone
1271 1499 1307 1556 et
1329 1481 1491 1556 Esberno
1511 1503 1622 1578 regem,

339 1602 526 1705 paulisper
548 1603 624 1674 sine
648 1599 789 1674 arbitris
815 1625 894 1675 esse
918 1605 1079 1702 jussum,
1115 1603 1347 1703 contemplari
1373 1629 1490 1678 causae
1513 1607 1623 1676 exitum

338 1743 472 1818 monet,
497 1726 533 1796 in
553 1745 625 1822 qua
640 1745 707 1794 nec
721 1727 985 1798 accusationem
1000 1729 1111 1800 actori
1135 1725 1304 1800 instruere
1327 1727 1545 1826 expeditum³
1570 1749 1624 1796 nec

337 1875 402 1926 reo
419 1847 678 1923 confessionem
689 1844 853 1946 amplecti
870 1862 983 1922 tutum
998 1846 1159 1922 ducatur.
1192 1852 1261 1942 Qui
1281 1854 1308 1924 si
1319 1847 1535 1922 indemnatus
1549 1845 1623 1918 aba·

337 1973 488 2064 οεᾶοῐοῑ,
514 1967 719 2068 complures
737 1966 783 2041 ad
807 1972 1043 2044 innocentiam
1060 1970 1128 2044 sibi
1149 1969 1413 2081 decernendam
1442 1971 1625 2056 adduceret,

337 2102 394 2174 sin
418 2096 604 2172 confessus
630 2091 733 2165 venia
757 2107 910 2181 careret,
946 2073 1177 2192 simplicitatis
1201 2093 1368 2194 exemplo
1402 2095 1515 2194 culpae
1537 2091 1624 2168 sociis

334 2217 496 2324 tegendae
521 2218 601 2318 ejus
626 2212 885 2290 documentum
908 2214 1096 2314 praeberet.
1157 2220 1270 2316 Igitur
1287 2214 1566 2303 elaborandum,
1593 2225 1624 2284 ut

337 2361 534 2447 spontanea
553 2338 601 2412 ab
624 2363 669 2412 eo
692 2338 872 2412 confessio
894 2337 973 2412 elici
994 2355 1126 2438 posset,
1154 2363 1265 2438 quem
1290 2345 1492 2414 testimonio
1505 2335 1626 2434 insequi

336 2481 548 2570 promptum
573 2488 648 2536 non
675 2477 774 2536 esset.
823 2463 861 2532 ln
884 2459 978 2534 hano
1005 2467 1211 2536 seutentiam
1237 2460 1420 2562 perducto
1437 2483 1520 2561 rege
1543 2474 1626 2546 et,se
1718 2475 1719 2552 t

335 2614 484 2693 poenam
507 2585 720 2660 confessioni
736 2589 922 2674 remittere,
945 2588 1186 2682 promittente,
1221 2609 1306 2658 curn
1329 2589 1487 2685 Magnus
1509 2595 1626 2684 postera

336 2703 395 2790 die
412 2719 448 2786 in
465 2710 638 2785 concione
656 2705 704 2779 ab
727 2731 783 2799 eo,
806 2705 894 2806 quid
917 2730 1027 2805 super
1057 2733 1233 2808 responso
1260 2707 1507 2797 deliberasset,
1531 2706 1628 2776 inter-

335 2852 481 2937 rogatus
505 2831 640 2921 luisset,
666 2855 688 2901 a
712 2830 963 2928 conjurationis
985 2833 1082 2904 initio
1107 2853 1232 2921 orsus,
1266 2831 1414 2929 pudore
1434 2825 1629 2932 posthabito,

335 2983 477 3034 omnem
500 2951 707 3028 insidiarum
734 2967 955 3043 contextum,
989 2979 1063 3026 nun
1086 2953 1205 3026 solnm
1235 2956 1423 3046 conscios,
1457 2949 1629 3026 sedetiam

150 3105 155 3116 ·
252 3080 255 3086 ’
332 3083 414 3156 loca
432 3103 553 3153 rerum
571 3103 614 3150 ac
634 3093 795 3174 tempora
810 3072 1095 3174 perstringendo,
1115 3100 1204 3150 ‘vera
1220 3079 1435 3150 narrationis
1450 3075 1537 3150 serie
1551 3095 1631 3170 pto·
1717 3067 1718 3150 Ῐ

335 3202 574 3304 sequebatur,
611 3183 732 3298 regem
752 3204 842 3272 inter
869 3215 921 3272 tot
943 3199 1238 3296 pervicacissimoe
1261 3203 1347 3274 artis
1372 3200 1543 3298 ambages
1572 3213 1632 3264 noo

334 3342 432 3406 sorte
454 3323 624 3412 humana,
649 3320 713 3394 sed
736 3319 855 3393 divina
879 3345 990 3419 opera
1016 3337 1195 3396 serratum
1219 3321 1423 3416 affirmans,
1449 3344 1559 3421 seque
1574 3337 1634 3388 non

231 3457 233 3462 ’
335 3447 435 3526 aliud
454 3449 568 3544 magis
586 3447 718 3533 mirari,
749 3467 860 3542 quam
886 3442 988 3542 quod
1009 3443 1174 3520 fraudem
1199 3462 1295 3522 tanta
1319 3445 1552 3520 lamiliarium
1574 3453 1635 3512 orte

333 3570 567 3670 compositam
590 3565 757 3663 propitiae
774 3565 926 3640 lortunae
952 3567 1168 3644 interventus
1191 3568 1352 3663 eluserit,
1389 3569 1632 3662 hominemque
1652 3573 1654 3580 ⁴

331 3713 383 3776 tot
403 3699 535 3774 civium
558 3689 652 3765 dolis
674 3691 818 3788 petitum
840 3715 946 3767 casus
969 3687 1184 3766 incolumem
1204 3715 1350 3768 servare
1366 3698 1533 3792 potnerit
1580 3687 1633 3760 llis

377 3980 538 4042 ιΙΞιΙείΙΙιιιιι
561 3977 736 4038 ..suenone
764 3973 880 4052 uatum]
900 3977 959 4037 Ps-
995 3994 1065 4050 ,rus
1094 3974 1276 4059 praepositus
1309 3985 1376 4036 eret
1412 3973 1461 4050 (et
1493 3955 1637 4034 diaeonus)
1716 3981 1717 4002 ¹

330 4097 379 4150 ter
391 4080 501 4146 Eslilli
521 4077 670 4163 (ejusdem
688 4078 828 4157 fortasse,
848 4080 959 4164 quisu-
1014 4078 1149 4142 ecclesian
1176 4078 1364 4160 Lnndensis3
1395 4101 1427 4144 r.
1465 4075 1551 4160 Dipl.
1576 4071 1638 4133 Am.

329 4213 387 4277 pra
404 4213 436 4274 p.
457 4173 709 4268 dllllaudetor),
729 4187 877 4265 Asseros,
904 4208 959 4271 pa·
1012 4187 1112 4268 lllagn.
1130 4187 1154 4262 1,
1173 4182 1245 4266 254,
1262 4183 1344 4250 baud
1363 4183 1462 4250 dubio
1483 4179 1580 4256 idem,
1594 4169 1639 4258 qul

330 4295 435 4361 truelis
470 4304 537 4358 onst
579 4291 688 4355 Esltilli
729 4293 961 4380 archiepiscopi.
1012 4289 1046 4353 in
1062 4291 1227 4375 Necrolog.
1254 4302 1285 4354 et
1310 4289 1400 4354 Libr.
1424 4289 1489 4353 det.
1508 4281 1603 4352 hond·
1618 4299 1640 4338 ⁸·

328 4399 508 4467 Christierui
524 4411 623 4482 peter,
646 4393 758 4481 Sveno,
776 4398 873 4464 frater
893 4411 959 4464 erat
1014 4394 1044 4458 d.
1066 4398 1135 4464 Vlll
1145 4395 1210 4458 llnl.
1220 4395 1343 4480 Apriles
1357 4406 1507 4460 mortum
1527 4385 1644 4460 tirsus

328 4502 465 4590 ejusdem
485 4503 629 4570 antistitis
642 4505 827 4588 Lnndensis3
847 4528 876 4570 r.
893 4505 961 4570 Sor·
1013 4501 1079 4566 Sor.
1096 4505 1135 4566 ll.
1155 4503 1235 4566 Dan.
1252 4507 1303 4585 lli,
1323 4491 1401 4584 441,
1419 4497 1495 4566 499.

327 4615 366 4678 R.
389 4614 468 4676 Deo.
491 4618 581 4677 Torn.
606 4615 635 4694 l,
656 4611 721 4678 tob.
741 4633 808 4700 gen.
830 4613 869 4678 ad
888 4631 958 4699 pag.
1113 4689 1117 4696 Ι
1475 4605 1478 4610 “
1508 4597 1515 4604 ’

327 4715 379 4786 dd
814 4740 818 4748 ’
1059 4719 1148 4780 ’Νισ
1171 4713 1385 4778 accusationem
1412 4754 1440 4773 ..
1471 4695 1643 4799 mpeditus]

373 4799 535 4893 {Asamum
555 4868 594 4890 ...
615 4821 755 4905 cesserat]
772 4826 794 4887 1.
818 4843 844 4888 c.
868 4827 957 4890 dsce·
1013 4817 1078 4888 etr.
1097 4841 1189 4940 supro
1209 4839 1279 4906 pap·
1298 4814 1360 4882 909
1383 4815 1421 4880 ln
1443 4830 1513 4884 not·
