3524 5460
337 275 484 370 sveno
502 301 557 370 ut.
588 299 795 372 canorus
814 299 852 370 v.
884 243 1208 370 wauuuuaaus
1233 301 1258 368 t.
1333 297 1405 370 715

154 535 221 608 que
237 507 355 582 hostes
372 531 478 580 manu
497 531 588 595 esse,
617 521 655 579 nt
671 510 747 578 sine
770 507 932 603 periculo
956 525 990 580 ct
1014 505 1116 580 clade
1137 507 1249 604 excipi
1272 520 1460 602 nequeunt

153 635 225 704 liae
249 629 322 703 dux
356 629 451 702 fama
480 633 644 702 attonitus
676 629 889 716 Henricum,
923 653 1032 727 quem
1061 626 1161 726 apud
1192 626 1460 700 waldemarum

153 751 326 826 affinitatis
341 752 422 848 jure
449 775 587 848 magnae
604 749 846 822 familiaritatis
867 750 988 824 locum
1012 750 1148 824 habere
1172 768 1337 838 noverat,
1373 751 1461 822 ubi-

154 900 233 948 nam
247 873 397 972 regulus
414 876 493 972 ejus
510 869 667 970 degeret,
693 869 858 943 simulato
873 873 957 968 joco
973 875 1181 971 perquirere
1199 877 1326 946 institit.
1379 879 1461 966 Quo

153 997 306 1072 latebras
322 1019 406 1068 curn
422 1021 465 1068 ae
475 992 683 1068 solitudines
697 995 974 1090 circumspicere
995 994 1245 1094 respondente,
1268 993 1351 1085 dux,
1366 994 1461 1068 eludi

154 1121 376 1206 sesentiens,
403 1143 423 1189 a
447 1117 524 1189 ficta
545 1133 590 1189 et
617 1114 751 1186 ludicra
769 1113 813 1187 ad
833 1120 960 1188 seriam
981 1133 1016 1188 et
1047 1117 1234 1190 sollicitam
1259 1119 1462 1217 interroga-

155 1249 286 1317 tionem
308 1245 535 1315 conrertimr.
604 1241 876 1334 Repugnantem
912 1237 1012 1310 illum
1045 1247 1310 1339 commissaque
1345 1257 1464 1338 tegere

154 1379 441 1465 perseuerantem
473 1387 542 1459 per·
577 1359 729 1432 debitam
755 1362 918 1432 Romano
942 1364 1096 1458 imperio
1122 1361 1230 1434 iidem
1253 1378 1330 1434 orat
1351 1363 1462 1434 obte*

154 1503 350 1584 staturquc,
379 1502 427 1572 ut,
444 1509 527 1581 quae
543 1482 591 1555 ab
608 1483 710 1556 hoste
729 1489 846 1578 parari
865 1487 973 1573 sciat,
998 1482 1128 1556 indicio
1150 1502 1356 1582 praecurrat,
1391 1511 1462 1556 ne-

139 1635 237 1707 1que,
253 1606 354 1706 quod
369 1605 509 1680 civibus
530 1609 770 1704 perniciosum
800 1602 979 1694 advertat,
998 1604 1137 1678 silentio
1159 1622 1330 1704 contegat.
1387 1609 1464 1680 Hac

155 1733 328 1804 ilenricns
347 1729 569 1827 adjuratione
586 1751 781 1826 permotus,
800 1752 923 1800 rerum
941 1751 1031 1816 esse,
1049 1726 1149 1824 quod
1166 1753 1291 1802 rumor
1312 1731 1463 1803 docuis-

153 1871 214 1944 tet,
242 1857 402 1926 asseruit.
452 1849 588 1924 bellum
611 1849 786 1946 siquidem
816 1875 889 1946 prae
913 1848 1078 1922 manibus
1100 1873 1193 1938 esse,
1226 1851 1334 1947 quale
1366 1856 1465 1949 prius

153 1978 286 2074 experti
300 1999 371 2046 uon
389 1973 534 2060 fuerint,
560 1976 839 2071 superstitesque
867 1970 1151 2044 recordationem
1181 1974 1260 2070 ejus
1290 1992 1464 2072 perpetuo

151 2115 296 2170 narratu
328 2111 594 2194 prosecuturos.
673 2092 924 2168 Formidolosa
955 2095 1087 2165 cunctis
1112 2096 1251 2166 lietu-ici
1278 2097 1464 2172 affirmatio

151 2221 228 2294 suit.
284 2217 402 2307 ldcm,
433 2241 478 2288 au
504 2215 626 2292 hostes
648 2215 874 2312 exspectandi
900 2233 1035 2306 esseut,
1066 2215 1269 2302 consultus,
1304 2224 1464 2294 omnium

151 2345 291 2416 animos
310 2339 358 2414 ad
383 2339 548 2438 praelium
574 2338 662 2410 virili
687 2337 931 2410 exhortatione
950 2341 1131 2436 provexit,
1160 2341 1202 2412 ita
1227 2340 1335 2412 iidem
1361 2367 1463 2416 suam

150 2471 243 2538 inter
261 2468 364 2536 amici
383 2487 508 2560 preces
523 2477 557 2534 et
575 2459 676 2532 ducis
693 2463 882 2557 imperium
899 2467 1057 2558 partitus,
1084 2481 1121 2534 ut
1143 2489 1208 2534 nec
1231 2462 1343 2561 liujus
1357 2491 1465 2537 man-

148 2587 277 2660 datum
305 2583 496 2683 negligeret
520 2607 585 2656 uec
603 2583 695 2656 illius
717 2582 868 2654 salutem
885 2583 1021 2656 silentio
1038 2583 1185 2684 lirlleret.
1244 2589 1358 2677 Quam
1376 2613 1464 2660 sen-

148 2711 296 2781 tentiam
314 2707 462 2806 publico
479 2723 575 2780 metu
596 2705 780 2793 mimante,
807 2705 961 2802 eugridus
980 2708 1187 2780 reversionis
1210 2712 1379 2784 exercitus
1395 2739 1464 2785 oc·

145 2833 334 2904 casinaem
349 2855 370 2901 a
385 2846 547 2926 ternpore
565 2845 746 2900 mutuatus
769 2845 830 2900 est.
889 2833 940 2901 Ne
966 2833 1058 2902 enim
1080 2831 1130 2901 ob
1155 2831 1307 2927 piscium
1333 2835 1464 2905 rarita-

144 2969 222 3026 tem
246 2952 356 3042 reris,
392 2949 493 3048 quod
513 2950 729 3040 imminebat,
754 2967 882 3024 statum
899 2951 1119 3050 solenueque
1137 2955 1311 3051 jejunium
1338 2953 1465 3027 solve-

144 3091 222 3164 ret,
259 3071 441 3145 remeandi
466 3072 534 3144 sibi
562 3079 800 3146 necessitatem
830 3075 1016 3170 imposuit,
1049 3082 1222 3172 nuruique
1244 3074 1466 3148 desolatione

142 3201 429 3294 competentium
447 3193 694 3266 alimentorum
713 3195 928 3268 causabatur
944 3199 1113 3294 inopiam,
1141 3199 1289 3296 ignaviae
1310 3179 1464 3273 studium

141 3319 334 3418 religionis
361 3319 505 3387 nomine
523 3315 728 3389 colorando.
787 3317 895 3408 Quod
912 3319 1060 3415 quidem
1091 3323 1125 3392 iu
1149 3348 1272 3392 corum
1296 3323 1465 3398 abscessu

139 3439 231 3512 lucc
257 3437 385 3511 clarius
410 3421 483 3511 snit.
535 3443 602 3510 lter
619 3441 723 3530 euim,
741 3437 841 3537 quod
859 3443 1017 3512 semestri
1034 3446 1147 3542 spatio
1168 3445 1342 3516 venientes
1369 3473 1460 3517 cou-

139 3563 346 3652 secerant¹‚
381 3560 496 3634 trirluo
527 3563 678 3636 remensi
702 3579 800 3653 suut,
835 3563 943 3636 multa
963 3585 1046 3660 post
1070 3591 1109 3640 se
1141 3593 1249 3640 oucra
1283 3568 1468 3668 multaque

190 3811 287 3870 ¹Iter
307 3845 331 3866 ..
346 3803 425 3884 quud
441 3809 572 3868 semestri·
587 3809 685 3892 spatio
705 3810 783 3870 reni·
843 3804 926 3890 lam).
987 3808 1154 3872 Dimidium
1177 3822 1261 3874 certe
1284 3830 1395 3872 aunum
1414 3814 1469 3874 Sa·

131 3933 230 3980 entes
271 3905 468 3992 coitsecerant]
506 3913 605 3974 butor
646 3909 782 3974 bistoriae
840 3935 934 3978 sones
963 3914 1135 4000 neutiquam
1167 3917 1200 3978 in
1228 3917 1311 3980 turi·
1334 3936 1470 3980 eommo-

131 4017 389 4102 linytlingorum
403 4013 486 4082 ¹dicit
506 4013 552 4098 (p.
575 4013 668 4099 361),
689 4021 783 4082 Saxo·
841 4021 900 4084 rati
917 4031 999 4099 sunt,
1019 4039 1120 4086 mense
1140 4021 1304 4084 Decembri
1320 4023 1468 4084 intrantes

129 4149 196 4193 m
222 4124 327 4198 siam,
354 4121 403 4184 eui
426 4119 621 4186 conficiendae
642 4121 716 4187 duas
737 4146 784 4188 re·
843 4139 874 4188 et
890 4147 991 4190 mense
1015 4127 1183 4190 Februario
1206 4141 1355 4190 exeuntes.
1398 4130 1470 4192 Cre·

127 4233 306 4320 ptimaues
322 4225 555 4310 impendissent,
577 4227 670 4292 biduo
687 4251 783 4295 reme·
841 4231 968 4296 diderim
985 4233 1088 4316 igitur,
1102 4235 1245 4311 Saxones,
1258 4232 1375 4317 oppido
1388 4235 1468 4299 stes-

126 4357 219 4404 me.
278 4333 458 4416 Ampleetor
477 4333 578 4418 itaque
603 4335 781 4400 sententiam
841 4338 909 4401 vico
925 4340 956 4400 in
972 4338 1155 4402 deditionem
1171 4353 1306 4422 recepto,
1330 4363 1385 4425 per
1398 4363 1471 4426 qna·

123 4441 271 4512 Submii
290 4437 384 4518 (trist.
400 4442 436 4505 af
447 4447 554 4507 Deum.
569 4437 638 4504 61).
653 4465 683 4527 p.
693 4441 780 4522 228),
841 4445 1010 4506 tuordecim
1027 4443 1090 4506 dies
1105 4446 1233 4508 ulterius
1251 4445 1282 4506 in
1298 4447 1380 4510 Jutia
1395 4469 1468 4530 pro-

121 4557 306 4618 Saxonem
326 4567 460 4614 semestre
485 4549 668 4614 intellexisse
694 4547 782 4610 dimi·
839 4569 958 4634 gressos
970 4569 1033 4612 esse
1047 4551 1183 4635 usquead
1195 4553 1306 4632 locum,
1322 4551 1472 4637 quiSom·

121 4657 229 4722 dium
250 4671 399 4732 mensem,
414 4677 475 4720 uon
497 4655 654 4720 dimidium
670 4677 779 4720 aunum
840 4653 973 4718 merstcd
1000 4655 1159 4720 dicabatur
1178 4657 1254 4736 (rid.
1279 4661 1471 4744 lluytlingas.

117 4759 423 4850 (quemadmodum
451 4769 628 4827 renrestniun
651 4785 709 4847 pro
736 4787 780 4826 se-
840 4786 871 4846 p.
886 4758 974 4841 360),
994 4774 1059 4825 tum
1074 4783 1148 4828 rere
1168 4763 1301 4830 reditum
1327 4763 1469 4850 precipi-

112 4872 338 4938 mrimserium
362 4869 499 4932 occurrit
527 4867 607 4954 apud
630 4867 782 4934 Columel-
840 4879 926 4932 une.
