3508 5460
597 327 922 404 wmuunmus
938 287 962 402 r.
1309 331 1382 408 779

123 539 295 614 auxilium
317 541 511 639 quaesituri.
562 543 617 614 Eo
636 559 833 640 comperto,
855 563 917 612 rex
932 542 1118 637 praemisit,
1143 543 1207 642 qui
1227 548 1339 643 gentis
1355 557 1434 618 tre-

122 661 341 760 pidationem
357 663 456 761 pacis
470 661 742 736 denunciatione
758 665 982 764 corrigerent,
1007 661 1149 761 sibique
1166 683 1434 740 commeatuum

122 787 341 884 emptionem
357 783 433 858 lieri
448 785 624 884 juberent.
678 789 769 860 Cum
788 785 836 858 ad
853 783 980 857 urbem
993 783 1141 860 Metbia¹
1162 793 1333 882 venisset,
1357 813 1434 889 op-

121 907 262 1006 pidanis
279 907 330 980 ob
344 906 563 981 advenamm
588 911 824 1010 frequentiam
840 906 1074 980 emendorum
1094 913 1206 1006 pretia
1227 933 1435 1010 aggravan-

121 1031 230 1121 tibus,
256 1029 422 1130 injuriam
438 1038 573 1104 senatui
596 1047 832 1130 conquestus,
857 1029 979 1122 effecit,
997 1046 1035 1104 ut
1050 1033 1248 1105 necessaria
1265 1049 1341 1104 tum
1355 1035 1435 1126 sibi,

121 1171 200 1228 turn
216 1157 320 1227 etiam
342 1156 518 1228 comitatui
532 1155 707 1229 tolerabili
724 1157 839 1251 pretio
860 1147 1109 1228 venderentur.
1157 1157 1268 1253 Igitur
1283 1158 1436 1230 sinceri·

123 1283 204 1350 tatis
226 1293 262 1350 et
285 1278 427 1376 justitiae
448 1279 529 1376 ejus
555 1301 701 1351 rumore
725 1276 1028 1369 intenebrescente,
1063 1277 1281 1350 Germanicae
1301 1295 1435 1355 matres

123 1399 296 1498 parvulos
320 1425 406 1474 suos
427 1407 463 1472 in
492 1402 572 1499 ejus
598 1397 790 1474 adventum
814 1397 1017 1472 offerendos
1032 1397 1226 1490 curabant,
1250 1419 1348 1494 ratae,
1370 1427 1434 1477 eos

122 1524 220 1622 regio
237 1539 414 1612 contactu,
438 1521 590 1622 perinde
606 1546 648 1596 ac
663 1520 795 1595 coelesti
818 1520 940 1620 aliquo
963 1519 1158 1613 beneficio,
1184 1521 1340 1597 feliciora
1361 1551 1431 1598 na-

123 1660 212 1717 turre
234 1649 451 1720 incrementa
472 1661 679 1744 sumpturos
718 1667 761 1715 ac
794 1643 1086 1742 prosperioribus
1116 1641 1334 1722 educationis
1360 1673 1433 1721 au·-

123 1769 242 1864 spiciis
254 1767 474 1843 nutriendos.
493 1772 565 1841 Nee
588 1770 706 1840 minua
728 1768 963 1864 superstitiosi
980 1781 1146 1864 agrestes,
1162 1771 1225 1866 qui
1242 1770 1433 1867 jaciendo-

122 1915 202 1963 rum
213 1897 391 1964 seminum
407 1913 617 1990 granaque
629 1887 755 1962 melius
770 1887 1023 1980 adolescerent,
1033 1887 1186 1962 dexterae
1201 1893 1282 1990 ejus
1295 1892 1435 1992 disjici-

123 2010 215 2085 enda
242 2013 466 2111 prebebant.
489 2016 571 2106 Quo
590 2014 725 2084 curiam
742 2017 934 2111 ingress02,
961 2033 1094 2108 praeses
1116 2016 1274 2089 Senoniae
1296 2019 1459 2090 Henri-.

125 2159 209 2225 cna,
243 2140 374 2210 ceteris
403 2136 563 2208 amicitiae
590 2131 855 2226 recordatione,
881 2149 995 2208 eastra
1019 2159 1084 2208 sua
1110 2141 1247 2237 majore
1267 2153 1311 2213 ex
1332 2157 1436 2240 parte

125 2258 202 2356 ejus
215 2257 401 2331 “adventui
431 2259 554 2347 cessit,
576 2255 925 2354 hospitalitatemque
940 2260 972 2329 ei
988 2266 1061 2332 auis
1077 2261 1280 2358 sumptibus
1299 2287 1434 2365 eroga-

123 2381 181 2454 vit.
232 2379 303 2452 Die
317 2396 462 2478 postera
475 2376 736 2470 Abaaloncum
758 2377 952 2478 Radnlpho
967 2385 1107 2474 missus,
1125 2383 1223 2482 apud
1245 2389 1435 2480 Caesarem,

123 2505 258 2577 Latinae
276 2506 374 2578 vocis
387 2501 583 2575 admodum
597 2500 738 2594 rudem,
758 2527 826 2600 per
840 2506 1108 2602 interpretatum
1124 2505 1342 2584 Coloniensis
1361 2533 1434 2582 an-

122 2629 234 2700 tistitis
248 2624 415 2698 mandata
429 2627 671 2725 prosequitur.
706 2632 749 2698 At
766 2629 897 2718 Caesar,
918 2617 1076 2725 inprimis
1095 2653 1232 2702 moram
1248 2633 1341 2730 regis
1356 2647 1435 2706 tar-

123 2748 340 2847 ditatemque
356 2765 542 2838 causatus,
561 2749 791 2846 injuriosum,
816 2747 917 2848 quod
941 2767 1021 2822 ante
1044 2775 1117 2822 non
1135 2754 1279 2846 venerit,
1304 2755 1435 2854 ajebat,

122 2869 329 2961 maerendo,
344 2895 428 2944 enm
443 2871 493 2944 ob
507 2897 670 2972 regnum,
695 2869 798 2972 quod
815 2875 967 2946 Romani
983 2874 1117 2972 imperii
1135 2874 1311 2949 beneficio
1325 2895 1436 2978 gerat,

122 2993 192 3094 sibi
218 2996 445 3068 amvitimum
470 2991 671 3069 debitorem
697 2998 852 3069 existere.
926 2997 1028 3068 Tunc
1055 2996 1232 3091 Absalon,
1262 2997 1436 3094 decuisse,

123 3121 252 3215 inquit,
277 3103 426 3190 Caesaris
448 3115 558 3190 fidem
569 3173 579 3210 ,
606 3135 646 3192 ut
666 3117 745 3192 baec
767 3120 886 3216 potina
901 3133 980 3192 ante
994 3120 1125 3193 itineris
1143 3121 1343 3220 ingressum
1360 3131 1435 3227 regi

121 3253 357 3338 proponeret,
377 3237 423 3312 ad
438 3237 539 3338 quod
556 3243 658 3316 tantis
677 3267 760 3314 eum
776 3241 1075 3341 promissionibus
1091 3243 1297 3342 impulisset.
1348 3253 1436 3322 Cae-

117 3383 193 3456 sar,
205 3359 372 3438 simulata
394 3363 646 3455 admiratione,
670 3387 857 3464 perquem
876 3366 948 3466 regi
961 3369 1139 3464 promisso
1158 3367 1307 3462 lecisset,
1321 3371 1436 3445 inter-

113 3682 125 3759 f
169 3685 300 3749 ¹Urbcm
319 3680 442 3764 Metb's]
457 3685 527 3746 Non
545 3694 610 3746 erat
629 3683 661 3746 in
683 3681 753 3744 reli·
810 3693 911 3745 actum
928 3679 1020 3746 luisse
1041 3683 1169 3754 ridetur.
1211 3687 1370 3776 Principes
1386 3711 1440 3756 re-

112 3810 185 3874 qno
200 3787 312 3851 itinere
331 3787 405 3851 urba
428 3789 538 3873 major,
563 3788 650 3874 cujus
668 3811 753 3852 men·
811 3809 848 3850 ro
872 3800 903 3850 et
931 3787 1068 3882 episcopi
1095 3789 1153 3855 airb
1177 3791 1318 3859 tentoriis
1344 3793 1437 3882 dege·

109 3893 241 3960 tionem
252 3891 330 3958 Saxo
350 3893 453 3960 facere
471 3897 629 3983 potuisset.
672 3899 752 3960 Con·
812 3893 896 3957 bant.

108 4001 227 4066 cilium
241 4001 382 4085 generale
395 4001 481 4086 juxta
496 4005 685 4069 incubonem
702 4026 752 4068 su·
855 4003 947 4088 ²Quo
962 4003 1074 4064 curtium
1088 4001 1233 4086 rirgresso]
1250 4005 1320 4067 Non
1335 4023 1370 4068 ea
1391 4015 1436 4068 eat

105 4132 179 4198 pra
212 4105 340 4172 fluvium
370 4111 501 4174 Saeuam
534 4111 566 4174 iu
595 4112 751 4198 episcopa·
809 4128 895 4172 mena
919 4105 1064 4187 Saxonis,
1088 4107 1341 4190 Waldemarum,
1366 4130 1436 4173 cnm

105 4233 153 4288 tu
170 4214 346 4288 Vesontino
364 4214 577 4278 celebrandum
601 4230 675 4280 erat.
716 4219 752 4278 lu
809 4213 938 4278 Metbim
952 4215 1094 4297 venisset,
1112 4217 1225 4279 curiam
1246 4214 1372 4282 cesaris
1388 4215 1436 4277 in·

102 4325 192 4393 vico
213 4321 401 4406 Lorigenna,
421 4321 500 4386 intra
516 4321 750 4400 finasFranciae,
809 4338 945 4402 gressum
963 4318 1064 4386 luisse.
1105 4321 1166 4386 Sed
1187 4334 1437 4414 postquampro·

99 4451 191 4519 ejus
203 4436 311 4515 regem*
323 4429 487 4494 convenire
501 4428 644 4518 sperabat
654 4430 748 4512 impe·
807 4425 894 4488 lixiua
913 4439 1123 4506 enarraverat,
1154 4439 1265 4514 quanta
1287 4450 1356 4496 cunt
1381 4451 1436 4516 po-

95 4553 226 4616 rator3
249 4536 303 4600 sed
320 4539 421 4616 Dolae,
441 4560 504 4600 non
525 4537 634 4622 procul
655 4558 672 4599 a
694 4533 751 4599 ssu-
809 4532 875 4618 puli
894 4531 1086 4596 observantia
1103 4555 1156 4598 rex
1175 4534 1272 4599 Metti
1292 4547 1323 4598 et
1341 4535 1375 4598 in
1392 4537 1436 4601 ri-

72 4631 165 4714 vvio
176 4648 290 4723 Saena,
303 4641 336 4706 in
354 4643 464 4708 linibus
478 4643 598 4729 imperii
612 4642 657 4705 aui
670 4643 752 4728 pala·
807 4639 887 4701 ainia
913 4651 1055 4725 receptus
1082 4639 1206 4722 fuisset,
1235 4663 1307 4708 mox
1326 4643 1436 4708 barrit

87 4755 197 4822 tium
215 4749 303 4824 mirac
324 4749 531 4847 amplitudinis
554 4750 652 4814 extrui
670 4747 750 4814 iece-
807 4744 846 4810 ad
864 4745 1074 4834 receptionem
1091 4747 1156 4832 ejus
1171 4749 1203 4813 iu
1221 4751 1290 4816 aula
1305 4749 1434 4844 impera-

86 4873 179 4942 rat,
200 4859 233 4922 in
247 4877 311 4948 quo
328 4857 435 4944 primis
457 4855 563 4927 diebus
585 4855 747 4930 concilium
806 4854 884 4927 toria
904 4852 1143 4924 describendam.
