3536 5462
15 229 19 312 r.

607 225 985 331 ‚wmnuuasust
1328 240 1404 318 sta

144 451 320 542 minimus
332 447 492 550 amptius
516 445 756 548 qnamhostis
767 453 952 526 soevitiain
967 449 1326 550 metureponehatur.
1378 452 1457 552 lgi-

145 587 204 648 tur
226 573 361 648 omissa
387 571 490 650 urbis
517 572 806 672 oppugnatione,
837 573 1035 648 Crisztoam
1054 569 1203 645 reditur.
1246 571 1316 646 Ubi
1340 572 1457 650 redu..

15 715 17 728 ²
145 693 529 796 centlaeeapeditionis,
541 717 684 769 summa
699 719 783 770 cum
796 695 905 770 totius
919 695 1093 770 exercitus
1106 691 1338 787 haesitatione,
1363 711 1458 771 con-

143 817 262 896 sitium
271 824 460 920 agitantes,
485 841 558 916 que
572 835 676 918 parte
691 833 844 916 pontum
859 833 1073 916 repeterent,
1087 815 1328 916 ambigebant.
1365 823 1458 894 Nam

143 969 228 1020 mm
242 935 521 1020 Pomcranorum
537 939 638 1014 lacus
654 939 770 1016 trihus
785 942 881 1015 ostiis
897 945 934 1012 iu
951 939 1081 1014 fretum
1096 937 1274 1030 decurrat,
1299 937 1460 1032 duobus,

143 1068 296 1142 Peneuai
324 1063 490 1142 videlicet
520 1079 558 1138 et
578 1065 763 1164 vaynensi
783 1065 815 1154 ²,
857 1061 1123 1163 longinquitatis
1156 1060 1264 1136 taedio
1284 1061 1459 1158 fastiditis,

118 1195 392 1290 ,propinquam
417 1187 639 1262 Carrinensis
662 1191 776 1262 exitus
798 1185 1011 1262 brevitatem
1028 1181 1126 1258 adire
1141 1183 1289 1284 placuit.
1340 1189 1460 1280 Quem

145 1315 245 1390 Geso
266 1310 427 1414 quidam,
459 1313 615 1410 regionis
640 1310 723 1409 ejus
748 1307 912 1384 locurum
927 1310 1075 1410 peritus,
1097 1305 1191 1380 adeo
1204 1307 1384 1385 vadosum
1396 1311 1460 1384 iu·

145 1451 328 1534 certatque
350 1430 603 1533 profunditatis
627 1435 787 1523 asseruit,
811 1446 852 1507 ut
876 1457 963 1506 eum
981 1445 1087 1506 uuus
1103 1429 1461 1536 duntaxatregressu

146 1583 214 1634 suo
240 1556 440 1634 meabilem*
457 1555 575 1630 faciat.
627 1556 741 1653 Cujus
766 1551 1008 1654 cognoscendi
1040 1559 1155 1655 gratia
1180 1554 1342 1630 Absalon
1373 1565 1459 1642 cuin

148 1680 265 1758 trihus
284 1683 434 1782 nnugiis
454 1681 596 1770 musus,
621 1680 782 1779 coaugui
797 1679 905 1752 maris
925 1677 1061 1752 saeuitia
1083 1676 1339 1776 interpellante,
1363 1705 1460 1780 pro..

147 1801 331 1878 funditatis
354 1801 518 1878 habitum
542 1825 692 1906 neusse
715 1803 836 1876 rimari
858 1825 933 1874 non
955 1801 1081 1899 potuit.
1132 1802 1198 1874 llic
1220 1799 1369 1898 fluvius,
1394 1804 1459 1904 ubi

147 1925 230 2003 lacu
251 1942 413 2019 manat,
445 1925 681 2002 contractiore
702 1923 808 2000 alveo
834 1939 990 2024 stagnum
1041 1925 1239 2024 progressis
1269 1949 1357 2000 vero
1381 1931 1461 2002 'auo

148 2074 263 2150 supra
286 2055 403 2126 amuis
422 2047 572 2131 modum
595 2043 788 2122 latitudinis
803 2047 1027 2120 incrementa
1048 2047 1243 2146 suscipiens
1250 2101 1263 2140 ‚
1293 2051 1461 2124 eximiam

146 2171 350 2274 paludem²
375 2189 439 2248 aut
458 2171 540 2246 facit
563 2186 624 2246 aut
639 2171 779 2246 invenit.
832 2171 991 2243 Rursum
1003 2167 1068 2242 uhi
1084 2167 1215 2272 pelago
1232 2169 1460 2270 influit'pri-

146 2303 248 2374 stine
269 2298 519 2375 connectionis
544 2317 748 2374 mensuram
770 2295 928 2367 resumit.
978 2295 1320 2392 Quamquam'rero
1336 2293 1461 2371 clauda

149 2423 251 2522 regia
272 2419 463 2498 Absalouis
493 2417 649 2494 reditum
684 2417 843 2514 opperiri
873 2413 1042 2507 deberet,
1072 2417 1308 2515 navigationis
1331 2415 1463 2493 ardore
1519 2483 1523 2498 ,

149 2547 322 2642 precepti
346 2541 482 2636 ohhta,
512 2543 665 2640 imperio
690 2539 905 2614 festinationi
920 2536 1139 2639 posthabito,
1162 2536 1211 2610 ad
1234 2535 1330 2612 idein
1344 2545 1461 2614 amuis

148 2663 403 2742 diverticulum
418 2664 608 2765 procurrit,
623 2687 668 2736 ac
679 2687 719 2738 se
726 2667 843 2766 ipsam
856 2663 1010 2761 propriu
1022 2659 1130 2734 ducto
1146 2658 1359 2736 difficillimis
1367 2653 1466 2738 alvei

151 2787 241 2864 locis
269 2788 428 2864 mmruit.
479 2788 594 2886 Cujus
628 2801 712 2860 cum
737 2781 1021 2884 Christophorus
1045 2799 1145 2884 terga
1175 2781 1330 2858 mstodis
1359 2807 1462 2858 more

151 2919 356 3011 pommus
374 2923 560 3000 tutaretur,
588 2907 840 2984 insultantibus
861 2906 1069 2982 Sclavorum
1090 2909 1257 3010 navigiis,
1271 2905 1463 2983 ‘haudfa-
1587 2969 1592 2985 .

150 3033 255 3112 cilem
279 3031 380 3108 fluvii
402 3032 603 3132 ingressum
637 3029 775 3106 hahuit.
823 3030 934 3126 Quod
954 3031 1188 3106 attentationis
1205 3053 1318 3132 genua
1331 3032 1464 3129 partim

151 3157 293 3237 viribus
304 3154 392 3245 suis,
415 3159 547 3254 partim
563 3156 748 3230 sociorum
770 3153 909 3229 auxiliis
923 3151 1159 3254 propulsavit
1210 3156 1465 3254 Crimque'rer

151 3279 283 3356 eodem
308 3277 368 3354 dic
388 3277 580 3352 fulinensis
600 3278 796 3376 provinciae
813 3275 935 3352 denuo
950 3275 1163 3354 invadendae
1178 3275 1366 3354 consilium
1381 3277 1464 3379 agi-

149 3419 270 3498 tasset,
294 3400 456 3478 malou
472 3401 650 3476 concubia
668 3415 773 3476 nocte
786 3416 992 3501 opportuna
1006 3405 1169 3477 ascensui
1182 3398 1264 3476 loca
1278 3405 1465 3495 scrutatus,

150 3525 220 3604 ubi
232 3523 438 3602 solidiorem
453 3520 558 3598 fundi
574 3525 682 3598 situm
699 3522 864 3615 advertit,
889 3522 962 3598 illic
985 3524 1090 3624 palos
1109 3525 1196 3616 fixit,
1221 3527 1285 3597 aut
1308 3525 1465 3601 artandi-

151 3673 219 3726 nes
234 3650 322 3748 ripae
337 3649 480 3748 junctas
494 3643 600 3722 nodis
615 3647 780 3747 signavit,
803 3662 1023 3746 posteraque
1041 3644 1122 3719 luce
1145 3646 1288 3720 easdem
1304 3645 1463 3724 indicio-

150 3799 238 3850 rum
253 3788 357 3848 uotas
371 3785 530 3862 secutus,
553 3767 777 3870 exponendis
791 3770 974 3871 equitibus
991 3767 1133 3843 facilem
1149 3769 1362 3844 continentis
1377 3765 1469 3842 adi-'

149 3912 230 3976 tum
243 3898 541 3994 premonstravit.
593 3896 664 3988 Qui
684 3919 765 3969 cum
779 3897 965 3995 Magnum,
983 3895 1076 3968 Erici
1089 3890 1225 3986 tilium,
1234 3891 1384 3968 diarum¹
1394 3917 1470 3975 exa

146 4020 363 4097 comptionis
376 4015 602 4120 mundoque
616 4017 751 4119 praedm
768 4021 906 4094 socium
919 4016 1082 4110 haberet,
1105 4041 1263 4116 eumque
1287 4015 1465 4088 incautius

145 4158 364 4246 evagantem
385 4141 434 4218 ah
457 4139 625 4220 hostibus
640 4153 760 4242 prope
773 4148 1010 4242 tutareeptum
1022 4140 1160 4218 audiret
1173 4143 1205 4234 ³,
1239 4161 1466 4240 quamquam

200 4457 391 4541 ’διφυῆ
415 4462 450 4526 ln
468 4457 516 4524 ad.
537 4477 587 4544 pr.
606 4454 718 4520 iterum
743 4455 780 4519 li·
842 4477 930 4544 que,
957 4469 993 4522 nt
1019 4475 1118 4544 nuper
1142 4455 1265 4533 monui,
1291 4454 1384 4522 hodie
1411 4459 1465 4526 der

140 4544 317 4629 haurit'vel
334 4563 520 4652 typographi
541 4583 647 4630 errore
668 4562 779 4649 legitur
842 4567 1039 4630 Cammrirscie
1058 4565 1181 4628 Bodden
1197 4575 1334 4630 vocatur.

133 4673 326 4746 Sarmenti.
887 4669 1055 4750 'Audired
1076 4674 1182 4736 Haece
1208 4667 1391 4734 vocabulum
1413 4668 1466 4732 arl-

193 4781 209 4816 ²
228 4779 374 4847 &mmm
398 4775 554 4868 paludem]
577 4775 692 4844 Eadem
720 4788 777 4860 tat,
842 4775 919 4846 didit
930 4776 1114 4864 stephanius
1132 4795 1191 4864 pro
1204 4795 1255 4859 eo,
1271 4776 1355 4862 quod
1370 4795 1465 4860 prop-
