3538 5460
356 289 432 370 ort
688 265 987 364 ursaon'nra.
1003 289 1142 364 trena
1159 293 1252 402 xvt
1296 343 1298 350 t

315 527 321 536 ·
407 508 489 598 Quo
513 501 685 591 abeunte,
717 525 802 574 cum
825 499 1006 591 Absalon,
1031 499 1164 575 divium
1183 493 1401 576 immuunt
1416 500 1623 594 'vacnum

302 627 400 702 littus
427 623 565 723 scapha
586 625 747 723 petisset,
781 628 966 722 repentino
991 631 1115 699 nuntio
1141 646 1210 724 per
1227 625 1387 697 Jarimari
1411 623 1623 700 familiarum

302 765 491 847 suscepto,
524 748 727 846 cognoscit,
753 749 1018 822 Pomerenieam
1045 745 1241 822 adventare
1265 745 1437 841 clamor,
1463 775 1567 849 quae,
1592 753 1623 824 si

301 871 447 946 nebulae
464 869 620 944 densitas
634 893 708 944 non
726 869 895 960 obstaret,
914 873 1010 942 cerni
1026 871 1189 946 eominus
1206 888 1339 971 posset
1390 875 1501 973 Igitur
1517 864 1624 946 revo-

234 1023 235 1028 ’
303 999 399 1082 eatis,
418 998 482 1094 qui
495 1019 595 1068 sacra
613 974 957 1092 gestabanteupide
972 995 1178 1072 concitatam
1195 993 1346 1069 classem
1362 995 1510 1070 obviam
1528 993 1623 1070 hosti

300 1117 471 1192 inultum
497 1115 638 1206 direxit,
678 1125 806 1206 armis,
846 1141 921 1188 non
950 1115 1118 1214 precibus
1144 1115 1216 1191 deo
1243 1117 1439 1192 libamenta
1463 1118 1623 1194 daturus.

301 1239 408 1334 Quod
425 1241 519 1314 enim
534 1241 698 1314 sacrificii
716 1263 832 1340 genus
852 1236 1084 1314 scelestorum
1105 1265 1192 1319 nece
1219 1239 1348 1316 diuinae
1371 1243 1539 1344 potentiae
1556 1245 1623 1342 ju-

299 1361 452 1438 cundius
469 1363 730 1442 existimemus?
782 1367 826 1434 At
844 1364 1050 1464 Pomerauis
1074 1383 1149 1438 non
1173 1381 1246 1436 tarn
1269 1363 1399 1444 hostile
1420 1363 1540 1442 solum
1557 1390 1624 1444 re·

300 1503 410 1587 pente
425 1483 630 1599 iqvadendi,
657 1509 766 1582 quam
786 1486 1035 1584 liugiauorum
1050 1491 1260 1584 equitatum,
1286 1485 1504 1562 delendendi
1519 1487 1623 1562 litta-

300 1612 348 1685 ris
363 1608 585 1699 studiosum,
610 1610 717 1684 variis
733 1608 966 1706 navigationis
982 1607 1197 1706 ambagibus
1218 1607 1429 1684 ludificandi
1445 1611 1622 1712 proposi-

299 1746 378 1804 tum
394 1745 480 1804 erat.
530 1733 600 1824 Qui
614 1731 787 1804 Doricam
808 1734 1000 1826 conspicati
1020 1728 1180 1822 classem,
1205 1735 1432 1833 llorwegium
1448 1731 1623 1808 occiden-

300 1853 432 1929 talibus
465 1858 673 1928 comitatum
700 1852 855 1928 Sclavis²
886 1852 1005 1926 auxilii
1033 1855 1101 1927 sibi
1125 1855 1263 1930 ferendi
1290 1857 1402 1958 gratia
1429 1855 1623 1954 adventare

299 1976 512 2067 credebant,
537 1976 629 2048 aeris
647 1974 774 2050 nubilo
790 1991 991 2050 nostrarum
1006 1979 1152 2052 navium
1170 2005 1360 2056 numeram
1384 1979 1620 2078 habitumque

300 2100 461 2200 dignosci
479 2124 552 2172 non
570 2103 735 2201 patiente.
785 2100 913 2198 Neque
926 2101 1021 2172 enirn
1037 2125 1163 2174 eorum
1179 2103 1317 2178 ammos
1332 2102 1456 2180 subire
1471 2117 1620 2202 poterat,

299 2227 434 2314 Dauos,
449 2248 516 2323 per
531 2241 585 2298 tot
605 2223 770 2298 locorum
786 2224 898 2320 spatia
915 2247 936 2295 a
950 2221 1087 2305 Solaria
1104 2239 1285 2315 remotos,
1309 2226 1401 2300 intro
1423 2227 1510 2300 taua'
1525 2241 1622 2302 tem-

297 2349 397 2448 poris
412 2349 591 2445 angustias
614 2371 658 2418 co
680 2344 773 2418 loci²
792 2344 904 2418 fuisse
930 2361 1142 2444 provectos,
1167 2345 1456 2444 speculatoribus
1478 2347 1532 2422 ob
1556 2350 1620 2421 ni·-

298 2476 408 2544 miam
441 2475 664 2543 securitatem
695 2467 895 2542 excubandi
925 2468 1041 2540 officia
1073 2493 1205 2566 parum
1235 2471 1376 2543 curiose
1401 2471 1619 2572 gerentibus.

298 2597 410 2696 Igitur
423 2591 669 2694 BagiszlavuS,
685 2593 887 2689 liugianam
908 2589 1056 2664 classem
1078 2590 1215 2690 appelli
1234 2595 1368 2685 ratus³,
1394 2609 1574 2668 actutum
1587 2609 1622 2666 et

298 2720 556 2820 quinquaginta
574 2713 866 2814 'myoparonibus
888 2715 1027 2788 circuiri
1050 2713 1237 2810 disiderat;
1262 2713 1440 2814 reliquam
1468 2715 1619 2796 classem

297 2843 408 2920 veluti
425 2846 461 2914 iu
477 2841 587 2912 aciem
606 2839 708 2936 jactis
731 2835 899 2911 anchoris
915 2842 1120 2936 componit;
1143 2863 1276 2932 naves,
1302 2839 1437 2940 quibus
1453 2837 1621 2920 abutente

297 2965 541 3050 vehebantur,
567 2957 750 3057 aliquantu
767 2962 923 3059 piraticis
944 2965 1224 3058 praestantiores,
1244 2943 1448 3064 interipsas
1469 2979 1506 3036 et
1523 2989 1619 3038 eon-

297 3094 465 3160 tincutem
487 3082 666 3172 admovit,
698 3099 843 3156 armatae
865 3083 1102 3158 multitudinis
1120 3089 1279 3182 speciem
1299 3109 1415 3160 vacue
1432 3085 1616 3186 lignorum

298 3211 411 3310 effigie
440 3205 731 3280 adumbraturus.
793 3209 877 3299 Quo
908 3205 1010 3279 vultu
1041 3205 1216 3306 deceptus
1240 3209 1339 3282 Suuo
1363 3208 1618 3308 Bagiszlavum

299 3333 429 3408 auxilia
454 3357 475 3404 a
500 3327 975 3409 Theutonibusmutuatum
999 3327 1177 3402 credebat.
1237 3333 1453 3406 Rarescente
1473 3330 1618 3406 tandem

297 3455 451 3546 nebula,
476 3451 634 3526 Absalon
658 3450 705 3526 ab
729 3455 865 3554 exiguis
892 3449 1047 3526 hostium
1073 3451 1217 3552 scaphis
1232 3455 1407 3552 praeteriri
1422 3480 1462 3528 se
1479 3453 1618 3546 videns,

297 3607 343 3656 ue
366 3603 490 3654 omnes
509 3575 656 3674 quidem
678 3591 752 3650 tuto
769 3574 943 3648 redituras
962 3600 1030 3672 per
1051 3578 1174 3676 jocum
1192 3575 1319 3676 ajebat
1377 3579 1487 3682 Igitur
1513 3581 1618 3654 sociis

296 3705 430 3805 ingenti
443 3699 691 3778 cohortatione
705 3697 875 3792 firmatis,
899 3698 937 3772 in
956 3695 1123 3774 hostilem
1137 3698 1289 3778 classem
1314 3717 1354 3782 ut
1371 3701 1540 3801 imperio,
1571 3705 1620 3778 ita

342 4083 352 4116 ¹
377 4079 559 4161 Borwegr'um
580 4120 613 4139 ..
637 4121 645 4138 .
665 4075 792 4154 Sciatis]
812 4074 923 4139 Batti·
1033 4077 1047 4112 ³
1068 4078 1170 4160 Igitur
1192 4119 1221 4136 ..
1241 4118 1249 4134 .
1271 4078 1384 4164 appelli
1399 4074 1498 4157 ratus]
1519 4079 1619 4142 Nem

295 4205 352 4246 nus
371 4183 571 4268 intelligitur,
594 4185 671 4246 alter
687 4185 849 4247 slavorum
871 4203 923 4248 oc·
988 4200 1057 4244 cum
1078 4180 1323 4245 antecedentibus
1343 4181 1549 4249 subobscurus
1568 4183 1619 4248 irie

296 4289 491 4354 eideutalium
513 4292 672 4378 princeps,
700 4288 826 4354 loedere
853 4309 923 4354 cum
988 4307 1052 4350 csse
1066 4287 1201 4352 videtur:
1217 4289 1397 4374 {iugislarus
1406 4296 1548 4380 prrirrum,
1566 4310 1619 4354 ne·

296 4398 459 4480 Bugislrro
485 4400 617 4464 sociatus
637 4395 708 4480 (cfr.
730 4397 799 4462 bist
819 4397 922 4482 Rnytl.
987 4393 1069 4458 bule
1084 4393 1232 4460 densitate
1250 4394 1407 4481 deceptus,
1420 4398 1617 4483 Borrregiunr

296 4503 317 4566 l.
345 4505 395 4584 e).
433 4509 596 4592 ΙΒοτνὶιιιιε
623 4508 718 4593 igitur
745 4505 920 4570 noudums
987 4501 1089 4564 auxilii
1106 4503 1164 4566 sibi
1185 4503 1305 4570 ferendi
1324 4507 1422 4587 gratis
1445 4507 1618 4583 adventure,

295 4611 446 4676 inumera
461 4629 566 4698 captus
584 4627 663 4694 erat3
683 4635 712 4678 r.
728 4614 857 4680 Arnuld.
871 4611 922 4693 111,
987 4611 1102 4690 deiude,
1120 4627 1292 4678 rarescente
1307 4615 1428 4698 nebula,
1446 4611 1616 4703 flagianum

295 4707 329 4800 4,
351 4728 382 4781 et
403 4737 494 4801 supra
513 4744 583 4808 pag.
603 4715 665 4786 966
686 4731 750 4785 not.
770 4719 798 4782 1.
988 4719 1113 4784 etrum
1130 4721 1245 4806 appelli
1267 4733 1353 4790 ratus
1372 4723 1426 4790 esi·

341 4827 407 4886 ²150
424 4821 495 4905 loct]
509 4831 552 4892 lta
567 4829 672 4914 Steph.
687 4831 722 4892 lo
736 4826 784 4892 ed.
790 4847 838 4911 pr.
848 4828 920 4889 loeo.
