3524 5460
376 301 449 378 7ts
701 304 876 376 aaron
899 305 1003 374 nnn.
1020 301 1159 374 Lmna
1177 285 1267 376 xiv.

305 514 381 584 ‘tiae
404 527 475 585 tuae
498 529 744 612 propugnator
766 513 908 584 accessi.
970 515 1042 585 Nec
1062 513 1311 610 meaparcius
1338 537 1448 610 quatu
1473 515 1629 612 priorum

326 659 438 731 opera
454 653 636 710 servatum
650 651 682 706 te
697 639 793 707 seito.
853 638 922 706 Pro
938 635 1055 730 eapite
1077 651 1140 706 tuo
1156 633 1317 708 nondum
1334 641 1367 707 in
1385 652 1522 712 aetatem
1537 662 1627 735 pro-

325 756 435 830 ducto
469 757 662 830 adversum
687 755 794 846 liunc,
816 757 921 854 cujus
938 755 1046 828 fidem
1063 783 1160 830 nunc
1179 763 1458 856 societatemque
1474 784 1629 834 exoscu-

326 881 425 971 laris,
456 905 554 954 arma
580 886 734 978 suscepi.
792 884 880 971 Quae
903 879 968 954 nisi
987 878 1124 952 felicius
1145 883 1350 978 auspicatus
1366 881 1533 974 fuissem,
1558 881 1629 956 filio

324 1001 442 1102 Magni
467 1009 656 1078 immerens
678 1029 803 1100 poenas
820 1002 950 1075 luisses.
1010 1005 1077 1094 Qui
1098 1004 1163 1076 nisi
1185 1027 1242 1074 me
1259 1008 1399 1075 tertium
1421 1013 1628 1078 extimesce-

324 1144 395 1216 ret,
427 1124 712 1224 haudquaquam
740 1143 774 1197 te
798 1122 998 1198 secundum
1018 1134 1202 1220 pateretur.
1266 1130 1361 1200 Dum
1386 1133 1488 1215 vivo,
1527 1128 1629 1199 vitam

325 1251 387 1322 tibi
403 1247 574 1322 adversus
591 1252 669 1345 ejus
686 1247 826 1320 insidias
846 1271 1014 1344 prorogo.
1058 1247 1239 1319 Extinctus
1255 1263 1295 1318 ut
1311 1273 1445 1338 meum,
1468 1250 1516 1320 ita
1532 1263 1631 1321 tuum

324 1377 475 1470 quoque
487 1371 581 1444 diem
598 1371 693 1444 linio.
750 1371 860 1468 igitur
881 1393 925 1440 eo
943 1370 1052 1441 tutius
1073 1368 1121 1440 ad
1143 1393 1251 1466 opem
1279 1385 1376 1441 tuam
1403 1368 1631 1460 decusserim,

325 1519 400 1592 quo
416 1494 498 1592 plus
519 1518 596 1566 eam
614 1493 789 1567 beneficio
807 1516 888 1564 mco
905 1488 1038 1565 debere
1054 1493 1292 1589 cognoverim.
1345 1497 1390 1564 Et
1413 1517 1508 1564 nuuc
1535 1493 1630 1564 cari-

217 1693 219 1698 ,
318 1619 400 1690 tatis
432 1633 502 1688 tuae
530 1615 659 1688 fiducia
694 1615 868 1688 arbitrum
899 1629 934 1686 te
965 1621 1062 1710 pacis
1089 1617 1124 1686 in
1154 1638 1212 1686 me
1244 1611 1417 1686 faciendae
1447 1615 1631 1688 constituo.

324 1743 518 1811 Contentus
539 1765 614 1830 ero,
631 1765 703 1838 qua
722 1763 931 1832 unaecunque
946 1753 1040 1810 sorte
1055 1735 1255 1827 donaveris,
1268 1750 1403 1808 tautum
1420 1735 1517 1833 apud
1532 1751 1631 1810 exte-

323 1887 384 1934 ros
406 1860 611 1934 calamitatis
628 1885 831 1959 perpessus,
860 1876 897 1931 ut
915 1861 1071 1956 privatus
1086 1877 1147 1932 aut
1167 1884 1275 1956 egens
1293 1865 1379 1930 intra
1398 1862 1519 1953 patriae
1542 1857 1632 1929 fines

322 1983 456 2079 degere
480 2007 591 2078 quam
610 1982 690 2054 exul
709 1983 830 2055 denuo
852 1983 985 2054 censeri
1010 1982 1138 2052 rualim.
1198 1981 1360 2054 Arbitror
1382 2006 1551 2079 quoque,
1585 1995 1631 2070 ut,

322 2131 405 2178 cum
421 2104 561 2202 singula
576 2105 705 2201 justius
720 2105 956 2195 aestimaveris,
981 2105 1071 2176 iuter
1088 2105 1221 2202 probra
1252 2103 1427 2176 ducturus
1445 2104 1503 2192 sia,
1532 2103 1631 2199 poti-

322 2253 366 2302 us
391 2232 546 2324 parentis
570 2230 617 2300 tui
641 2225 864 2298 interfectore
895 2253 1005 2325 quam
1039 2227 1154 2298 ultore
1191 2244 1419 2324 procreatum
1459 2223 1632 2298 excolere.

321 2356 408 2424 Haeo
425 2366 460 2422 et
475 2347 601 2424 similia
615 2346 845 2446 replicantem
862 2348 1108 2423 Waldcmarus
1124 2349 1351 2450 interpellare
1366 2373 1438 2420 nou
1455 2345 1632 2438 dubitans,

321 2472 945 2568 Frustra-meam,inquit‚Canutique
956 2471 1187 2544 concordiam
1202 2497 1342 2546 cassare
1358 2476 1487 2570 pergis,
1495 2497 1581 2544 cnm
1597 2487 1631 2543 et

322 2604 398 2696 ipse
421 2613 579 2693 pateram
604 2592 720 2690 culpa.²
745 2591 856 2666 allinis
875 2621 948 2664 nou
965 2595 1070 2668 luerit
1096 2613 1130 2670 et
1148 2595 1233 2668 milri
1250 2597 1283 2666 iu
1301 2597 1378 2691 ejus
1397 2600 1630 2694 expiationem

321 2720 405 2794 olim
422 2722 516 2820 justa
534 2715 753 2814 persolverit.
793 2713 899 2808 Quod
918 2733 1035 2788 autem
1054 2717 1202 2792 ulterius
1219 2718 1280 2791 tibi
1300 2717 1450 2792 militare
1468 2743 1541 2790 non
1556 2717 1631 2808 tuli,

320 2869 392 2918 non
407 2869 495 2914 nreae
508 2841 667 2929 levitatis,
684 2837 827 2910 sedtuae
845 2837 1006 2934 perfidiae
1024 2845 1156 2912 crimen
1167 2857 1302 2940 reputa.
1328 2847 1453 2913 Nonne
1470 2841 1557 2913 olim
1576 2865 1633 2912 me

319 2964 610 3065 peregrinationis
626 2977 695 3032 tuae
707 2962 872 3034 comitem
888 2963 1116 3034 incarcerem
1133 2985 1259 3036 socero
1275 2964 1476 3036 necandum
1493 2962 1632 3036 tradere

320 3089 488 3163 statuisti?
514 3087 631 3183 Atqui,
650 3087 714 3157 nisi
733 3089 940 3180 pravitatem
959 3101 1055 3158 tuam
1073 3087 1152 3183 ejus
1167 3083 1331 3158 honestas
1356 3087 1515 3176 vicisset,
1540 3088 1633 3157 inter

319 3210 460 3287 vincula
486 3215 677 3280 moriturus
702 3207 869 3278 abieram.
930 3211 1077 3301 Quoties
1093 3233 1226 3293 meam,
1259 3205 1400 3304 quoties
1418 3213 1544 3282 (lanati
1567 3235 1631 3281 sa-

319 3337 429 3409 lutem
449 3357 515 3429 per
537 3330 677 3402 insidias
696 3345 898 3402 attentatam
933 3329 1165 3402 liauduleutis
1190 3328 1325 3402 consilii
1345 3332 1483 3405 nisibus
1511 3332 1632 3404 obru-

320 3483 380 3530 ere
400 3455 564 3529 voluisti?
587 3444 745 3544 Qualiter
762 3469 878 3524 autem
896 3477 999 3550 pares
1015 3453 1108 3524 ferre
1125 3455 1277 3550 poteris,
1303 3479 1395 3552 quos
1414 3455 1541 3528 milites
1557 3454 1631 3525 ha-

212 3573 215 3582 ’
319 3580 408 3652 berc
430 3601 557 3675 passus
574 3600 645 3646 non
666 3577 725 3647 es?
754 3577 885 3646 Verum
908 3599 952 3644 ne
977 3601 1059 3647 cum
1073 3573 1361 3672 ,reprehensione
1383 3583 1632 3675 propinquum

318 3718 476 3776 avertere
492 3698 622 3789 videar,
649 3714 798 3772 cesinas
818 3697 1008 3771 adversum
1033 3713 1140 3795 caput
1156 3723 1276 3771 ancum
1295 3715 1493 3772 restaurare
1513 3715 1631 3772 tenta-

319 3825 387 3917 bo,
413 3823 496 3920 plus
514 3823 734 3893 miseratione
751 3819 901 3892 lortunae
929 3837 999 3892 tuae
1026 3847 1135 3918 quam
1160 3819 1365 3892 credulitate
1385 3820 1633 3919 promissionis

317 3947 492 4020 inductus,
547 3948 663 4035 Quam
681 3943 933 4015 humanitatem
960 3969 1042 4014 cum
1072 3941 1204 4014 scelere
1228 3959 1261 4015 et
1288 3943 1425 4016 fallacia
1452 3966 1629 4042 repensa-

319 4076 422 4160 veris,
448 4067 701 4164 simplicitatem
722 4085 875 4138 nostram
896 4067 1032 4139 artibus
1058 4067 1124 4136 tuis
1141 4067 1415 4140 circumventam
1442 4095 1488 4138 ne
1509 4067 1632 4137 cristi-

318 4217 412 4281 meS,
444 4189 508 4264 sed
544 4191 661 4288 potius
696 4189 805 4260 iidem
856 4195 1097 4286 pietatemque
1131 4189 1294 4285 periculis
1331 4191 1452 4263 locum
1480 4189 1632 4262 dedisse.

218 4293 220 4298 Ι
319 4320 348 4385 T
353 4319 550 4408 uncSven0‚
566 4313 685 4385 verbis
702 4313 1008 4386 insimulationem
1027 4312 1240 4408 cumpositis,
1257 4311 1396 4410 perfide
1412 4341 1450 4388 se
1468 4329 1632 4384 acturum

317 4463 460 4534 negare,
476 4440 610 4512 sincera
624 4437 696 4508 lide
711 4462 835 4508 eurum
846 4437 1029 4508 amicitiam
1046 4440 1281 4533 expetiturum
1299 4441 1513 4536 promittere,
1527 4459 1631 4533 prte-

318 4565 435 4632 sertim
463 4587 544 4632 curn
568 4585 631 4631 nec
647 4560 714 4632 sibi
733 4587 797 4631 nee
815 4559 936 4632 liberis
959 4559 1188 4633 consulturus
1205 4559 1373 4634 videatur.
1406 4566 1461 4634 Eo
1479 4562 1566 4632 enim
1585 4579 1632 4626 se

319 4680 446 4753 morbo
464 4697 599 4770 esse,ut
618 4707 749 4753 aurium
768 4685 823 4754 vix
842 4683 1018 4754 cotafreere
1031 4699 1146 4780 queat.
1170 4687 1339 4754 l'raetrrea
1356 4686 1430 4755 sine
1446 4683 1524 4756 filiis
1538 4703 1632 4767 esse,

317 4804 450 4904 quibus
464 4829 615 4904 reginum
634 4831 759 4902 parare
775 4805 915 4878 debeat.
977 4803 1071 4897 Quid
1095 4807 1200 4904 igitur
1218 4808 1280 4876 nisi
1305 4806 1452 4904 culpam
1469 4824 1501 4879 et
1517 4809 1629 4904 iguo-
