3508 5460
364 299 438 370 770
592 325 596 332 ·
701 297 877 370 tttsTott.
894 297 1000 370 ΒΑΝ.
1016 297 1153 372 LIBER
1168 300 1260 372 xtv.

309 515 419 589 sionis
434 509 555 584 timlus
573 505 765 582 obnoxiam
790 506 891 598 iacit,
927 522 963 580 nt
988 510 1265 584 amantissimum
1281 508 1370 584 mihi
1386 509 1536 598 herum,
1569 519 1626 584 cui

309 654 387 710 tum
402 633 498 724 fidei,
523 649 601 705 tum
619 632 721 702 etiam
749 634 910 702 amicitiae
925 631 1109 730 stipendiis
1137 631 1296 732 obligor,
1330 631 1503 734 neglectis
1528 621 1625 706 cari-

310 762 390 830 tatis
404 755 539 843 officiis,
556 769 724 826 attentare
746 757 949 826 sustineam.
1000 757 1187 848 Praeterea,
1199 779 1300 856 reges
1315 756 1362 830 de
1382 781 1504 830 rernm
1520 781 1625 830 sum-

207 867 209 872 ’
309 903 368 951 ma
385 893 557 951 certantes
572 875 761 966 lacessere,
782 874 998 974 jampridem
1015 873 1114 948 leand
1130 875 1274 952 difficile
1288 879 1378 960 fuit,
1423 881 1515 952 Huic
1530 905 1626 968 vero,

308 1027 393 1074 cum
407 1023 559 1099 regnum
574 999 650 1072 sine
667 998 799 1072 aemulo
815 1015 936 1096 gerat,
955 999 1027 1072 vim
1042 999 1174 1075 inferre
1190 1005 1365 1078 temeritas
1389 1018 1450 1078 est.
1510 1004 1625 1094 Quem

309 1126 339 1198 si
353 1120 606 1197 communibus
623 1121 762 1194 viribus
778 1119 889 1192 adorti
906 1120 1101 1210 fuerimus,
1135 1128 1335 1200 eommunis
1357 1127 1507 1222 jacturae
1521 1127 1624 1223 peri-

307 1245 392 1319 cula
405 1248 606 1322 sentiemus.
656 1243 726 1318 Sed
742 1261 822 1318 tuos
840 1243 987 1344 quidem
1005 1260 1166 1336 conatus,
1188 1247 1321 1344 saepius
1339 1245 1535 1321 consimilia
1553 1273 1623 1322 au-

307 1393 379 1462 sos,
404 1395 461 1442 res
477 1376 556 1466 ipsu
582 1375 720 1442 minore
738 1391 821 1440 com
840 1369 1014 1464 vituperio
1030 1367 1199 1458 admittit3
1225 1393 1346 1443 meum
1370 1393 1455 1443 vero
1474 1369 1626 1460 facinus,

307 1491 416 1566 nohis
440 1492 673 1566 excusationis
701 1487 873 1588 praesidiis
902 1495 1035 1577 nixum,
1067 1488 1137 1564 hoc
1168 1495 1281 1590 magis
1311 1490 1624 1590 reprehensionem

307 1629 476 1702 meretur,
501 1611 602 1713 quod
620 1638 796 1686 summam
813 1610 1116 1704 benevolentiam,
1150 1617 1330 1713 perruptis
1352 1617 1515 1688 amicitiae
1539 1618 1625 1688 vin·

306 1737 411 1830 culis,
435 1738 655 1835 iniquissima
670 1735 1204 1834 praesumptionerependerem.
1245 1737 1413 1830 Eskillus,
1428 1739 1623 1836 speciosis-

307 1863 406 1938 simis
421 1861 601 1958 sapientiae
617 1860 796 1957 responsis
812 1855 858 1928 ad
874 1881 1056 1932 summum
1080 1862 1143 1934 irae
1158 1860 1346 1935 stridorem
1363 1879 1527 1953 evectus,
1560 1887 1624 1962 per

307 2009 447 2058 sacram
470 1981 684 2056 obeditionis
708 1981 918 2080 religionem
945 2007 1026 2054 eum
1052 1980 1210 2081 adjurat,
1236 1983 1404 2058 mandata
1427 1983 1474 2058 ad
1499 2011 1621 2086 regem

307 2105 456 2180 ferenda
478 2107 658 2203 suscipiat
716 2103 886 2197 Absalon,
907 2105 1157 2180 mandatorum
1182 2107 1314 2182 latione
1328 2109 1526 2204 promissa,
1558 2135 1620 2181 re-

306 2255 524 2330 sponsorum
542 2229 713 2302 nuncium
731 2228 875 2320 abnuit,
908 2225 1009 2326 quod
1025 2230 1111 2302 inter
1125 2228 1278 2304 illustres
1301 2236 1397 2304 viros
1417 2230 1621 2306 inimicitiu-

306 2379 389 2426 rum
404 2369 518 2432 ,antor
542 2353 666 2428 haberi
691 2351 788 2426 nolit
846 2351 941 2422 Huic
965 2350 1134 2444 Eskillus,
1159 2375 1255 2451 aegre
1278 2349 1453 2452 legatione
1474 2353 1621 2444 credita,

307 2474 522 2564 ecardum,
540 2479 763 2552 Esromensis
785 2474 915 2548 domus
939 2473 1137 2571 praelatum,
1155 2476 1325 2566 associat,
1360 2478 1552 2572 sciturum,
1576 2503 1620 2552 an
1738 2567 1739 2580 χ

305 2598 466 2674 Absalou
494 2599 590 2674 fidus
620 2598 870 2676 mandatorum
908 2599 1064 2672 minister
1077 2600 1248 2672 existeret
1331 2599 1494 2690 Quorum
1526 2618 1619 2675 tanta
1738 2613 1739 2699 ἦ

306 2727 477 2821 asperitas
492 2739 577 2815 erat,
603 2739 732 2796 utnon
753 2721 870 2798 solum
888 2719 1078 2796 simultates
1097 2745 1248 2820 augere,
1281 2717 1467 2796 sedetiam
1486 2727 1617 2798 amici·

179 2897 182 2900 -
306 2851 372 2920 tias
402 2843 495 2918 odiis
528 2844 729 2919 convellere
766 2853 971 2946 potuissent
1050 2847 1150 2916 Hanc
1183 2849 1421 2921 austeritatem
1450 2845 1620 2939 Absalnn,

305 2966 430 3066 quoad
445 2965 551 3060 licuit,
574 2985 773 3066 temperare
796 2985 964 3059 conatae,
995 2967 1156 3064 specioso
1170 2966 1368 3040 verborum
1392 2967 1619 3048 delinimento
1737 2987 1738 3064 ζ

306 3105 424 3164 truces
444 3089 690 3165 mandatorum
719 3097 909 3166 sententias
926 3088 1129 3190 castigabat.
1181 3091 1267 3178 Rex,
1290 3087 1412 3163 audita
1433 3090 1619 3194 legatione,

305 3228 584 3312 praetermorem
616 3239 803 3304 accensus,
836 3212 1024 3302 Eskillum,
1051 3213 1278 3310 superiorum
1301 3238 1429 3314 regum
1453 3242 1618 3292 cruorem

305 3335 513 3410 combibere
529 3335 682 3428 solitum,
715 3325 812 3412 nunc
834 3354 868 3411 et
890 3361 997 3409 suum
1021 3341 1115 3410 sitire
1139 3337 1345 3436 respondit3
1378 3337 1563 3437 multaque
1582 3343 1617 3414 in

304 3457 403 3532 hunc
432 3459 581 3534 modum
605 3483 670 3556 per
696 3484 874 3534 summam
898 3461 1090 3534 verborum
1122 3465 1346 3556 asperitatem
1378 3459 1617 3536 remandauda

304 3583 450 3656 curavit
514 3581 653 3675 Quibus
668 3582 822 3660 Eskillus
839 3607 880 3656 ex
898 3581 1060 3656 Gerardo
1075 3584 1238 3680 cognitis,
1252 3583 1507 3681 impatientiam
1523 3601 1616 3660 metu

304 3710 467 3794 mutavit,
492 3720 703 3805 tantumque
719 3707 768 3780 illi
784 3708 946 3806 pavoris¹
967 3711 1153 3803 surrepsit,
1181 3723 1355 3804 quantum
1373 3709 1473 3805 prius
1487 3709 1632 3782 suroris-

303 3827 504 3902 ineesserat.
564 3832 674 3928 igitur
689 3827 843 3904 evitandi
863 3829 1013 3926 periculi
1040 3833 1152 3930 gratia
1175 3827 1392 3929 longinquas
1416 3829 1613 3904 Werendiae

304 3966 423 4048 partes
442 3960 606 4046 accessit,
625 3954 774 4028 salutem
800 3977 963 4044 secessu,
997 3975 1069 4022 non
1093 3949 1210 4041 bello,
1232 3955 1457 4050 quaesiturus.
1516 3957 1614 4028 Tunc

304 4097 366 4146 rex
380 4073 506 4148 urbem
524 4083 559 4152 in
577 4076 693 4154 solido
708 4079 858 4148 Letricae
874 4073 1016 4172 paludis
1031 4073 1078 4148 ab
1086 4087 1138 4170 geo
1154 4077 1412 4148 constructam²
1430 4073 1613 4150 obsidione

350 4351 551 4433 'Tantumque
567 4344 809 4434 t'llt'pattort'slllt
822 4344 928 4430 steph.
994 4342 1122 4430 (script.
1141 4363 1200 4406 rer.
1214 4347 1293 4406 Dan.
1310 4344 1445 4428 volllp
1466 4339 1610 4424 378).P0·

300 4449 361 4514 Ed.
375 4454 473 4536 princ.
487 4455 617 4518 omittit:
645 4455 697 4516 attat
991 4463 1057 4514 trus
1077 4449 1149 4514 Olel
1172 4449 1282 4514 verbus
1312 4455 1343 4512 t'n
1374 4451 1470 4514 solido
1496 4453 1612 4546 betrieoe

348 4561 473 4622 ²Urbem
500 4567 531 4624 in
554 4563 647 4624 solido
669 4564 792 4624 Letrieat
802 4561 926 4648 paludis
986 4557 1109 4644 paludis
1123 4575 1178 4640 per
1193 4558 1316 4618 Latara
1331 4554 1462 4640 explicat
1488 4552 1571 4632 (ibid.
1582 4573 1610 4636 p.

366 4666 575 4744 constructam]
606 4667 738 4732 Thomas
760 4665 927 4749 Gbeysrner
987 4660 1243 4744 231).Hamsiort
1255 4662 1300 4742 (in
1315 4659 1454 4724 chronol.
1468 4681 1528 4724 sec.
1543 4655 1610 4720 ibid.

302 4771 363 4835 hoc
378 4769 421 4833 lia
437 4773 590 4834 enuntiat:
609 4791 751 4846 castrum,
778 4771 1002 4860 quodEs-1
1028 4791 1060 4852 p.
1085 4765 1160 4850 276)
1181 4767 1337 4833 castellum
1359 4765 1450 4831 vient
1480 4764 1609 4830 Ellehol·
1733 4829 1734 4832 Ἴ

302 4879 387 4941 iilius
433 4877 630 4962 aedificaverat
664 4881 756 4960 justa
803 4879 928 4940 latire.
993 4895 1085 4939 munt.
1141 4873 1324 4959 stephanius
1345 4871 1469 4961 quidem
1489 4871 1521 4935 in
1543 4879 1607 4933 nola
1733 4955 1734 4958 Ἰ
