3582 5466
386 315 460 391 612
730 307 905 381 lllSTOR.
922 311 1027 381 DAN.
1041 311 1180 381 LlBER
1194 311 1268 380 ΧΠ.

335 529 412 602 liter
422 539 611 624 exceptum
626 521 674 594 ad
687 519 822 593 cariam
838 533 874 592 et
887 516 1059 615 palatium
1084 543 1202 619 usque
1224 543 1354 618 magno
1377 543 1462 592 cum
1485 521 1646 594 omnium

333 648 503 749 tripudio,
526 643 773 742 triumphantis
789 667 909 732 more,
935 639 1110 738 perduxit,
1125 655 1169 734 et,
1184 644 1244 714 cui
1257 643 1498 740 suspicionem
1512 648 1648 718 imme-

332 779 419 848 renti
440 771 619 858 inflixerat,
642 766 830 854 honorem,
855 789 931 861 quo
946 765 1062 861 major
1084 762 1131 835 ab
1145 763 1290 838 homine
1304 768 1465 861 praestari
1481 791 1555 840 non
1570 792 1648 864 po-

333 912 434 986 terat,
460 891 624 990 erogavit.
678 892 772 981 Quin
796 888 902 958 etiam
927 888 971 977 ei,
994 886 1143 984 perinde
1161 904 1268 984 atque
1281 884 1557 966 honoratissimo
1571 889 1648 964 ho-

333 1018 423 1117 spiti,
438 1017 572 1113 regiam
581 1015 703 1104 cessit3
727 1033 843 1108 eaque
858 1031 965 1080 nemo
982 1007 1152 1109 deinceps
1169 1012 1424 1108 imperatorum
1439 1012 1489 1085 uti
1501 1011 1649 1104 voluit¹,

238 1133 240 1136 ’
332 1165 377 1212 ne
394 1143 477 1236 quis
493 1161 533 1208 se
548 1142 703 1209 maximo
720 1138 796 1207 viro
812 1130 893 1204 tecti
909 1134 1161 1204 communione
1176 1155 1340 1230 aemrasse
1354 1131 1543 1226 rideretur,
1569 1131 1648 1208 ho-

332 1261 501 1361 spitiique
526 1258 725 1331 reverentia
752 1269 966 1352 perpetuum
997 1251 1146 1349 hospitis
1172 1270 1443 1328 monumentum
1474 1261 1647 1332 existeret

333 1383 548 1479 Quinetiam
571 1379 753 1468 accersito,
779 1378 842 1474 qni
863 1391 1034 1449 staturam
1054 1379 1135 1474 ejus
1150 1399 1327 1450 mensurae
1351 1376 1524 1474 parilitate
1538 1403 1647 1452 oom-

333 1500 582 1607 prehendsret,
606 1501 804 1596 stantisque
818 1514 852 1571 et
874 1497 1030 1571 sedentis
1054 1497 1217 1574 habitum
1240 1527 1352 1600 quam
1379 1500 1647 1601 diligentissime

333 1627 516 1702 coloribus
541 1620 856 1720 complecteretur,
886 1636 992 1692 tantae
1017 1622 1270 1721 magnitudinis
1288 1625 1559 1698 admirationem
1573 1649 1649 1723 pe-

223 1759 226 1766 '
332 1755 432 1823 renni
451 1743 656 1845 spectaculo
674 1741 1001 1842 repraesentandam
1018 1748 1164 1820 curavit.
1215 1749 1261 1818 Et
1286 1773 1332 1820 ne
1356 1763 1493 1821 tantum
1513 1746 1647 1845 hospi-

333 1887 404 1945 tem
420 1868 628 1942 indonatum
644 1864 842 1957 dimitteret,
867 1865 1079 1964 complacita
1095 1866 1280 1964 postulare
1297 1877 1479 1968 praecepit.
1529 1875 1647 1962 Quem

334 2019 428 2082 curn,
445 1991 539 2064 lacto
563 2015 676 2090 opum
693 2005 913 2088 contemptu,
938 2013 1059 2062 sacros
1080 1992 1303 2086 potissimum
1319 1997 1453 2068 eineres
1476 2009 1648 2091 exoptare

333 2129 575 2214 cognosceret,
599 2111 818 2186 honorandis
834 2113 968 2184 ossium
991 2107 1149 2209 reliquiis
1172 2111 1292 2186 donat.
1353 2111 1417 2188 Ille
1438 2115 1649 2215 religiosum

332 2263 464 2313 munus
484 2233 617 2336 cupide
631 2234 864 2333 amplexatus,
882 2231 917 2304 id
933 2241 1052 2330 ipsum
1066 2235 1294 2332 imperatoria
1309 2236 1412 2310 bulla
1430 2243 1648 2337 assignatum

332 2359 510 2434 Lundiam
532 2355 827 2453 Roskildiamqne
842 2354 1104 2452 deportandum
1121 2358 1267 2431 curavit.
1342 2361 1387 2430 Et
1406 2385 1452 2432 ne
1468 2375 1568 2438 ortus
1590 2360 1648 2432 sui

331 2483 455 2578 locum
470 2483 695 2556 veneratione
710 2502 863 2552 vacuum
891 2479 1039 2569 sineret,
1071 2478 1381 2582 Slangathorpiam
1408 2507 1490 2554 cum
1513 2479 1649 2556 Nicolai

332 2606 574 2679 sacratissimis
599 2600 741 2674 ossibus
763 2599 872 2674 divini
886 2601 1038 2698 patibuli
1053 2603 1264 2700 particulam
1284 2602 1464 2678 transtulit
1503 2605 1651 2704 Quippe

332 2743 366 2800 et
381 2726 508 2828 oppidi
523 2724 616 2798 illins
635 2720 810 2820 templum
827 2720 973 2796 molitus
999 2739 1035 2796 et
1061 2748 1104 2796 eo
1122 2724 1204 2814 loci,
1227 2725 1291 2798 ubi
1307 2752 1404 2799 nunc
1421 2750 1519 2798 aram
1538 2726 1648 2822 uide-

331 2875 430 2942 mus,
453 2863 565 2921 matre
590 2845 704 2919 editus
727 2843 900 2943 proditur.
982 2848 1154 2920 Praeterea
1177 2845 1339 2922 oblatum
1360 2847 1409 2920 ab
1432 2850 1651 2947 imperatore

331 2973 451 3072 magni
470 2968 640 3068 ponderis
655 2972 805 3041 aurum²
823 2967 956 3066 sprevit
972 2992 1014 3040 ac
1029 2968 1239 3067 repudiavit,
1264 2995 1321 3062 ne,
1337 2973 1538 3069 postposito
1553 2997 1649 3046 con-

377 3306 387 3337 ¹
404 3303 504 3384 anue
526 3323 606 3361 nemo
630 3299 762 3384 desisceps
800 3303 957 3386 sinpercto·
1013 3303 1156 3389 ponderr's
1175 3301 1291 3382 aurum]
1306 3302 1421 3367 Scribit
1441 3315 1530 3365 autor
1551 3301 1651 3362 histo·

333 3430 395 3466 rum
413 3401 575 3484 ntiaoluit]
599 3397 676 3465 Haee
691 3399 794 3466 labula
818 3404 957 3468 traditio·
1017 3407 1072 3468 rias
1084 3403 1331 3491 Hnytlingorum,
1349 3411 1566 3494 imperatorem
1579 3407 1649 3490 regi

330 3530 399 3573 nem
413 3511 592 3596 popularem
617 3509 736 3594 arguit,
764 3531 832 3594 quae
855 3513 956 3573 resin
989 3520 993 3538 '
1016 3510 1099 3573 dono
1129 3511 1245 3575 dedisse
1269 3515 1420 3600 halfalest
1437 3517 1532 3600 gulis,
1552 3509 1649 3595 idque

329 3617 427 3700 majas
457 3637 568 3702 angere
594 3617 683 3679 solet.
745 3617 844 3706 Quam
867 3617 956 3702 parvi
1015 3619 1166 3680 versiculo
1177 3619 1283 3698 Marci,
1301 3634 1402 3705 poetae
1415 3619 1521 3698 coaevi,
1535 3615 1651 3680 conlin-

329 3725 397 3786 aula
416 3723 584 3806 Byzantina
598 3743 685 3806 reges
700 3720 856 3800 barbaros,
876 3726 958 3788 Con·
1016 3737 1080 3787 mat
1104 3747 1135 3809 p.
1159 3722 1306 3789 315-316.
1367 3733 1438 3790 Lm
1450 3739 1497 3788 est
1518 3722 1652 3807 majoris

328 3829 614 3914 stantiaopolinsub
624 3829 753 3914 imperio
763 3830 960 3894 AlexiiCom·
1017 3827 1161 3912 ponderis
1198 3851 1310 3915 genus,
1346 3830 1430 3916 quod
1466 3829 1547 3894 aliud
1581 3829 1653 3892 alio

327 3936 399 4000 neni
414 3935 569 4015 adeuntes,
585 3935 711 4016 fecerit,
733 3933 868 3999 ostendit
893 3935 955 3998 lilia
1016 3947 1155 4020 tempore
1172 3935 1239 4000 tuit.
1276 3941 1391 4000 Snorro
1407 3939 1554 4001 Sturlaeus
1568 3937 1656 3998 scri-

328 4043 632 4128 imperatoris,tlnna
647 4046 812 4120 Comnena,
837 4063 906 4124 quae
922 4040 955 4102 in
1015 4040 1062 4104 bit
1086 4033 1181 4124 (nist
1205 4062 1269 4126 reg.
1296 4047 1427 4128 Norreg.
1457 4047 1521 4108 vol.
1550 4047 1591 4107 111
1615 4067 1658 4129 p.

328 4149 472 4214 Alexiade
489 4147 606 4224 scribit,
621 4168 653 4212 se
668 4149 757 4211 istam
777 4168 884 4232 regum
903 4145 957 4209 du·
1014 4137 1102 4225 245),
1120 4145 1258 4210 Alesiam
1272 4148 1489 4232 imperatorem
1509 4147 1657 4234 Sigurdo

329 4274 457 4340 cumque
483 4255 685 4338 farraginem,
721 4252 776 4318 etsi
811 4254 957 4316 memoria
1015 4253 1548 4341 Hierosolymipetae,regiNorrego,
1562 4257 1664 4338 opti-

328 4372 489 4444 saggerat,
510 4381 668 4426 recensere
684 4363 783 4442 nolle,
809 4382 847 4426 ne
870 4362 958 4426 soah*
1014 4365 1104 4422 onem
1127 4359 1254 4440 dedisse,
1276 4373 1378 4423 atrurn
1398 4359 1420 4424 6
1441 4363 1508 4424 anri
1528 4362 1664 4428 talenta

328 4463 466 4528 absurdis
499 4469 718 4534 vocabulorum
750 4468 954 4532 barbarorum
1014 4466 1056 4542 (d
1072 4469 1220 4553 skrppund
1239 4469 1281 4549 af
1290 4470 1379 4531 randi
1402 4469 1499 4553 galis)
1525 4465 1667 4550 accipe-

327 4571 493 4655 paritatem
518 4575 618 4639 Graeci
634 4576 782 4640 sermonis
806 4574 954 4638 contami·
1014 4593 1060 4650 re,
1081 4595 1120 4636 an
1135 4571 1257 4636 ludos'
1248 4595 1281 4636 ιιι
1301 4573 1510 4660 hippodromo
1536 4570 1669 4640 iisdem
1789 4541 1790 4624 s

327 4687 423 4752 naret
436 4675 587 4757 (Alexiad.
602 4679 653 4742 lib.
667 4684 696 4744 X
708 4705 741 4766 p.
733 4677 891 4745 ‚299300
905 4677 951 4743 ed.
1014 4679 1161 4742 sumtibus
1181 4681 1373 4765 peragendos
1400 4681 1556 4766 adspicere
1577 4683 1669 4746 rel-

326 4781 436 4864 Paris)
1013 4786 1065 4848 let.
1114 4787 1218 4850 Facile
1240 4789 1405 4874 largimur,
1429 4788 1532 4850 haecee
1563 4785 1673 4857 dona

371 4891 540 4956 ²0blatum
576 4893 614 4955 ab
651 4852 824 4982 imperdtore
853 4899 956 4981 magni
1013 4889 1242 4960 cmdentefsrna
1256 4917 1366 4960 mnam
1377 4891 1542 4960 mnodum
1551 4891 1676 4963 adnu-
