3508 5460
331 307 404 380 ssu
604 261 836 379 'ursana
850 308 957 382 nau.
972 309 1209 385 arnunxrv.

406 521 485 598 tta
495 543 578 592 eum
596 517 643 590 sd
657 535 842 618 aspectum
859 519 982 616 potuim
997 520 1253 616 pervenissem,
1268 515 1477 594 concidente
1491 543 1597 618 pan-

274 643 372 716 urim
392 657 511 730 ressa,
534 658 604 716 tam
630 647 813 714 remissam
833 657 871 714 et
884 639 1092 740 languidam
1103 643 1363 740 navigationem
1385 641 1529 740 egebat,
1543 659 1597 735 ut,

274 789 483 865 quanquam
498 787 680 862 propassn
696 763 775 836 nelo
793 781 969 854 uteretur,
996 789 1040 838 eo
1057 763 1131 836 fere
1155 764 1224 840 loci
1241 765 1337 841 diem
1359 768 1598 860 opperiretur,

180 965 187 980 ,
274 889 338 962 ati
354 894 492 960 ndctem
511 888 694 986 ingressus
709 888 835 960 iueuat
890 884 960 958 Sed
973 913 1057 960 cum
1069 886 1242 990 Zephyris
1260 887 1480 978 deficeretur,
1498 911 1597 984 pro·-

273 1035 416 1084 eessnm
438 1035 458 1081 a
482 1012 635 1108 remigio
651 1027 834 1082 mutuatus
850 1026 911 1082 est.
974 1007 1137 1084 Tandem
1158 1010 1308 1084 obuiam
1328 1007 1457 1084 Eskilli
1479 1025 1598 1084 ratem

273 1141 464 1232 ingressus,
490 1135 652 1205 scaniam
674 1139 848 1230 repetivit.
906 1135 976 1224 Qui
993 1133 1184 1208 uaesanae
1201 1157 1282 1204 eom
1307 1138 1486 1230 prosecuti
1506 1129 1597 1212 lnc-

273 1275 369 1346 rant,
418 1255 604 1328 sialandiae
631 1253 793 1354 partibas
823 1243 1060 1329 advehuntur.
1127 1259 1230 1330 Tunc
1248 1261 1374 1330 Petrus
1397 1254 1596 1344 Rennaois,

272 1379 553 1478 eloquentissimi
568 1381 653 1469 riri,
679 1378 877 1474 imperitam
898 1374 1125 1450 calliditatem
1148 1377 1296 1457 eludere
1315 1382 1483 1477 cupiens,
1515 1399 1595 1450 non

271 1503 389 1577 solnm
404 1525 527 1594 nexos,
545 1501 730 1575 sedetiam
748 1498 900 1595 remiges
924 1521 1020 1586 suns,
1042 1515 1084 1574 ut
1103 1497 1237 1596 praedes
1253 1503 1409 1598 speeiem
1431 1516 1594 1598 sugeret,

271 1629 309 1698 in
325 1626 489 1698 eminenti
505 1627 636 1725 navigii
653 1639 754 1723 parte
769 1623 965 1706 constitnit,
992 1623 1220 1718 captivorum
1239 1625 1429 1724 imaginent
1447 1623 1593 1721 patebi-

271 1766 384 1822 turoe.
435 1751 552 1840 Quem
575 1773 661 1820 cum
673 1751 800 1820 ltanno
825 1742 968 1816 liburna
993 1759 1266 1840 praetereuntem
1298 1745 1444 1839 videret,
1466 1745 1592 1828 disso-

270 1871 441 1945 lutionem
460 1871 589 1968 navigii
608 1868 775 1944 simulare
792 1863 1007 1956 desiderans,
1032 1873 1165 1943 sentina
1182 1893 1316 1966 aquam
1336 1875 1443 1970 egeri,
1467 1871 1593 1946 inors-

270 1995 354 2092 pitis
380 1998 499 2066 acrius
519 1992 738 2090 remigibus,
770 1987 886 2087 jubet.
945 1991 1049 2064 'func
1077 1990 1236 2090 quodam
1259 1991 1519 2088 respondente,
1540 2019 1592 2066 eo

271 2115 391 2190 trirluo
405 2118 577 2188 serrtinaua
594 2139 688 2212 aqua
705 2135 862 2198 vacasse,
877 2112 957 2188 Nun
972 2117 1046 2200 rite,
1073 2117 1187 2212 inquit
1202 2119 1336 2204 Petrus,
1355 2119 1509 2212 remiges
1523 2116 1593 2204 tui,

271 2237 406 2337 quibus
422 2242 649 2334 terespnnsis
660 2245 820 2338 exeipuc
834 2235 999 2322 debeant,
1015 2233 1153 2312 callent.
1203 2239 1449 2329 TuncRsnnm
1460 2241 1593 2336 paucis

269 2365 358 2434 intra
376 2361 467 2432 Petri
485 2360 667 2460 navigium
683 2363 829 2460 remigia
845 2363 1037 2455 occupatis,
1061 2359 1184 2436 otiosae
1199 2359 1399 2458 juventutis
1412 2359 1587 2437 'multitu-

268 2481 387 2554 dinem
403 2499 526 2555 merto
538 2486 650 2580 eapite
673 2487 912 2584 conspicatus,
934 2479 1096 2578 praedam
1120 2481 1365 2571 existimabat,
1381 2485 1589 2582 quietisque

264 2628 341 2676 snae
355 2610 562 2702 paenitentia
585 2625 795 2706 permotus,
820 2633 891 2682 nnn
913 2600 1070 2680 similiter
1090 2604 1179 2694 sihi,
1198 2622 1236 2684 at
1255 2609 1378 2698 Petro,
1403 2605 1592 2684 &mnam

265 2725 409 2800 siluisse
425 2725 578 2818 dicebat,
593 2730 708 2828 quod,
721 2729 896 2828 naufragii
905 2728 1065 2830 periculo
1080 2727 1338 2827 iuer-pellente,
1352 2727 1594 2830 expeditionis

266 2873 390 2924 comes
402 2854 551 2923 existere
573 2855 800 2951 nequivisset.
1246 2925 1249 2936 ,

403 2977 587 3046 Autumno
617 2999 680 3046 reu
711 2977 836 3050 crebra
869 2975 1150 3050 sialandensium
1177 2999 1219 3048 ac
1243 2977 1455 3064 scenarum,
1498 2999 1589 3051 mete

266 3117 354 3167 uero
378 3097 578 3168 tannetum
610 3121 718 3172 nuso
744 3104 968 3197 provinciam
992 3105 1111 3174 Areon
1141 3099 1224 3174 urbi
1258 3099 1438 3176 confinem
1462 3097 1584 3176 adan-

265 3233 342 3308 tus,
372 3243 476 3304 cmo,
510 3220 645 3317 ingenti
661 3221 786 3319 penda
808 3241 907 3314 acta,
931 3223 977 3296 ad
1003 3221 1113 3297 littus*
1132 3237 1388 3316 reverteretur,
1416 3227 1590 3324 Rugieni,

263 3355 485 3437 repetentem
515 3365 626 3416 nares
657 3347 845 3418 exercitum
878 3346 1079 3444 iisdemque
1107 3342 1320 3420 scandendis
1352 3352 1524 3424 interttnm
1557 3377 1590 3426 a

263 3477 366 3560 tergo
392 3487 461 3562 per
489 3462 634 3536 insidias
669 3468 958 3544 encuneiundere
982 3473 1187 3568 gestientes,
1218 3473 1361 3568 magnis
1382 3471 1518 3547 veiha
1542 3475 1589 3550 in

261 3582 415 3660 insulam
440 3609 461 3659 c
483 3586 673 3660 cont‘useoti
694 3592 879 3690 trajiciunt
940 3595 1006 3663 Per
1028 3589 1125 3663 iden
1139 3607 1287 3690 tempus
1307 3611 1433 3668 coorta
1453 3595 1584 3670 nebu-

261 3703 307 3780 lo
334 3709 386 3780 vis
411 3709 564 3805 spissam
591 3709 684 3783 eaelo
710 3711 898 3814 caliginem
915 3713 1069 3788 intendit.
1131 3717 1224 3805 Quae
1245 3739 1304 3788 ree
1323 3722 1486 3794 incertos
1508 3727 1582 3794 rioe

260 3829 384 3906 Danas
401 3846 509 3928 atque
523 3855 646 3906 errore
660 3833 806 3908 nebulas
820 3837 1016 3934 implicatos
1042 3835 1251 3934 aliquandiu
1271 3839 1465 3914 subsistere
1483 3867 1581 3916 eae-

260 3951 320 4048 gir.
373 3951 606 4048 Crediderim,
620 3955 717 4031 hunc
732 3959 1000 4032 aerishabitum
1013 3961 1180 4057 propitiae
1205 3960 1361 4036 fortunae
1376 3967 1586 4040 interuentu

260 4071 393 4150 futurae
405 4101 534 4152 corsua
551 4081 709 4154 victoriae
729 4085 901 4180 paruisse.
967 4085 1120 4180 Jamque
1143 4081 1280 4176 Seluvi,
1307 4088 1395 4183 qnia
1420 4089 1583 4164 nubium

305 4346 390 4406 ¹1t0s
405 4371 468 4408 eam
484 4349 685 4432 celamentum
696 4355 804 4438 pntn'ce
812 4377 884 4440 per·
943 4353 1040 4417 varies
1074 4351 1204 4418 minutas
1236 4358 1474 4423 circumstantias
1505 4361 1582 4424 atti-

257 4447 394 4526 aeet'sret]
427 4452 584 4518 &aarum
603 4455 695 4539 hujus
717 4455 883 4544 expeditio-
944 4461 1007 4544 git,
1037 4459 1265 4524 altercationem
1289 4465 1482 4534 deemeri
1503 4487 1580 4532 ann

257 4553 304 4618 aia
320 4567 407 4621 autor
425 4557 562 4622 hietueiae
579 4563 812 4648 liaytlingnrtnn
827 4564 883 4626 mi·
944 4567 1117 4644 libatione,
1149 4570 1316 4651 procellam
1340 4591 1431 4634 nares
1464 4593 1581 4638 vexan-

257 4680 313 4722 nus
326 4675 464 4726 accurate
478 4663 638 4750 descripsit
656 4681 686 4732 et
703 4670 783 4732 haud
799 4682 882 4734 recte
945 4687 1019 4750 tem,
1038 4675 1148 4735 saltum
1164 4675 1353 4740 Waldemari
1375 4698 1410 4740 cx
1425 4701 1484 4742 una
1501 4683 1581 4744 nesi

257 4765 293 4828 ad
307 4766 517 4833 annumildss
533 4775 771 4854 transtulit,cum
785 4779 883 4861 prima
944 4781 973 4842 iu
1006 4781 1147 4858 alteram,
1182 4795 1213 4843 et
1240 4781 1374 4866 pendens
1406 4785 1582 4850 Grenmari

256 4886 344 4962 parte
357 4875 427 4936 anni
442 4873 523 4938 1159
538 4891 675 4962 suscepta
689 4878 791 4944 fuerit.
822 4883 883 4946 Sed
944 4885 1114 4964 consilinm,
1128 4909 1159 4972 p.
1173 4873 1347 4954 3734374.
