3582 5466
366 309 440 381 590
707 251 884 382 ΙΗῙΒΤΟΒ.
902 311 1007 383 DAN.
1023 313 1160 382 LIBER
1175 315 1235 386 Xl.

312 535 476 625 parceret
500 523 725 618 exspectanti.
785 519 950 594 Eundem
973 519 1032 595 die
1059 539 1201 621 postera
1225 549 1287 598 rex
1314 525 1495 624 prioribus
1523 529 1623 624 paria

312 644 536 746 pollicentem
561 640 607 714 ad
623 640 837 740 speculanda
854 642 1035 718 seditionis
1053 662 1129 718 aeta
1145 646 1298 734 dimittit,
1322 672 1624 744 communemque

311 771 449 844 bostem
472 769 560 837 inter
589 787 628 836 se
649 779 683 836 et
711 763 861 863 vulgum
886 766 1048 839 creandae
1081 773 1181 865 pacis
1214 785 1390 842 auctorem
1423 773 1623 868 assumpsit.

312 897 385 965 Nec
400 888 501 964 solita
517 887 635 986 legato
653 886 803 984 perfidia
823 887 941 962 defuit.
1001 892 1113 989 Cujus
1137 891 1311 988 pestiferis
1337 895 1476 964 monitis
1492 894 1623 966 instin-

313 1034 368 1090 cta
387 1011 489 1112 plebs
511 1010 754 1083 vehementius
769 1009 959 1086 adversum
975 1016 1074 1110 regis
1090 1029 1198 1111 caput
1214 1017 1531 1088 consternationem
1558 1011 1622 1086 di-

312 1139 454 1213 strinxit.
506 1136 665 1206 Canutus
680 1139 827 1221 interim,
843 1135 1058 1233 quotidianis
1072 1159 1255 1208 sacrorum
1270 1135 1479 1210 solennibus
1495 1163 1622 1212 assue-

311 1280 378 1350 tus,
411 1254 564 1355 nequid
590 1253 751 1351 religioni
778 1275 1015 1355 praeponeret,
1039 1258 1164 1331 Albani
1190 1256 1303 1331 aedem
1334 1281 1469 1334 sacram
1495 1286 1563 1360 pro
1583 1287 1622 1334 se

311 1383 569 1481 deprecaturus
605 1376 749 1449 accedit.
838 1383 983 1478 Quippe
1013 1381 1179 1479 precibus
1213 1408 1316 1473 eum,
1340 1405 1449 1481 quam
1481 1382 1622 1456 bostem

312 1509 428 1594 armis,
449 1499 601 1600 nequid
620 1501 752 1572 caritati
769 1499 981 1592 detraheret,
1004 1502 1153 1603 aggredi
1170 1497 1389 1603 praeoptavit.
1452 1507 1520 1581 Ubi
1534 1505 1620 1580 dum

311 1629 472 1727 religioni
497 1620 659 1696 vacando
683 1621 797 1694 oflicia
827 1628 1015 1699 sanctitatis
1045 1629 1245 1724 exequitur,
1270 1644 1497 1702 consternante
1520 1627 1621 1700 mul·-

311 1751 467 1826 titudinis
488 1771 619 1820 corona
637 1751 745 1817 armis
759 1749 956 1820 sacrarium
971 1747 1105 1822 clausit.
1157 1751 1345 1848 Quotquot
1361 1777 1446 1851 ergo
1462 1777 1505 1824 ex
1522 1749 1622 1824 mili-

311 1875 407 1948 tibus
434 1871 569 1944 bostem
590 1893 810 1978 praecurrere
826 1886 1006 1967 poterant,
1035 1871 1183 1969 periculi
1204 1881 1420 1948 consortium
1446 1873 1622 1948 affectan-

310 2015 364 2072 tes
378 2020 497 2094 regem
515 1992 694 2090 petebant,
712 1994 791 2090 ejus
806 1995 841 2064 in
860 2019 898 2066 se
916 2000 1015 2090 ipsos
1032 1993 1221 2070 discrimen
1246 1995 1493 2070 transfundere
1507 1995 1620 2090 cupi·-

311 2137 420 2194 entes.
480 2120 645 2212 Cumque
666 2113 814 2188 salutem
845 2140 986 2190 secessu
1023 2126 1195 2218 consequi
1226 2136 1390 2217 possent,
1419 2112 1619 2216 periculum

310 2243 496 2344 presentia
516 2241 744 2337 quaesierunt,
759 2255 944 2337 morteque
958 2239 1041 2314 clari
1062 2266 1171 2340 quam
1197 2241 1281 2339 fuga
1302 2247 1366 2314 tuti
1382 2240 1458 2314 fieri
1473 2235 1620 2310 malue-

309 2383 401 2440 runt.
455 2367 593 2455 Quanta
609 2385 721 2458 porro
737 2358 953 2434 humanitate
978 2361 1176 2438 clientelam
1191 2365 1285 2438 hanc
1306 2363 1511 2437 abundasse
1531 2385 1619 2432 cree-

310 2490 448 2577 demus,
464 2511 558 2584 quse,
573 2509 618 2556 ue
634 2482 806 2556 infelicem
822 2483 954 2557 domini
979 2485 1156 2563 fortunam
1176 2487 1361 2575 desereret,
1376 2485 1540 2584 periculo
1555 2505 1619 2556 se-

309 2639 360 2705 se,
383 2609 483 2710 quod
502 2611 612 2680 vitare
631 2605 773 2694 licebat,
788 2609 968 2705 opposuit,
989 2611 1097 2706 inque
1114 2635 1240 2708 magna
1257 2607 1416 2708 fugiendi
1430 2608 1536 2704 copia
1552 2625 1618 2676 sa·-

308 2736 418 2809 lutem
443 2734 532 2830 regis
558 2755 666 2826 quam
690 2753 794 2801 suam
822 2733 913 2802 tueri
941 2738 1050 2805 satius
1079 2731 1202 2806 duxit?
1226 2730 1438 2806 Benedictus
1460 2749 1620 2828 quoque,

308 2855 527 2930 fraternitatis
551 2879 680 2926 nexum
698 2851 773 2924 lide
790 2857 961 2935 imitatus,
988 2855 1023 2925 iu
1053 2853 1188 2952 templo
1210 2879 1294 2927 oum
1319 2854 1427 2926 fratre
1443 2857 1617 2926 commori

308 2980 551 3054 destinaverat.
619 2978 746 3048 Ericus
761 2999 858 3065 vero,
882 3000 1044 3048 seorsum
1077 2975 1124 3048 ab
1147 2974 1250 3050 hoste
1275 2976 1505 3065 conclusus¹,
1533 2993 1620 3044 cum

308 3101 408 3173 solus
425 3095 681 3170 multitudinem
697 3100 866 3170 sustinere
882 3101 1053 3196 nequiret,
1067 3123 1134 3196 per
1154 3097 1290 3172 medios
1311 3099 1469 3172 hostium
1485 3094 1618 3195 globos

308 3224 405 3296 ferro
420 3243 597 3293 secessum
615 3219 755 3292 molitus
770 3223 897 3318 erupit.
951 3225 1063 3312 Tune,
1080 3227 1220 3296 nemine
1236 3221 1411 3320 religiosae
1426 3221 1525 3320 pacis
1540 3215 1617 3288 do-

306 3343 476 3418 micilium
500 3340 673 3414 violenter
696 3345 896 3438 irrumpere
911 3362 1171 3440 presumente,
1198 3347 1336 3443 primus
1360 3344 1500 3432 Blacco,
1518 3365 1616 3414 cun-

308 3467 484 3542 ctantibus
500 3467 645 3554 eaeteris,
662 3464 757 3537 ferro
773 3465 895 3538 valvas
908 3472 1042 3563 petivit,
1060 3466 1245 3566 ductuque
1265 3489 1332 3538 suo
1349 3465 1499 3540 eandem
1518 3491 1618 3538 cun-

307 3597 370 3666 ctis
386 3589 560 3662 licentiam
577 3587 706 3660 tribuit.
757 3591 806 3660 lta
824 3613 862 3662 se
878 3615 950 3660 non
966 3587 1136 3688 sacrilegii
1149 3587 1269 3678 modo,
1287 3588 1470 3662 sedetiam
1487 3583 1617 3686 publi-

305 3719 335 3786 ci
358 3710 536 3812 parricidii
558 3710 688 3784 ducem
714 3727 970 3809 auctoremque
1001 3710 1167 3785 exhibuit.
1245 3712 1353 3805 Quod
1374 3710 1497 3786 videns
1512 3707 1616 3808 plebs

305 3841 482 3910 concitato
505 3833 682 3906 seditionis
706 3853 805 3908 motu
830 3834 1002 3932 templum
1025 3835 1249 3934 aggreditur,
1278 3859 1395 3933 coque
1419 3837 1617 3932 irruptione

304 3961 409 4048 facta,
429 3958 567 4031 divinos
581 3956 673 4030 lares
696 3983 737 4030 ac
761 3960 978 4064 sanctissima
1002 3957 1196 4054 penetralia
1217 3957 1386 4057 sacrilega
1408 3969 1617 4056 tempestate

305 4081 465 4156 foedavit·
514 4082 643 4153 Verum
660 4079 788 4152 Blacco
806 4086 839 4152 in
857 4086 955 4179 ipso,
981 4106 1091 4178 quem
1114 4083 1310 4180 irruperat,
1332 4079 1430 4154 aditu
1451 4075 1615 4152 trucida·-

302 4221 371 4296 tua,
386 4203 477 4280 datis
496 4203 672 4302 parricidii
695 4202 856 4300 piaculis,
872 4203 991 4278 violati
1016 4208 1158 4278 sacrarii
1171 4227 1298 4301 poenas
1316 4201 1495 4302 pependit
1515 4203 1615 4274 Mors

304 4329 383 4426 ejus
400 4327 632 4400 interfectoris
647 4326 741 4398 exitu
757 4324 933 4398 vindicata
951 4345 1012 4402 est.
1081 4331 1204 4428 ltaque
1226 4325 1370 4399 alterius
1391 4327 1465 4399 fato
1487 4320 1617 4415 scelus,

350 4587 477 4647 ¹Ericus
495 4627 516 4644 ..
539 4585 575 4643 ab
591 4584 671 4644 hoste
692 4581 856 4663 conclusus]
872 4585 932 4646 Re·
986 4585 1124 4649 tudinem
1162 4586 1264 4670 paucis
1298 4587 1444 4671 stipatum
1478 4581 1612 4666 erupisse

304 4689 365 4752 fert
380 4687 505 4753 historia
527 4687 759 4769 Ilnytlingorum
775 4687 819 4772 (p.
843 4687 931 4769 277),
988 4704 1087 4778 atque,
1111 4693 1176 4754 aliis
1196 4711 1230 4754 ex
1248 4691 1451 4758 turbabostili
1467 4687 1548 4753 haud
1571 4689 1611 4750 ad

303 4800 427 4862 Ericum
450 4800 480 4882 in
506 4794 621 4878 templo
643 4791 767 4854 fortiter
794 4817 932 4878 pugnan—
988 4819 1056 4859 eum
1073 4797 1318 4877 attendentibus,
1340 4799 1406 4864 aliis
1430 4797 1457 4860 ei
1482 4795 1614 4860 larenti-

301 4917 374 4986 tem,
395 4923 467 4990 rego
486 4901 606 4964 demum
621 4899 733 4976 occiso,
754 4919 810 4982 per
829 4903 931 4964 multi·
988 4903 1054 4982 bus,
1072 4906 1208 4970 erasisse.
