3536 5462
352 281 427 352 930
675 277 851 351 Hlsaott
867 279 973 350 DAN.
993 275 1131 352 LIBER
1146 277 1237 354 xlv.

298 511 429 588 poenas
450 485 592 562 dedere
649 491 742 562 Nam
758 490 924 563 Kanutus
948 487 1083 566 crebris
1110 485 1323 564 vulneribus
1347 475 1539 590 exceptus,
1565 489 1617 564 nb

280 608 500 712 'agrestibus
524 627 672 710 captus,
696 609 873 702 eundem,
906 637 1015 711 quem
1036 615 1210 712 Magnus,
1243 635 1421 686 carcerem
1443 629 1619 712 expertus

300 751 370 828 est,
403 729 569 832 supplicii
595 737 732 806 socium
751 737 923 826 sortitus,
957 759 1066 832 quem
1103 735 1271 810 facinoris
1307 751 1517 810 consortem
1540 731 1620 810 ba·
1752 768 1753 798 t

300 855 438 932 buerat.
489 853 646 930 Karalus
669 854 845 930 mortifico
868 854 1016 932 vulnere
1031 857 1196 948 obrutus,
1208 855 1364 956 parvrrlo
1379 859 1447 938 viae
1463 883 1619 936 excessu

298 983 421 1078 petito,
443 977 571 1054 fortem
591 980 757 1078 spiritum
784 981 874 1052 inter
897 977 1027 1054 molles
1056 979 1227 1054 arborum
1258 978 1408 1056 frondes
1432 968 1619 1081 deposuit,

299 1101 440 1176 felicior
457 1102 558 1176 obitu
581 1127 691 1200 quam
714 1099 823 1176 irater
847 1103 929 1178 vita.
977 1105 1160 1195 ¹Quorum
1182 1103 1436 1200 patrimonium
1447 1103 1619 1180 ‘Weide—
1646 1187 1648 1194 ¹

266 1247 270 1282 ¹
300 1249 422 1300 marus
446 1223 546 1324 lege,
572 1251 655 1325 quae
676 1225 797 1324 punire
820 1247 901 1298 reos
923 1224 1094 1298 omnibus
1117 1223 1223 1298 bonis
1249 1222 1415 1320 daumat,
1447 1223 1620 1325 adeptus,
1753 1256 1754 1286 t

300 1349 479 1446 insperata
497 1374 611 1448 opum
623 1351 839 1422 incrementa
859 1347 1042 1422 contraxit.
1092 1349 1203 1446 Igitur
1219 1347 1342 1420 Karoli
1358 1373 1493 1448 corpus
1507 1367 1620 1450 putre

301 1467 536 1569 postmodum
559 1472 607 1545 ab
623 1471 797 1571 indigenis
815 1483 1000 1567 repertum
1017 1466 1235 1544 documento
1253 1469 1331 1544 sore
1348 1475 1476 1570 potuit,
1500 1469 1621 1546 aliem

302 1593 441 1694 lastigia
463 1619 546 1668 cum
563 1598 722 1693 proprior
739 1607 946 1690 contemptu
964 1591 1116 1666 fortunae
1134 1591 1423 1692 concupiscenda
1438 1617 1511 1668 non
1527 1619 1620 1670 csse·

404 1719 488 1790 Post
509 1714 590 1790 haec
618 1717 803 1808 Heminae,
830 1715 880 1788 ob
914 1717 1105 1790 exercitum
1129 1717 1269 1792 ‘Cmsari
1288 1711 1481 1790 adversum
1506 1715 1619 1792 italos
1754 1809 1755 1824 χ

302 1855 486 1939 negatum,
500 1837 754 1938 gravembello
771 1837 945 1914 offensam
961 1853 1141 1936 expertus,
1156 1863 1273 1938 quum
1290 1855 1397 1913 tantae
1412 1839 1463 1912 rei
1481 1837 1621 1914 molem

302 1961 440 2038 viribus
454 1968 528 2038 suis
542 1964 715 2062 majorem
731 1976 900 2052 semmei,
915 1958 1187 2034 Waldemnrum
1203 1959 1273 2038 sibi
1286 1961 1459 2038 obviam¹
1480 1960 1619 2036 crebris

303 2085 435 2159 nuntiis
464 2100 672 2180 evocatum,
710 2087 924 2186 pertransito
954 2100 1084 2184 ponte,
1114 2084 1220 2183 cujus
1244 2088 1472 2184 nunquam²
1510 2099 1622 2158 antea

305 2205 495 2282 dimidium
521 2205 695 2282 excedere
711 2223 964 2300 consueverat,
993 2231 1061 2307 per
1080 2231 1259 2318 summam
1283 2224 1420 2284 mutue
1441 2204 1524 2282 fidei
1543 2233 1620 2282 er-

304 2329 544 2406 hortationem
569 2328 701 2406 obnixa
721 2329 841 2404 auxilii
864 2329 1034 2430 petitione
1057 2311 1266 2406 sollicitat³.
1318 2328 1421 2405 Adeo
1434 2328 1623 2430 superbie
1755 2349 1756 2356 ’

303 2454 496 2528 necessitas
528 2457 699 2552 imperat,
737 2453 924 2554 {astusque
958 2453 1149 2549 infortunio
1181 2453 1361 2531 domatur.
1426 2449 1486 2526 td
1515 2451 1622 2550 qnod

306 2601 367 2650 rer
393 2601 433 2651 se
464 2574 564 2650 nullo
588 2575 675 2650 fidei
704 2575 828 2652 debito
860 2575 1029 2676 compelli
1057 2577 1251 2675 praefatus,
1288 2575 1449 2650 amicitiae
1477 2589 1621 2668 mma,

305 2723 416 2799 quam
444 2697 532 2774 olim
553 2725 635 2774 cum
660 2725 704 2774 eo
726 2701 891 2800 junxerit,
915 2700 945 2773 si
967 2700 1108 2782 monitis
1122 2701 1195 2773 suis
1210 2697 1499 2798 obtemperatum
1514 2698 1623 2794 ieret,

306 2803 498 2896 affuturum
522 2825 702 2923 promittit.
753 2826 866 2924 Igitur
886 2823 1050 2917 Henrico,
1070 2845 1236 2920 quaenam
1262 2819 1343 2895 htec
1367 2835 1496 2913 essent,
1522 2846 1622 2925 cog-

305 2969 454 3019 noscere
476 2951 661 3046 cupiente‚
683 2971 798 3046 quum
821 2961 1020 3037 terrenum,
1054 2945 1189 3044 inquit,
1216 2944 1472 3044 imperatorem
1497 2959 1623 3050 attenss

308 3085 385 3142 tare
411 3074 500 3144 inter
524 3068 638 3144 ardua
655 3068 819 3162 ducatur,
838 3065 952 3141 multo
973 3065 1158 3142 coelestem
1179 3065 1352 3142 lacessere
1370 3054 1623 3169 periculosius,

307 3196 371 3290 qui
394 3195 542 3291 proprio
565 3208 675 3285 nutu,
698 3210 827 3292 practer
849 3191 1049 3266 humanum
1074 3187 1343 3282 adminiculum,
1368 3213 1546 3290 prospera
1562 3191 1625 3267 rel

308 3312 458 3388 adversa
472 3313 597 3390 allerre
612 3316 823 3394 mortalibus
844 3316 966 3416 possit.
1019 3318 1137 3409 Quem
1152 3317 1184 3390 si
1194 3317 1382 3402 Esuriens,
1403 3313 1625 3415 jampridem

308 3461 331 3512 a
355 3461 396 3512 se
417 3437 676 3537 pontificalium
697 3441 880 3516 bonorum
901 3437 1035 3537 rapinis
1060 3435 1261 3529 offensum,
1285 3437 1454 3538 congmis
1475 3455 1626 3514 restau-

308 3560 454 3636 rationis
477 3561 603 3646 officiis
625 3562 896 3664 complanasset,
922 3558 1106 3636 victoriam
1122 3574 1239 3634 mente
1252 3583 1474 3659 praesumere
1487 3577 1627 3662 posset,

309 3681 444 3782 alioqui
469 3681 606 3760 bellum
630 3701 760 3761 temere
780 3702 993 3780 conaturum
1036 3679 1139 3780 quod
1162 3683 1209 3775 si,
1232 3681 1363 3757 infesto
1385 3681 1476 3776 deo,
1510 3707 1624 3757 com-

309 3814 465 3882 muniter
481 3806 528 3882 ab
556 3809 640 3911 ipsis
664 3815 953 3901 committeretur,
979 3802 1105 3879 ambos
1125 3801 1221 3880 hosti
1239 3804 1423 3880 victoriam
1445 3827 1625 3882 memus.

309 3933 435 4032 Neque
455 3934 551 4006 enim
574 3930 728 4009 dubium
744 3933 843 4026 fore,
865 3934 955 4034 quin
971 3925 1109 4004 caduca
1124 3951 1168 4002 ac
1183 3926 1304 4030 fragili
1316 3930 1472 4028 potentia
1486 3951 1625 4004 usurus

358 4281 368 4314 ¹
392 4279 456 4341 Sili
471 4278 598 4362 obtem]
612 4283 658 4345 lte
677 4279 723 4345 ed.
741 4301 790 4365 pr.
806 4275 937 4363 Stepha-
992 4273 1297 4360 antepenultimam
1320 4274 1410 4338 illum
1436 4283 1625 4340 conventum

313 4381 357 4444 nii
378 4381 472 4448 editio
493 4385 587 4452 babet
606 4389 803 4470 ciliciorum,
824 4381 939 4450 Iilotzii
992 4406 1018 4448 e
1030 4381 1110 4448 1171
1127 4382 1252 4448 solitura
1267 4400 1333 4448 esre
1348 4379 1484 4446 medinm
1495 4391 1628 4467 pontem

312 4511 343 4550 se
363 4491 484 4554 obvium.
951 4559 956 4568 .
991 4491 1058 4576 regi
1078 4491 1201 4556 ebriam
1218 4488 1402 4574 transgredi.

359 4597 372 4631 ²
395 4597 486 4677 Cujus
503 4621 649 4682 nunquam
737 4591 937 4676 concreverat]
1037 4602 1051 4640 ³
1076 4600 1194 4662 Aner'lii
1204 4638 1264 4660 ....
1278 4592 1433 4674 sollicitet]
1444 4595 1514 4656 Huc
1520 4599 1630 4654 aute

313 4699 393 4770 Saxo
410 4699 441 4762 b·
462 4700 601 4767 Lbrevis
618 4715 664 4768 est
676 4705 847 4782 nemerim
867 4719 939 4766 mm
993 4699 1113 4769 ..1180
1130 4703 1248 4770 facturn
1266 4702 1406 4783 videtum
1421 4721 1450 4768 r.
1469 4697 1569 4783 disqu.
1586 4694 1629 4762 d·

312 4825 405 4892 cupra
421 4827 493 4894 pag.
513 4803 575 4876 887
594 4819 724 4876 testatur
739 4811 818 4898 ipre,
830 4809 939 4876 ducem
992 4811 1132 4878 ebreum.
