3508 5460
343 317 419 395 818
676 316 853 389 tttsrott
868 317 976 390 bart.
995 317 1135 390 Ltuttu
1149 318 1240 390 XIV.

290 547 364 624 tus,
389 554 516 606 verum
534 533 639 602 etiam
655 527 755 601 laetos
778 551 951 602 occursus
979 523 1114 602 habuit.
1163 531 1236 604 Nec
1257 525 1390 620 hostis,
1415 527 1482 606 scd
1509 529 1611 606 ducis

292 677 393 728 ruore
415 676 582 727 sermone
609 676 692 724 cnm
726 648 850 724 incolis
883 647 1027 740 habito,
1067 651 1302 726 concionibus
1326 676 1426 726 arma
1451 657 1611 730 mutavit

290 781 453 870 Quorum
476 773 728 848 benevolentia
744 767 835 844 adeo
857 770 1074 862 delectatus,
1098 786 1138 845 ut
1152 771 1311 847 hostium
1329 773 1611 872 oblivisceretur,

292 901 478 997 otiosaque
500 893 718 995 procedendi
734 892 898 968 tarditate
920 887 1090 978 eximium
1112 893 1264 995 Erlingo
1285 898 1609 976 contrahendarum

290 1025 422 1094 virium
443 1035 586 1118 tempus
605 1016 756 1116 reliquit.
816 1015 1029 1117 Magnitudo
1048 1018 1220 1091 exercitam
1237 1021 1316 1119 ejus
1336 1014 1440 1095 laetos
1461 1023 1611 1096 Wicen„

290 1149 383 1219 sium
403 1142 530 1216 oculos
549 1143 584 1213 in
606 1165 646 1214 se
663 1147 845 1214 convertit
897 1143 1081 1238 Navigatio
1097 1165 1246 1238 quoque
1262 1140 1340 1238 ejus
1355 1147 1464 1242 gratis
1480 1169 1610 1219 eorum

289 1252 489 1341 luminibus
516 1281 663 1362 aspecta
678 1263 812 1339 liberos
832 1263 1032 1362 impetravit
1047 1287 1228 1337 excursus.
1281 1265 1475 1340 Enimvero
1501 1279 1613 1342 com-

290 1389 416 1491 plores
430 1389 467 1460 in
481 1390 674 1487 angustias,
692 1413 760 1486 per
776 1410 868 1484 quas
886 1383 990 1459 classi
1007 1385 1158 1458 seriatim
1177 1384 1371 1460 meandum
1392 1403 1479 1479 erat,
1505 1387 1612 1485 mulf

290 1512 448 1588 titudinis
468 1512 550 1610 ejus
567 1508 800 1583 admiratione
814 1509 1003 1607 protracti,
1022 1515 1107 1606 ‘quo
1127 1513 1256 1584 certius
1278 1511 1507 1612 navigiorum
1530 1539 1610 1588 uu-

289 1661 431 1711 merum
460 1630 785 1733 deprehenderent,
821 1655 896 1704 non
919 1628 1092 1723 nocendi,
1131 1628 1197 1704 sed
1224 1609 1412 1731 spectandi
1439 1633 1610 1711 aviditate

289 1757 381 1834 edita
402 1756 482 1831 loca
505 1756 745 1856 complebant.
800 1753 1113 1854 Tunshergeuses,
1138 1778 1214 1852 quo
1230 1757 1367 1830 caeteris
1389 1782 1515 1858 regem
1532 1766 1608 1834 im-

290 1881 438 1982 pensius
453 1876 632 1972 colerent,
666 1878 800 1954 finibus
822 1880 897 1954 suis
918 1879 1105 1975 exceptum
1126 1873 1409 1954 honoratisstmae
1422 1885 1611 1980 processi·-

290 1986 369 2082 onis
383 2003 506 2079 officio
522 2005 678 2078 venerati
691 2017 784 2094 sunt,
797 2000 971 2100 religione
983 1999 1168 2074 servitium
1185 2001 1421 2080 cumulantes.
1472 2008 1612 2110 Erlingi

289 2129 429 2221 milites,
454 2128 750 2227 quisuperiorem
765 2126 858 2224 regis
875 2121 1068 2196 adventum
1085 2123 1296 2200 munimenti
1312 2124 1383 2203 illic
1399 2132 1456 2205 siti
1473 2131 1611 2207 fiducia

290 2264 510 2351 spreverant,
535 2266 748 2348 praesentem
764 2247 860 2348 fugae
876 2243 1112 2319 declinatione
1129 2245 1316 2323 cavebant.
1367 2253 1462 2346 Rex,
1486 2279 1609 2356 supe-

289 2391 368 2450 rato
382 2374 488 2466 clivo,
513 2371 846 2470 collustrataerupis
863 2393 1035 2444 cacumen
1056 2374 1213 2460 miratus,
1237 2372 1519 2473 inexpugnabile
1536 2377 1609 2454 loci

289 2498 497 2598 praesidinm
514 2494 796 2596 comprobabat,
820 2497 903 2567 artis
917 2518 1012 2593 opus
1030 2490 1303 2568 transcendente
1325 2512 1461 2573 natura.
1510 2503 1610 2577 Fer-

288 2639 358 2717 tur,
371 2603 509 2696 interim
523 2619 711 2718 Erlingum
727 2615 918 2724 cujusdam
934 2622 1033 2692 sinus
1051 2618 1439 2718 angustias,Danorum
1453 2625 1612 2726 nariga-

289 2747 378 2821 tioui
395 2759 638 2845 opportunas,
663 2737 880 2842 prohibendi
903 2743 1070 2818 transitus
1108 2739 1222 2842 gratia
1254 2741 1391 2820 crebris
1415 2745 1611 2822 machina-

289 2893 372 2942 rum
391 2868 574 2942 tormentis
590 2865 763 2956 vallasse,
796 2862 882 2963 plus
908 2861 1074 2936 locorum
1097 2860 1294 2938 difficultati
1318 2889 1430 2964 quam
1450 2873 1611 2971 propriis

289 2991 427 3065 viribus
442 2991 479 3062 in
495 2988 706 3090 excipiendo
722 2988 825 3063 hoste
840 2983 1087 3096 confidentem.
1139 2989 1371 3086 Quapropter
1387 3015 1462 3082 rex,
1487 2992 1611 3067 tardi-

203 3111 206 3118 ’
290 3114 458 3188 tatis‘suae
473 3110 701 3212 dispendium
715 3126 912 3203 execratus,
927 3123 1072 3184 vocatos
1087 3108 1223 3184 amicos
1239 3110 1425 3187 celeritatis
1435 3113 1614 3189 exhorta-

292 3235 392 3309 tione
408 3229 591 3330 sollicitat;
618 3231 906 3308 erubescendum
922 3257 1034 3305 morae
1057 3236 1190 3306 crimen
1212 3257 1368 3332 operoso
1382 3233 1614 3312 festinationis

292 3354 475 3458 impendio
491 3355 740 3432 redimendum
764 3354 937 3448 affirmat,
970 3352 1069 3455 quod
1076 3409 1088 3449 ,
1119 3357 1195 3455 jam
1221 3357 1481 3434 commeatibus
1503 3363 1614 3459 quasi

290 3506 359 3581 per
374 3486 488 3554 otium
503 3499 538 3554 et
553 3484 713 3554 inertiam
728 3477 944 3578 absumptis,
968 3480 1116 3554 inaniter
1130 3495 1271 3578 tempus
1285 3483 1424 3558 trivisse
1446 3482 1613 3558 videau-

289 3620 357 3679 tur.
407 3605 462 3679 Ea
476 3628 534 3679 res
552 3602 694 3678 diverso
710 3604 891 3702 majorum
907 3599 1045 3701 judicio
1059 3619 1205 3701 excepta
1221 3620 1293 3699 est,
1317 3606 1492 3704 variaque
1516 3629 1613 3682 seu·-

289 3731 398 3801 tentia
413 3725 526 3802 duces
551 3727 739 3801 consilium
761 3725 963 3826 agitabant,
994 3724 1090 3818 aliis,
1115 3741 1375 3802 tormentorum
1406 3730 1615 3829 magistros,

270 3853 476 3952 ,expositis
494 3852 532 3923 in
553 3867 683 3924 terram
707 3848 905 3949 equitibus,
947 3847 1193 3928 deturbandos
1236 3855 1476 3954 obiectasque
1513 3869 1616 3929 rates

274 3959 439 4047 ¹transitu
454 3971 733 4064 submovendas,
759 3970 995 4065 hortantibus,
1021 3971 1109 4065 aliis,
1134 3978 1171 4047 in
1198 3992 1314 4053 tantas
1341 3981 1525 4077 angustias
1543 3984 1616 4048 in·-
1684 4033 1691 4048 .

289 4100 386 4195 genti
400 4097 514 4172 classe
529 4111 662 4170 temere
687 4093 986 4194 procurrendum,
1012 4097 1223 4174 vetantibus.
1288 4097 1460 4194 Quidam,
1486 4095 1617 4173 hosti-

288 4218 360 4294 bus
376 4221 510 4297 laxiore
524 4217 614 4294 freto
629 4220 826 4318 praeteritis,
849 4220 1032 4319 regionem
1065 4227 1173 4298 armis
1198 4222 1450 4322 occupandam
1474 4245 1617 4295 cense-

289 4339 387 4414 bant.
438 4345 600 4418 Protinus
617 4344 712 4415 enim
729 4340 934 4441 Erliugum,
970 4357 1032 4415 aut
1052 4342 1239 4443 pugnandi
1269 4361 1331 4417 aut
1352 4343 1510 4446 fugiendi
1534 4369 1619 4418 ue-

291 4466 449 4584 ceasitape
465 4471 704 4564 perstrictum,
730 4471 880 4564 quaesita
903 4463 1069 4540 locorum
1087 4465 1255 4564 praesidia
1269 4466 1490 4542 relicturum.
1539 4463 1619 4540 Alii
1656 4485 1661 4496 ’

290 4612 391 4700 vero,
415 4587 570 4664 absentis
583 4587 732 4687 periculi
749 4603 962 4687 presentem
985 4605 1119 4662 metum
1137 4587 1314 4681 ridentes,
1337 4615 1410 4665 non
1433 4605 1515 4663 ante
1533 4585 1619 4662 de·-

287 4707 500 4785 liheratioue
521 4709 699 4812 agendum
722 4710 920 4806 docebant,
954 4737 1065 4811 quam
1085 4737 1144 4788 res
1166 4737 1206 4788 se
1223 4715 1375 4813 propius
1397 4720 1620 4812 inspectan-

289 4831 375 4910 dam
390 4828 554 4910 dedisset.
603 4835 661 4927 Hi,
674 4832 781 4910 celeri
795 4858 970 4938 processu
986 4833 1161 4913 utendum
1177 4833 1373 4935 hortantes,
1396 4840 1520 4913 otiosae
1535 4859 1619 4910 na-
