3538 5460
340 261 416 334 stt
681 257 859 330 telsion.
883 257 990 332 DAN.
1013 259 1150 332 LlBElt
1166 259 1243 332 XV.

290 469 463 545 Absaluui
483 463 763 568 oppugnationis
778 493 900 543 curam
918 473 1089 569 imponit,
1113 469 1305 568 praelatus,
1328 475 1447 543 miuus
1461 464 1612 542 ruboris

291 619 336 666 ex
366 591 538 667 inefficaci
560 589 703 664 illorum
736 617 860 692 pugna
901 617 1013 690 quam
1049 615 1116 664 sua
1154 591 1202 666 ad
1233 595 1384 691 patriam
1418 587 1611 664 redunda-

292 730 433 810 turnm3
473 716 503 788 si
538 719 737 806 vincerent,
781 739 855 788 nun
890 717 1019 788 minori
1053 713 1122 787 sibi
1151 714 1274 813 gloriae
1308 715 1406 806 sure,
1438 698 1609 812 quam'si

291 839 443 936 ipsemet
461 839 644 912 victoriam
667 836 846 912 edidisset.
905 836 976 912 Sed
992 835 1162 928 Absalon,
1182 837 1381 910 Scanorum
1398 853 1509 934 atque
1526 836 1612 908 Sia-

290 959 513 1034 laudensium
528 959 684 1034 ductum·
693 959 885 1058 pollicitus,
899 964 1001 1036 Jutos
1016 986 1083 1035 sua
1099 985 1209 1060 opera
1224 959 1426 1035 ductandos
1439 957 1610 1059 negabat,

291 1108 387 1184 quos
408 1107 483 1157 nou
507 1083 625 1158 solum
650 1081 787 1184 imperii
814 1085 891 1177 sui,
919 1109 1048 1158 rerum
1074 1089 1180 1157 etiam
1208 1081 1455 1158 adolescentiae
1480 1085 1608 1155 Canuti

291 1221 537 1304 contemptum
568 1223 713 1284 acturos
735 1191 855 1282 ‚sciat
920 1209 994 1280 Nec
1026 1225 1111 1279 eum
1139 1203 1381 1303 praedictionis
1413 1207 1611 1306 augurium

289 1327 424 1402 sclellit.
472 1332 660 1404 Permotus
683 1328 775 1404 dicto
788 1355 871 1422 rex,
894 1330 1048 1417 iturum,
1073 1326 1157 1402 licet
1174 1325 1391 1420 invalidum,
1412 1329 1612 1428 respondit.

290 1453 355 1528 His
375 1454 469 1526 curis
486 1457 669 1544 astrictus,
698 1452 829 1526 morbo
853 1477 896 1526 ex
922 1448 1158 1526 sollicitudine
1178 1465 1374 1541 contracto,
1410 1454 1449 1526 in
1473 1450 1609 1526 lectum

290 1571 432 1649 decidit.
495 1575 689 1652 Enimvero
728 1574 928 1674 precordia
966 1576 1046 1672 ejus
1087 1571 1244 1646 dividuae
1273 1576 1478 1672 passiones,
1525 1571 1610 1648 hino

289 1695 457 1774 vincendi
477 1697 637 1796 cupido,
658 1698 742 1774 hine
771 1699 996 1796 desperatio,
1031 1712 1222 1771 torserunt
1287 1699 1394 1771 Mane
1426 1695 1602 1772 dneibus¹

291 1845 396 1912 eum,
421 1835 460 1894 ut
484 1820 553 1894 sibi
571 1837 753 1918 parceret,
777 1817 986 1914 orantibus,
1011 1821 1276 1919 imperiumque
1292 1823 1373 1919 ejus
1398 1823 1506 1892 etiam
1531 1817 1608 1892 ab·

188 1999 192 2011 .
290 1943 401 2016 sentis
416 1965 455 2016 se
469 1957 680 2016 executuros
688 1942 974 2042 spondentibus,
1005 1944 1197 2038 sinatque
1222 1967 1320 2044 tegre
1345 1943 1543 2034 consensit,
1569 1955 1610 2014 ut

290 2062 338 2137 sd
364 2063 541 2166 oppidum
565 2065 881 2168 Worthyngum2,
920 2063 995 2138 filio
1020 2063 1256 2164 pontificique
1289 2066 1486 2140 contradita
1519 2061 1605 2137 belli

290 2211 441 2280 summa,
467 2186 695 2266 discederet³.
740 2188 882 2282 Quibus
901 2187 1029 2262 eodem
1048 2194 1082 2260 iu
1099 2187 1180 2262 luco
1196 2187 1331 2262 diutina
1349 2214 1391 2264 ac
1405 2188 1609 2262 vehementi

289 2325 497 2409 tempestate
522 2309 692 2404 detentis,
723 2310 900 2386 seditiosas
923 2313 1090 2384 lutorum
1115 2335 1222 2386 voces
1247 2329 1321 2386 toto
1346 2311 1465 2388 littore
1486 2336 1607 2386 exau-

290 2432 500 2524 diebantur,
535 2451 615 2508 tum
648 2451 912 2510 commeatuum
946 2427 1270 2532 alimentorumque
1297 2433 1478 2510 delectum
1512 2459 1609 2508 cau·

290 2559 465 2647 santium,
497 2574 572 2632 tum
604 2559 836 2662 expeditionis
868 2556 1073 2655 militiaeque
1099 2561 1345 2630 remissionem
1369 2565 1608 2658 poscentium.

289 2682 385 2778 Quas
404 2704 488 2754 oum
506 2683 695 2774 Homerus,
720 2685 929 2781 Ripensium
946 2680 1125 2771 antistes⁴,
1150 2704 1258 2776 quem
1274 2698 1408 2780 praeter
1424 2682 1608 2784 religionis

290 2801 498 2902 dignitatem
523 2804 711 2904 singularis
726 2803 941 2904 eloquentiae
955 2800 1096 2874 claritas
1118 2801 1413 2896 commendabat,
1447 2809 1608 2904 copiosis

288 2925 464 3000 sacundiae
490 2925 712 3002 documentis
735 2926 883 3000 delinire
906 2949 979 2998 non
1005 2941 1144 3021 posset,
1174 2945 1359 3025 postremo
1389 2930 1462 3002 vim
1486 2929 1608 3004 verbis

289 3047 575 3145 anteponendam
599 3068 722 3140 ratus,
757 3048 940 3149 quendam
970 3075 1012 3122 ex
1034 3046 1218 3124 seditionis
1246 3051 1495 3144 consortibus,
1522 3071 1607 3126 ante

289 3172 428 3243 tentorii
448 3174 504 3245 sui
519 3169 613 3246 fores
628 3173 843 3273 pertinacius
866 3171 1150 3271 obstrepentem,
1172 3173 1299 3272 prendi
1318 3176 1515 3274 vincirique
1535 3201 1609 3249 cu-

290 3295 388 3376 ravit.
448 3297 621 3388 Quaeres
651 3295 780 3396 populi
810 3294 1003 3369 clamorem
1035 3298 1149 3388 ausit,
1194 3297 1404 3374 seditionem
1434 3297 1607 3373 accendit.

335 3621 345 3655 ¹
374 3620 466 3681 Mane
492 3619 623 3699 ducs'bus]
654 3625 731 3686 Haec
765 3622 912 3707 temporis
978 3623 1143 3705 diuglorg,
1172 3622 1320 3707 oppidum
1353 3623 1384 3685 ln
1414 3622 1608 3690 meridionali

289 3724 424 3788 delinitio
445 3726 548 3810 inepta
576 3741 630 3790 est
676 3729 815 3792 lirantzii
837 3749 910 3790 vero
979 3727 1163 3810 Sjeullandiao
1183 3750 1237 3792 ora
1258 3731 1365 3808 situm,
1387 3731 1436 3792 cui
1458 3730 1532 3793 olim
1553 3755 1608 3798 arx

287 3831 472 3918 periphrasis
490 3832 581 3915 hujus
602 3834 662 3897 lnoi
679 3835 841 3914 (Wandal.
859 3839 911 3915 Vl,
977 3833 1060 3917 regia
1081 3833 1252 3898 firmissimo
1277 3851 1343 3900 erat
1364 3835 1516 3926 praesidio.

289 3935 359 4018 16),
389 3939 460 4000 dum
478 3937 568 4001 fidem
590 3937 681 4018 iacit,
703 3943 819 4004 nullum
842 3965 911 4006 usr-
1024 3941 1238 4022 ³Diseederet]
1261 3945 1306 4004 lta
1325 3943 1357 4004 in
1377 3943 1423 4007 ed.
1442 3935 1490 4030 pr.
1507 3949 1605 4010 Error·

285 4045 411 4108 rationis
429 4057 635 4125 momentum,
663 4047 743 4109 illius
762 4046 912 4111 delinitio·
978 4047 1162 4129 typographi
1185 4047 1214 4108 in
1236 4047 1370 4112 editione
1391 4053 1605 4135 stephaniam,

285 4153 331 4212 nis
352 4173 437 4214 usum
455 4151 625 4235 explicans,
643 4154 674 4214 in
696 4167 780 4216 textu
803 4169 910 4218 nostro
977 4155 1142 4228 decredere,
1164 4153 1194 4214 in
1214 4155 1375 4218 lllotziuos
1394 4158 1532 4220 iteratur.

285 4259 428 4319 omissum
443 4277 516 4334 esse,
536 4259 624 4320 simul
645 4258 752 4339 innuit,
774 4265 910 4324 antedu-
1023 4265 1035 4295 ⁴
1077 4265 1224 4322 Homerus
1259 4264 1429 4347 Ripensium
1466 4263 1604 4342 mtts'stes]

285 4365 364 4424 cibus
375 4363 803 4428 rocemlntorumdesidersri.
818 4367 909 4456 Quod
977 4367 1076 4457 Quem
1105 4365 1239 4429 tbsston
1267 4389 1294 4429 a.
1323 4365 1423 4446 1179,
1454 4370 1606 4453 postridie

286 4467 376 4531 etiam
386 4483 544 4533 contextus
553 4471 666 4534 studet.
677 4475 757 4534 Num
769 4471 908 4536 librarius
975 4493 1067 4558 quarn
1091 4473 1155 4556 ipse
1170 4455 1266 4556 pallio
1284 4475 1538 4561 archiepiscopali
1560 4478 1607 4540 in·

285 4595 321 4634 ex
348 4573 405 4636 bac
434 4597 527 4655 voce,
565 4577 748 4662 compendio
783 4581 907 4664 scripta,
975 4575 1227 4660 restitusiuerat,
1243 4595 1491 4666 consecraverat3
1512 4605 1605 4650 mu·

283 4703 370 4744 snum
391 4684 480 4744 Mane
500 4680 598 4749 fecit?
974 4706 1031 4770 prs
1052 4707 1084 4770 p.
1099 4683 1172 4754 925.
1371 4695 1373 4702 ’

328 4796 340 4828 ²
353 4791 503 4878 Oppidum
511 4791 561 4849 W
557 4789 746 4876 aethyopum]
762 4795 816 4856 l-e.
830 4791 866 4858 V
860 4819 908 4856 or·
