3582 5466
336 291 412 364 5¹62
677 285 972 360 fltsnottman.
988 284 1127 358 LIBER
1141 287 1201 360 Xl.

288 505 326 578 tii
343 506 436 604 jura,
453 500 588 604 quibus
604 521 794 576 servarum
808 521 913 596 nque
929 521 973 572 ac
994 495 1243 583 dominorum,
1270 520 1389 597 ncqm
1413 498 1597 596 ingenuo-

288 649 371 702 rum
395 627 537 725 parcius
562 649 678 723 quam·
688 619 901 722 ignobilium
924 620 1058 720 flagitia
1085 620 1252 696 vindicari
1273 646 1342 720 par
1357 635 1419 696 est.
1478 623 1596 696 Cum·

279 775 362 848 ·que
375 747 520 822 abunde
532 747 624 822 soret
639 742 820 844 repulsam
829 746 953 850 egisse,
978 747 1083 818 etiam
1100 731 1357 818 execrationem
1372 741 1513 841 adJecit,
1527 769 1595 818 nee

287 871 465 946 dubitavit
482 873 518 944 in
537 883 745 969 praesentem
761 863 997 966 damuatiorlls
1019 889 1169 966 quoque
1188 863 1353 965 proferre
1376 871 1597 942 sententiam.

286 998 412 1090 ltaque
431 991 577 1066 mirifica
593 979 741 1066 audacia
766 977 920 1062 dubium
935 988 1089 1088 reliquit,
1114 989 1242 1064 fortius
1259 987 1361 1062 illum
1378 1011 1535 1062 manuue
1550 1013 1596 1062 an

283 1141 377 1190 uoce
390 1113 593 1214 pulsaverit,
617 1137 728 1212 quem
742 1112 912 1210 gravibus
931 1111 1130 1186 admodum
1156 1111 1377 1188 conmmcliis
1394 1109 1611 1210 proculca-,

286 1255 362 1314 tum
376 1239 478 1337 prius
491 1235 632 1334 linguae,
659 1231 787 1308 deinde
802 1232 934 1308 dextrae
951 1235 1099 1334 repulsa
1116 1233 1312 1325 mulctavit,
1336 1239 1448 1334 inque
1462 1250 1595 1333 pecto-

285 1388 342 1456 re,
369 1385 444 1460 quo
467 1364 632 1468 virtutem
656 1372 737 1430 ante
758 1355 938 1450 coluerat,
973 1361 1094 1432 vitium
1119 1357 1289 1443 contudit.
1350 1361 1476 1456 Neque
1499 1362 1596 1433 euim

285 1489 330 1567 iu.
339 1503 411 1562 tam
426 1479 582 1558 evidenti
596 1477 729 1554 scelere
747 1477 896 1580 longum
910 1479 1052 1556 ultionis
1066 1497 1210 1580 tempus
1238 1480 1500 1579 expectandum
1517 1505 1595 1580 pu·

284 1617 384 1698 tavit,
408 1603 546 1680 facilius
561 1605 689 1703 origini
705 1619 814 1702 atque
834 1602 1062 1677 incunabulis
1087 1602 1206 1704 culpae
1228 1628 1340 1702 quam
1364 1603 1593 1681 ulterioribus

285 1732 363 1830 ejus
379 1731 603 1802 incrementis
617 1725 877 1801 occurrendum
894 1728 1106 1820 existimans,
1130 1753 1177 1800 ue
1199 1753 1301 1802 mora
1322 1726 1446 1802 alitum
1459 1734 1596 1804 cumen

285 1853 519 1937 diuturnitatis
535 1863 651 1924 tractu
664 1847 935 1924 convalesceret.
992 1854 1104 1950 Igitur
1120 1867 1161 1925 ut
1182 1875 1306 1949 wem
1327 1856 1544 1950 impotentiae
1557 1868 1595 1927 et

284 1979 485 2050 temeritatis
499 1975 665 2046 incursus
680 1987 922 2046 transversum
936 1975 972 2044 iu
986 1971 1126 2046 facinus
1142 1976 1231 2073 egit,
1264 1976 1310 2048 ita
1334 1978 1522 2050 antistitem
1544 1973 1594 2050 a'd

285 2097 520 2174 exercendam
535 2093 725 2170 vindictam
743 2095 941 2193 profectae
965 2092 1148 2196 religionis
1174 2094 1402 2177 aemulatione
1423 2101 1594 2174 severitas

277 2221 483 2296 *concitaris
534 2220 739 2309 Enimvero,
762 2217 898 2290 sortiter
912 2214 1088 2290 vindicata
1105 2217 1286 2316 religione,
1303 2235 1338 2292 et
1350 2217 1509 2294 debitam
1525 2245 1594 2294 or-
1691 2297 1694 2304 ,
1781 2301 1782 2312 ¹

284 2344 360 2419 diui
383 2367 451 2420 suo
473 2341 585 2419 fidem
609 2359 646 2418 et
672 2341 795 2416 alienae
824 2340 1009 2414 temeritati
1033 2337 1225 2443 salutarem
1247 2340 1404 2416 reddidit
1423 2341 1594 2442 discipli·-
1649 2354 1653 2362 '
1781 2323 1782 2334 ἵ

283 2493 377 2544 nana·
427 2469 480 2540 Ne
494 2471 589 2541 euim
603 2463 803 2540 solennium
827 2448 1027 2538 ciliciorum
1048 2461 1194 2537 tutelam
1222 2469 1381 2540 omittere
1403 2463 1593 2559 videretur,

283 2589 390 2674 veluti
405 2587 632 2691 indulgentiae
652 2586 784 2662 oblitus
807 2585 1029 2662 severitatem
1055 2593 1224 2680 exercuit,
1255 2613 1372 2688 neque
1398 2591 1593 2666 muetitatis

283 2716 425 2790 inimico
451 2719 587 2790 amicus
609 2712 756 2786 existere
783 2724 843 2784 aut
867 2713 1093 2784 assentatoris
1124 2711 1376 2810 potiusquam
1409 2711 1591 2811 pontilicis

281 2855 402 2939 partes
417 2849 634 2934 praesentare
651 2835 824 2908 sustinuit.
857 2831 1033 2906 Caeterum
1048 2832 1169 2929 specie
1185 2829 1337 2927 hostem,
1350 2857 1474 2908 revera
1493 2835 1591 2908 ami-

283 2985 369 3036 cum
387 2955 561 3048 exhibuit,
587 2957 673 3055 quia
690 2953 765 3028 fida
781 2952 982 3030 concordiae
998 2958 1150 3054 pignora
1174 2979 1218 3028 ac
1240 2959 1378 3030 sincera
1400 2954 1591 3030 familiari·-

283 3085 364 3159 tatis
387 3077 564 3180 stipendia
584 3083 701 3178 potius
717 3081 802 3177 justi
828 3081 956 3177 rigoris
985 3103 1096 3177 quam
1117 3077 1228 3175 iniqui
1258 3071 1396 3154 la'voris
1428 3082 1590 3158 examine

282 3203 518 3306 ponderabat.
571 3208 798 3302 Quapropter
818 3203 1141 3276 mansuetissimum
1163 3205 1345 3301 ingenium
1367 3227 1495 3294 suum,
1517 3201 1589 3276 de-

282 3331 398 3429 posita
415 3325 461 3400 ad
473 3343 616 3424 tempus
633 3323 830 3413 clementia,
847 3325 1040 3399 austeritati
1053 3323 1218 3422 subjecit,
1244 3331 1443 3425 meritoque
1458 3324 1506 3398 ad
1520 3325 1591 3398 fir-

282 3449 451 3524 mandam
468 3447 650 3549 religionis
665 3444 887 3546 disciplinam
909 3444 1045 3544 aliquid
1061 3471 1083 3520 a
1099 3446 1306 3522 crudelitate
1322 3447 1388 3522 sibi
1405 3447 1602 3548 paulisper*

280 3571 519 3651 mutuandum
536 3571 682 3670 putavit.
742 3571 988 3663 Quamobrem
1009 3569 1136 3646 infesto
1153 3570 1303 3644 militum
1318 3593 1497 3644 concursu
1514 3595 1588 3669 pe-

279 3699 382 3789 titus,
415 3694 611 3794 applicatos
635 3695 763 3767 cervici
791 3718 859 3768 suo
882 3691 1022 3794 gladios
1046 3695 1153 3780 animi
1179 3691 1345 3777 firmitate
1367 3695 1590 3791 contempsit,
1611 3711 1617 3716 “

279 3837 490 3918 tantumque
506 3842 546 3893 se
569 3817 604 3890 in
623 3813 856 3914 despiciendis
882 3815 1044 3920 periculis
1066 3801 1199 3914 gessit,⁸
1212 3831 1388 3915 quantum
1410 3831 1533 3915 egerat
1551 3817 1588 3888 in

280 3939 529 4043 provocandis.
597 3941 713 4015 Tanto
747 3943 856 4014 animi
886 3941 1021 4015 robore
1044 3937 1222 4038 praeditus
1251 3953 1398 4039 tamque
1423 3936 1589 4038 generosi

281 4070 422 4166 spiritus
439 4061 658 4142 abnndantia
680 4063 872 4137 instructus
899 4062 1025 4138 divinae
1052 4064 1199 4136 caritatis
1225 4065 1444 4136 munimento
1469 4083 1586 4158 supe-

278 4191 354 4266 rior
369 4189 518 4266 humani
539 4185 672 4263 timoris
697 4185 831 4259 viribus
852 4187 1026 4284 apparuit.
1095 4185 1210 4284 Cujus
1235 4207 1297 4260 rex
1318 4181 1464 4257 inhibita
1487 4205 1587 4274 nece,

276 4339 394 4413 quum
414 4337 500 4388 eum
520 4337 595 4386 nou
609 4308 794 4384 temeraria
808 4305 953 4398 offensa,
977 4306 1040 4382 sed
1054 4305 1212 4407 publicae
1242 4307 1437 4382 severitatis
1453 4303 1588 4379 fiducia

274 4438 493 4513 cunctatum
518 4433 824 4522 animadverteret,
840 4433 1058 4506 conscientiae
1072 4429 1208 4504 rubore
1232 4429 1397 4528 perfusus
1416 4426 1587 4502 sceleris-

279 4583 352 4658 que
365 4583 479 4658 quam
494 4543 650 4656 repulsae
664 4556 805 4656 pudore
822 4557 952 4656 aegrior
977 4559 1143 4630 continuo
1158 4555 1291 4654 regiam
1310 4554 1445 4650 repetit,
1476 4551 1587 4650 quie-

278 4695 425 4782 tamque
441 4680 594 4754 frontem
612 4679 866 4754 contumeliose
882 4694 1072 4778 correptus
1082 4675 1250 4769 exhibuit,
1266 4703 1334 4750 nec
1348 4677 1426 4776 ipsa
1441 4670 1590 4774 quidem

278 4827 462 4907 generose
474 4801 720 4906 indignationis
734 4804 844 4878 verba
860 4802 990 4878 invitus
1008 4797 1151 4876 audivit.
1202 4798 1352 4892 Deinde,
1374 4799 1472 4899 regia
1490 4807 1590 4874 veste
