3508 5460
583 315 914 388 wlLoEMttttls
933 318 957 389 l.
1304 317 1376 394 741

122 526 261 618 rebant,
275 527 481 622 errorisque
493 547 555 598 cos
571 551 644 598 non
662 529 737 598 siue
754 523 891 598 rubore
905 526 1108 624 poenitentia
1124 527 1246 621 subiit,
1263 501 1428 632 cogitatae

117 650 302 750 impietatis
316 645 483 720 ellectum
499 645 630 723 dlvinae
645 645 1148 725 oninrudversionisbenclicio
1168 653 1350 729 sublatum
1362 685 1428 742 es-

115 800 160 864 se,
174 770 381 870 gaudentes.
416 767 616 846 Salubriori
632 776 752 869 itaque
770 769 940 848 sententia
958 777 1115 847 animum
1139 777 1386 872 amplectente,
1406 806 1429 852 a

116 902 247 972 civitem
260 893 429 992 perieulis
445 893 490 968 ad
507 893 627 966 hostes
639 916 753 992 usque
770 890 997 966 lacessendos
1016 893 1174 968 studium
1185 897 1426 974 traduxerunt.

243 1020 346 1090 Tum
367 1041 450 1108 rex,
471 1015 679 1106 Absalouis,
699 1015 802 1104 Petri,
824 1016 974 1089 Sunouis
998 1033 1032 1088 et
1058 1018 1246 1110 liesberni,
1270 1025 1333 1120 qui
1350 1051 1426 1122 po-

113 1140 285 1216 tissimum
298 1139 452 1214 consiliis
466 1143 545 1239 ejus
559 1155 752 1239 prmerant,
778 1135 1070 1236 prudentioribus
1093 1145 1238 1214 monitis
1248 1143 1427 1220 informa-

112 1280 188 1356 tus,
216 1264 336 1336 citiore
359 1287 473 1359 quam
506 1264 645 1364 majore
678 1263 832 1338 exercitu
882 1258 1101 1358 occultoque
1130 1265 1243 1364 magis
1281 1269 1425 1346 incursu

112 1412 218 1486 quam
239 1403 363 1485 aperta
377 1384 490 1460 classe
507 1381 740 1482 expeditionis
759 1384 795 1456 in
818 1382 958 1458 bostem
984 1383 1134 1483 agenda·
1152 1387 1339 1464 consilium
1358 1415 1425 1466 ce-

111 1511 177 1608 p'u,
211 1509 434 1596 cummulto
457 1507 625 1582 facilioris
650 1508 694 1580 sit
724 1509 853 1608 negotii
885 1511 1086 1606 inopinatos
1110 1533 1219 1606 quam
1253 1515 1426 1611 providos
1480 1533 1486 1542 '

111 1655 331 1731 oppugnare,
356 1649 391 1706 et
404 1631 620 1732 plerumque
635 1627 839 1728 praevalidae
855 1629 1086 1705 multitudinis
1101 1635 1271 1708 sententie
1286 1637 1425 1712 saluta·-

111 1755 398 1854 ribusmajorum
413 1754 519 1852 jussu
539 1753 651 1828 obniti
665 1751 792 1844 soleat,
815 1752 915 1851 opud
942 1777 1053 1852 quam
1074 1753 1302 1852 plusririum
1321 1762 1425 1836 Scla-

111 1879 175 1952 rici
193 1881 350 1952 nominis
363 1895 478 1952 terror
491 1899 603 1976 quam
618 1880 755 1974 regium
769 1877 970 1974 possideret
985 1874 1151 1950 edictum.
1195 1876 1332 1956 ldcirco
1351 1909 1425 1958 uu-

111 2017 180 2076 tem
196 2025 400 2100 perpaucos
414 1999 528 2097 hujus
541 2000 590 2070 rei
605 1997 757 2074 arbitros
774 1999 936 2093 adscivit,
952 1997 1052 2098 quod
1066 2003 1180 2095 sciret,
1195 2029 1427 2107 quaecunque

111 2122 202 2200 lerro
217 2141 403 2224 geruntur,
426 2120 583 2221 publicis
599 2119 747 2212 viribuS,
773 2120 835 2196 sed
856 2123 1000 2222 privatis
1017 2121 1171 2198 consiliis
1187 2125 1425 2205 administrari

108 2263 285 2344 oportere.
342 2251 387 2323 Et
405 2246 574 2345 quoniam
601 2243 646 2316 de
665 2243 948 2318 sialandensium
977 2245 1424 2348 nilrilobsequiodubita-
1503 2278 1507 2290 ·

106 2367 178 2459 bat,
200 2369 357 2446 Sconicae
372 2369 495 2442 classis
508 2365 640 2442 ducem
665 2393 770 2468 agere
784 2371 1008 2466 praeoptavit
1060 2369 1237 2470 Cumque,
1261 2375 1424 2452 noudum

106 2494 243 2593 integra
263 2491 490 2584 valetudine,
528 2493 750 2578 Scanienses,
774 2485 925 2564 Lundiae
952 2506 1162 2588 contractos,
1190 2495 1424 2593 expeditionis

106 2616 308 2698 sollicitaret
324 2613 460 2706 edicto,
485 2618 659 2688 maximus
673 2598 830 2712 pontifex
847 2611 1003 2686 Eskillus
1019 2613 1116 2708 (nam
1138 2619 1170 2689 ei
1189 2625 1305 2694 caeteri
1330 2647 1425 2720 pro-

108 2738 266 2838 loquium
282 2737 515 2833 delerebant‚)
533 2735 688 2835 negabat
704 2739 741 2808 in
761 2735 926 2835 expedito
949 2762 1058 2812 naves
1082 2763 1170 2832 esse,
1196 2742 1330 2840 quibus
1351 2761 1424 2820 tam

105 2863 224 2939 subito
240 2867 382 2964 jussum
404 2875 642 2962 perageretur.
702 2863 868 2958 Cumque
888 2886 950 2934 rex
973 2859 1308 2962 obtemperantibus
1332 2892 1427 2966 gru-

106 2987 197 3078 tiam,
214 2981 534 3084 supersedentibus
551 2983 640 3056 irum
658 3005 695 3056 se
711 3007 947 3082 repensurum
967 2979 1122 3073 dixisset,
1146 3001 1314 3084 tantaque
1328 3014 1423 3086 pro-

106 3111 209 3205 positi
240 3104 432 3206 cupiditate
467 3104 698 3203 perfusum¹,
731 3123 771 3180 ut
805 3107 910 3180 unico
937 3105 1112 3206 proficisci
1143 3111 1283 3208 navigio
1312 3135 1423 3210 quam

104 3231 364 3332 expeditionem
380 3230 557 3304 remittere
575 3226 706 3320 mallet,
729 3227 897 3318 Eskillus,
917 3227 1123 3304 indubitatae
1138 3231 1326 3306 voluntatis
1345 3236 1423 3334 ejus

104 3353 266 3428 lirruitnte
289 3369 496 3452 comperto,
533 3377 606 3424 non
626 3349 746 3424 solum
773 3349 959 3426 consilium
992 3353 1178 3452 probavit,
1215 3355 1421 3447 sedetiam,

102 3478 167 3574 qui
178 3484 250 3577 regi
262 3482 417 3552 comites
432 3475 606 3564 deessent,
631 3473 827 3548 admodum
856 3493 1047 3568 execratus,
1062 3502 1127 3550 suu
1143 3503 1226 3552 eum
1242 3485 1321 3552 navi
1349 3483 1422 3556 im-

100 3623 285 3698 pensaque
300 3605 450 3698 excepit.
507 3596 728 3698 iampridem
746 3599 840 3670 euim
855 3623 977 3696 regem
995 3599 1260 3698 expeditionum
1287 3601 1423 3678 desve-

102 3720 190 3795 tudo
212 3726 357 3823 navigio
380 3721 606 3820 spoliaverat.
675 3721 848 3794 Postremi
869 3718 1110 3795 Lalandeuses
1134 3749 1176 3794 ac
1199 3729 1227 3794 F
1229 3725 1360 3798 alstrici
1385 3729 1422 3798 in

102 3843 253 3918 classem
270 3852 367 3920 coire
381 3850 481 3946 jussi,
506 3869 562 3936 ne,
578 3843 684 3944 longa
702 3845 921 3942 praescientia
939 3841 1064 3936 edocti,
1074 3845 1194 3920 furtim
1213 3845 1260 3918 ad
1276 3846 1422 3922 Sclavos

99 3969 279 4064 imperatae
295 3973 347 4042 rei
359 3969 485 4042 indicia
503 3967 690 4040 deferrent.
760 3969 803 4038 At
820 3965 883 4038 ubi
901 3965 1102 4038 Laudoram
1128 3968 1242 4042 classe
1259 3995 1422 4068 perreu-

100 4105 194 4180 tum,
213 4117 286 4181 rex,
304 4089 485 4190 spectandi
507 4093 680 4162 exercitus
698 4090 752 4162 sui
771 4087 915 4178 aridus,
941 4093 975 4159 in
1001 4115 1131 4190 curupo
1157 4093 1279 4190 copias
1301 4091 1421 4190 expli-

97 4237 185 4285 care
199 4217 392 4304 constituit,
413 4233 455 4288 ut
471 4232 560 4288 totos
575 4221 670 4286 vires
686 4212 797 4286 oculis
816 4211 1059 4308 subjiciendo,
1086 4241 1129 4286 un
1153 4241 1194 4286 ea
1217 4239 1325 4284 mama
1344 4231 1420 4288 tuto

95 4333 238 4412 bellum
256 4340 514 4413 commissurus
532 4335 725 4425 videretur,
742 4337 926 4432 aspiceret.
984 4336 1041 4408 Ab
1058 4335 1167 4434 hujus
1187 4336 1308 4409 littoris
1327 4361 1420 4408 con-

98 4462 222 4532 tinenti
230 4460 370 4561 longior
386 4483 504 4532 orente
525 4476 666 4546 tractus,
685 4457 856 4532 brevibus
871 4459 1061 4548 abscissus,
1077 4463 1230 4532 curvatis
1247 4461 1420 4532 unlracti-

95 4578 175 4655 bus
189 4603 335 4680 portum
353 4587 500 4684 navigiis
519 4577 766 4674 lacit,ltumilis
781 4585 840 4672 ita,
859 4601 898 4656 nt
913 4587 1073 4657 veniente
1092 4601 1180 4656 aestu
1197 4581 1313 4673 lateat,
1329 4583 1421 4656 abs-

95 4699 252 4779 cedente
280 4709 430 4782 visatur.
497 4711 586 4778 Nom
604 4703 760 4779 undosus
792 4708 870 4804 ejus
903 4707 1063 4778 introitus
1094 4703 1277 4780 diffusiore
1304 4708 1420 4804 spatio

153 4893 352 4982 Ῥεζίιιωηι]
371 4899 423 4962 Sic
444 4895 491 4960 ed.
517 4919 563 4980 pr.
588 4895 695 4980 Sleplr.
712 4899 853 4984 perjurus
874 4911 955 4958 esser.

1125 4999 1185 5090 <u
1199 4999 1226 5091 ‘t
