3536 5462
367 231 444 310 940
709 233 1258 314 announcement.

315 437 456 534 Quam²
476 434 639 536 ejusdem
659 438 796 536 equites
812 437 1020 516 honestiore
1034 440 1143 512 animi
1158 437 1293 538 jndicio
1311 441 1477 530 execrati,
1500 456 1636 529 tantum

314 558 386 634 sibi
420 557 745 648 necessitudinum,
777 575 915 634 tantum
949 565 1089 662 generis
1125 586 1384 660 armorumque
1412 562 1529 640 robur
1559 589 1637 640 esse

316 678 491 769 dicebant,
511 698 561 774 ut,
577 683 692 756 invitis
708 680 916 782 infestisque
930 681 1183 782 popularibus,
1204 682 1335 758 berum
1352 709 1472 778 suum,
1495 687 1636 787 absque

314 809 497 904 regiorum
520 802 673 900 militum
700 802 938 896 adminiculo,
969 831 1037 904 per
1061 823 1210 883 cunctas
1233 808 1367 880 Scaniae
1392 825 1515 908 partes
1549 835 1572 882 a
1596 835 1635 884 se

313 940 391 1000 tuto
407 923 595 1026 libereque
622 925 966 1002 circumducendum
998 945 1195 1028 sperarent.
1267 931 1431 1035 Quorum
1466 933 1634 1006 animosis

313 1043 622 1125 adhortationibus
651 1075 741 1144 rex,
782 1050 833 1124 ob
863 1075 993 1148 pacem
1027 1050 1129 1150 plebi
1160 1050 1442 1146 conciliandam,
1484 1059 1636 1156 ignavos

313 1171 517 1244 intensium
541 1176 698 1246 monitus
722 1189 965 1273 anteponens,
997 1191 1126 1250 vocato
1150 1173 1334 1248 Absalone
1355 1192 1513 1270 secreto,
1551 1205 1634 1258 me,-

237 1315 240 1323 ’
312 1308 448 1388 morat,
479 1309 650 1392 quantam
671 1295 824 1368 invicem
845 1301 1098 1368 sententiarum
1121 1297 1352 1370 concordiam
1374 1323 1521 1400 semper
1546 1326 1634 1400 ges-

313 1417 430 1490 serint.
480 1419 675 1516 Nunquam
695 1416 765 1491 sibi
792 1403 868 1492 tam⁸
885 1415 1029 1494 diversa
1056 1444 1099 1493 ac
1131 1419 1249 1519 rigida
1269 1422 1473 1496 animorum
1497 1422 1635 1523 judicia

315 1539 447 1630 fuisse,
483 1543 573 1638 quin
605 1538 653 1612 ad
682 1557 907 1640 postremum
937 1538 1024 1614 alter
1056 1540 1202 1616 alterins
1233 1543 1382 1618 arbitrio
1421 1542 1636 1619 flecteretur.

268 1743 272 1758 Ι
314 1665 425 1735 Orare
441 1659 571 1738 deinde
587 1688 691 1752 eum,
717 1664 979 1764 progressionis
997 1669 1033 1736 in
1052 1665 1214 1760 Scaniatp
1239 1671 1466 1764 propositum
1483 1667 1635 1762 deserat,

313 1781 603 1886 Sialandiamque
617 1802 783 1884 repetere
799 1783 962 1860 deforme
985 1813 1060 1862 non
1083 1786 1209 1878 ducat,
1234 1790 1633 1890 speciosis.aliquando

313 1907 467 1984 consiliis
492 1909 589 1984 utilia
610 1906 837 2008 praelaturus.
899 1906 957 1980 Ad
981 1908 1062 1982 baec
1082 1907 1264 2002 Absalon,
1297 1936 1344 1982 ne
1374 1929 1458 1988 tunc
1485 1913 1633 2012 quidem

313 2056 353 2108 se
376 2047 535 2108 veterem
565 2028 792 2130 obsequendi
818 2056 956 2106 morem
990 2031 1218 2122 relicturum,
1255 2032 1447 2128 prefatus,
1488 2037 1635 2112 consilio

313 2179 465 2230 usurum
473 2153 640 2246 affirmat,
649 2159 816 2253 quamvis
830 2154 1025 2228 absentiam
1036 2179 1138 2229 suam
1150 2153 1267 2229 multis
1284 2171 1319 2228 et
1333 2159 1508 2256 gravibus
1525 2186 1636 2234 men-

313 2277 502 2354 daciorum
517 2275 609 2351 notis
624 2275 855 2351 lacerandam
870 2279 967 2350 sciat.
1026 2279 1114 2368 Rex,
1135 2282 1256 2377 gratiis
1273 2295 1379 2352 tantae
1394 2280 1632 2358 moderationi

282 2499 285 2507 A
313 2401 509 2502 impensius
531 2401 638 2494 actis,
662 2401 798 2500 equites
821 2398 899 2498 ejus
924 2403 960 2470 in
984 2414 1214 2498 augmentum
1236 2408 1424 2476 comitatus
1456 2401 1632 2504 deposcit.

313 2525 366 2598 Illi
385 2528 422 2598 in
436 2524 566 2626 plenos
590 2522 677 2596 fidei
705 2525 932 2620 caritatisque
953 2521 1057 2594 fletus
1080 2521 1202 2613 effusi,
1234 2520 1335 2598 hunc
1368 2525 1436 2598 sibi
1472 2532 1633 2626 supremi

312 2650 554 2748 perpetuique
575 2645 761 2721 dedecoris
776 2645 871 2718 diem
888 2643 1085 2737 affirmant,
1110 2643 1182 2718 huc
1202 2645 1521 2745 ignominiae²1non
1538 2677 1633 2749 pro-

311 2775 392 2874 pria
410 2770 478 2848 sed
497 2770 696 2844 alienorum
719 2772 863 2870 ignaria
886 2769 1091 2867 protractis,
1120 2782 1180 2857 ut,
1213 2772 1274 2840 cui
1299 2768 1491 2846 famulatus
1516 2772 1634 2846 officia

313 2895 471 2970 debeant
478 2947 488 2985 ,
515 2892 721 2966 desertionis
736 2892 873 2991 probra
889 2890 1108 2991 persolvant.
1156 2893 1209 2962 lta
1225 2891 1408 2965 Absalone
1430 2919 1500 2992 per
1522 2900 1632 2966 sum-

314 3043 411 3092 mam
426 3019 628 3088 animorum
639 3018 841 3088 moestitiam
857 3013 990 3106 relicto,
1007 3041 1128 3114 regem
1140 3015 1467 3112 prosequebantur.
1492 3021 1633 3091 Graves

317 3139 368 3213 illi
392 3137 630 3237 difficilesque
646 3163 730 3210 cum
746 3135 856 3235 plebe
874 3142 1065 3212 conciones
1080 3137 1188 3210 suere.
1231 3135 1372 3236 Ubique
1389 3145 1485 3211 enim
1501 3163 1634 3213 causas

314 3278 451 3338 armata
466 3260 644 3355 dicebam,
659 3266 818 3336 animum
834 3259 961 3336 babitu
975 3274 1201 3334 ostentatura.
1228 3258 1397 3352 Quotidie
1405 3261 1630 3336 Absalonem

361 3614 498 3706 ¹Qnem]
517 3619 796 3684 salamantinus
837 3620 940 3685 Verba
998 3622 1151 3683 incertum
1172 3629 1285 3697 manet,
1305 3629 1407 3682 utrum
1426 3618 1540 3684 Saroni
1559 3619 1635 3704 ipsi,

313 3725 535 3814 praecedentis:
564 3727 714 3790 Creditum
744 3745 788 3790 est
894 3729 940 3788 di·
997 3747 1038 3788 nn
1060 3723 1185 3790 librario
1210 3722 1332 3789 cuidem
1357 3723 1490 3810 adjectio
1520 3724 1634 3790 debea-

312 3831 940 3918 sossum,quum,quaeinitiojuxtasortpts
1000 3844 1059 3894 tur.

312 3941 465 4019 ridentur,
484 3939 657 4024 sejungant,
680 3951 785 4002 notam
800 3959 863 4003 esse
883 3960 940 4023 pu·
1042 3941 1138 4003 2Ηιιο
1158 3937 1334 4023 marmium]
1355 3941 1399 4001 lta
1418 3937 1567 4024 Stepben.
1592 3941 1632 4002 in

311 4048 458 4125 taverim,
497 4045 628 4129 margini
661 4045 796 4133 primum
828 4043 941 4108 adscri-
998 4041 1046 4106 ed.
1062 4065 1111 4128 pr.
1134 4045 1210 4109 leuto.

310 4165 413 4239 ptem,
437 4163 544 4238 postea
564 4152 686 4215 demum
704 4153 735 4214 in
753 4163 872 4214 textum
892 4170 941 4214 re·
1044 4154 1057 4192 ³
1081 4151 1217 4234 Ubique.
1239 4195 1275 4215 ..
1296 4167 1415 4216 morata
1434 4147 1560 4228 diebos]
1580 4152 1636 4212 Ex

295 4257 453 4346 'ceptam3
474 4259 553 4323 unde
574 4257 715 4345 quidem,
737 4279 832 4343 qnnm
851 4277 941 4322 roce-
998 4256 1046 4319 bis
1067 4254 1171 4320 verbis
1201 4257 1347 4342 colligere
1372 4253 1467 4336 licet,
1495 4278 1522 4320 c.
1547 4251 1636 4318 1180

311 4365 417 4430 bulum
437 4385 567 4452 sequens
596 4369 725 4450 ejttsdem
750 4365 851 4449 (initio
874 4364 941 4428 for-
997 4360 1113 4446 jamdiu
1123 4380 1187 4426 uon
1203 4363 1324 4426 colitant
1341 4381 1405 4426 esse
1423 4361 1636 4446 plebem'Dn-

310 4484 390 4536 tasse
405 4475 576 4546 Absatono,
594 4471 647 4536 sed
667 4472 735 4556 ejus
753 4473 939 4558 receptionis
997 4470 1097 4534 nicam
1127 4467 1161 4531 in
1191 4468 1314 4534 comitis
1344 4480 1492 4550 amotam
1518 4485 1635 4532 onore*

310 4565 421 4662 gretie,
442 4578 481 4642 ad
496 4578 712 4664 repetitionem
730 4577 866 4662 ejusdem
883 4600 939 4643 no·
998 4576 1076 4639 nire.
1117 4577 1224 4660 Neque
1236 4573 1268 4638 id
1281 4574 1464 4656 mirandus,
1479 4572 1636 4658 siqnidem

309 4682 404 4750 minis
420 4683 610 4767 evitandam,
641 4683 804 4770 mutatum)
832 4705 870 4750 eo
889 4707 939 4750 oo·
995 4682 1064 4746 baro
1080 4681 1270 4748 mnsretudo
1285 4682 1413 4770 entique
1423 4679 1636 4765 inNorressie

309 4789 441 4880 epiciet,
464 4789 576 4860 iterum
595 4792 700 4860 divelli
719 4791 835 4881 nequit.
876 4791 937 4860 Sed
995 4801 1028 4854 et
1045 4787 1154 4858 sveri·
1181 4787 1247 4875 jem
1270 4777 1518 4882 ‚nlrffiftnqedinrn
1543 4805 1637 4852 wen-
