<?xml version="1.0" encoding="UTF-8"?>
<!DOCTYPE html PUBLIC "-//W3C//DTD XHTML 1.0 Transitional//EN"
    "http://www.w3.org/TR/xhtml1/DTD/xhtml1-transitional.dtd">
<html xmlns="http://www.w3.org/1999/xhtml" xml:lang="en" lang="en">
 <head>
  <title>
</title>
<meta http-equiv="Content-Type" content="text/html;charset=utf-8" />
  <meta name='ocr-system' content='tesseract 3.04.00' />
  <meta name='ocr-capabilities' content='ocr_page ocr_carea ocr_par ocr_line ocrx_word'/>
</head>
<body>
  <div class='ocr_page' id='page_1' title='image "./historiadanica01velsgoog_0132.png"; bbox 0 0 3524 5460; ppageno 0'>
   <div class='ocr_carea' id='block_1_1' title="bbox 671 321 1389 404">
    <p class='ocr_par' dir='ltr' id='par_1_1' title="bbox 671 321 1389 404">
     <span class='ocr_line' id='line_1_1' title="bbox 671 321 1389 404; baseline -0.006 0"><span class='ocrx_word' id='word_1_1' title='bbox 671 321 840 404; x_wconf 63' lang='grc' dir='ltr'>’ΜΠ</span> <span class='ocrx_word' id='word_1_2' title='bbox 853 326 913 404; x_wconf 71' lang='lat' dir='ltr'>ll.</span> <span class='ocrx_word' id='word_1_3' title='bbox 1313 327 1389 400; x_wconf 77' lang='grc'>659</span> 
     </span>
    </p>
   </div>
   <div class='ocr_carea' id='block_1_2' title="bbox 137 535 1542 4562">
    <p class='ocr_par' dir='ltr' id='par_1_2' title="bbox 137 535 1542 4562">
     <span class='ocr_line' id='line_1_2' title="bbox 139 535 1440 640; baseline -0.008 -24"><span class='ocrx_word' id='word_1_4' title='bbox 139 537 318 634; x_wconf 83' lang='lat' dir='ltr'>credulus,</span> <span class='ocrx_word' id='word_1_5' title='bbox 342 564 418 640; x_wconf 87' lang='lat' dir='ltr'>qua</span> <span class='ocrx_word' id='word_1_6' title='bbox 437 563 537 640; x_wconf 80' lang='lat' dir='ltr'>reges</span> <span class='ocrx_word' id='word_1_7' title='bbox 553 537 593 612; x_wconf 86' lang='lat' dir='ltr'>id</span> <span class='ocrx_word' id='word_1_8' title='bbox 609 535 703 612; x_wconf 90' lang='lat' dir='ltr'>littus</span> <span class='ocrx_word' id='word_1_9' title='bbox 732 538 891 636; x_wconf 74' lang='lat' dir='ltr'>aggressi</span> <span class='ocrx_word' id='word_1_10' title='bbox 906 543 943 610; x_wconf 87' lang='lat' dir='ltr'>iu</span> <span class='ocrx_word' id='word_1_11' title='bbox 967 561 1101 612; x_wconf 88' lang='lat' dir='ltr'>aunum</span> <span class='ocrx_word' id='word_1_12' title='bbox 1123 535 1283 610; x_wconf 82' lang='lat' dir='ltr'>duraturi</span> <span class='ocrx_word' id='word_1_13' title='bbox 1298 557 1440 632; x_wconf 58' lang='lat' dir='ltr'>nepu-</span> 
     </span>
     <span class='ocr_line' id='line_1_3' title="bbox 138 656 1450 762; baseline -0.005 -25"><span class='ocrx_word' id='word_1_14' title='bbox 138 681 202 738; x_wconf 91' lang='lat' dir='ltr'>tur.</span> <span class='ocrx_word' id='word_1_15' title='bbox 254 662 326 736; x_wconf 86' lang='lat' dir='ltr'>Sed</span> <span class='ocrx_word' id='word_1_16' title='bbox 341 663 429 738; x_wconf 91' lang='lat' dir='ltr'>dum</span> <span class='ocrx_word' id='word_1_17' title='bbox 443 686 512 762; x_wconf 89' lang='lat' dir='ltr'>per</span> <span class='ocrx_word' id='word_1_18' title='bbox 525 665 751 758; x_wconf 76' lang='lat' dir='ltr'>presentiam</span> <span class='ocrx_word' id='word_1_19' title='bbox 766 660 837 733; x_wconf 84' lang='lat' dir='ltr'>latu</span> <span class='ocrx_word' id='word_1_20' title='bbox 853 661 994 752; x_wconf 90' lang='lat' dir='ltr'>metuit,</span> <span class='ocrx_word' id='word_1_21' title='bbox 1009 659 1138 734; x_wconf 83' lang='lat' dir='ltr'>abssas</span> <span class='ocrx_word' id='word_1_22' title='bbox 1150 661 1298 734; x_wconf 86' lang='lat' dir='ltr'>victoria</span> <span class='ocrx_word' id='word_1_23' title='bbox 1319 656 1450 731; x_wconf 78' lang='lat' dir='ltr'>comit.-</span> 
     </span>
     <span class='ocr_line' id='line_1_4' title="bbox 138 781 1493 885; baseline -0.003 -27"><span class='ocrx_word' id='word_1_24' title='bbox 138 785 316 885; x_wconf 85' lang='lat' dir='ltr'>Siquidem</span> <span class='ocrx_word' id='word_1_25' title='bbox 340 785 464 858; x_wconf 87' lang='lat' dir='ltr'>tellure</span> <span class='ocrx_word' id='word_1_26' title='bbox 486 783 634 882; x_wconf 82' lang='lat' dir='ltr'>perinde</span> <span class='ocrx_word' id='word_1_27' title='bbox 663 809 705 856; x_wconf 87' lang='lat' dir='ltr'>ac</span> <span class='ocrx_word' id='word_1_28' title='bbox 727 781 825 856; x_wconf 83' lang='lat' dir='ltr'>fatali</span> <span class='ocrx_word' id='word_1_29' title='bbox 845 782 943 855; x_wconf 91' lang='lat' dir='ltr'>malo</span> <span class='ocrx_word' id='word_1_30' title='bbox 967 783 1165 871; x_wconf 79' lang='lat' dir='ltr'><strong>abstinens,</strong></span> <span class='ocrx_word' id='word_1_31' title='bbox 1200 807 1325 882; x_wconf 87' lang='lat' dir='ltr'>neque</span> <span class='ocrx_word' id='word_1_32' title='bbox 1347 782 1444 876; x_wconf 82' lang='lat' dir='ltr'>ferri,</span> <span class='ocrx_word' id='word_1_33' title='bbox 1481 831 1493 842; x_wconf 93' lang='lat'><em>-</em></span> 
     </span>
     <span class='ocr_line' id='line_1_5' title="bbox 137 894 1483 1014; baseline -0.002 -31"><span class='ocrx_word' id='word_1_34' title='bbox 137 908 198 983; x_wconf 86' lang='lat' dir='ltr'>scd</span> <span class='ocrx_word' id='word_1_35' title='bbox 222 911 317 984; x_wconf 87' lang='lat' dir='ltr'>ruris</span> <span class='ocrx_word' id='word_1_36' title='bbox 339 910 542 982; x_wconf 76' lang='lat' dir='ltr'>violentiam</span> <span class='ocrx_word' id='word_1_37' title='bbox 565 907 601 977; x_wconf 90' lang='lat' dir='ltr'>in</span> <span class='ocrx_word' id='word_1_38' title='bbox 625 921 724 978; x_wconf 92' lang='lat' dir='ltr'>metu</span> <span class='ocrx_word' id='word_1_39' title='bbox 747 929 944 1004; x_wconf 73' lang='lat' dir='ltr'>reponens,</span> <span class='ocrx_word' id='word_1_40' title='bbox 978 909 1103 1003; x_wconf 84' lang='lat' dir='ltr'>copias</span> <span class='ocrx_word' id='word_1_41' title='bbox 1125 907 1161 978; x_wconf 90' lang='lat' dir='ltr'>in</span> <span class='ocrx_word' id='word_1_42' title='bbox 1189 908 1302 1014; x_wconf 64' lang='lat' dir='ltr'>aciem</span> <span class='ocrx_word' id='word_1_43' title='bbox 1325 894 1447 1005; x_wconf 81' lang='lat' dir='ltr'>dirigit</span> <span class='ocrx_word' id='word_1_44' title='bbox 1477 943 1483 955; x_wconf 79' lang='grc'><em>·</em></span> 
     </span>
     <span class='ocr_line' id='line_1_6' title="bbox 138 1027 1443 1130; baseline -0.004 -23"><span class='ocrx_word' id='word_1_45' title='bbox 138 1055 271 1130; x_wconf 84' lang='lat' dir='ltr'>easque</span> <span class='ocrx_word' id='word_1_46' title='bbox 287 1029 424 1104; x_wconf 79' lang='lat' dir='ltr'>Fsltillo</span> <span class='ocrx_word' id='word_1_47' title='bbox 440 1027 675 1128; x_wconf 82' lang='lat' dir='ltr'>proferendas</span> <span class='ocrx_word' id='word_1_48' title='bbox 693 1029 887 1102; x_wconf 80' lang='lat' dir='ltr'>committit.</span> <span class='ocrx_word' id='word_1_49' title='bbox 944 1030 1012 1119; x_wconf 85' lang='lat' dir='ltr'>Qui</span> <span class='ocrx_word' id='word_1_50' title='bbox 1035 1027 1293 1124; x_wconf 86' lang='lat' dir='ltr'>pontificalium</span> <span class='ocrx_word' id='word_1_51' title='bbox 1315 1055 1443 1102; x_wconf 80' lang='lat' dir='ltr'>sacro-</span> 
     </span>
     <span class='ocr_line' id='line_1_7' title="bbox 138 1147 1443 1253; baseline -0.001 -26"><span class='ocrx_word' id='word_1_52' title='bbox 138 1181 216 1228; x_wconf 88' lang='lat' dir='ltr'>rum</span> <span class='ocrx_word' id='word_1_53' title='bbox 232 1179 344 1253; x_wconf 91' lang='lat' dir='ltr'>quam</span> <span class='ocrx_word' id='word_1_54' title='bbox 355 1155 407 1226; x_wconf 91' lang='lat' dir='ltr'>rei</span> <span class='ocrx_word' id='word_1_55' title='bbox 421 1149 579 1224; x_wconf 88' lang='lat' dir='ltr'>militaris</span> <span class='ocrx_word' id='word_1_56' title='bbox 589 1153 744 1247; x_wconf 80' lang='lat' dir='ltr'>peritior,</span> <span class='ocrx_word' id='word_1_57' title='bbox 757 1147 973 1248; x_wconf 86' lang='lat' dir='ltr'>persimilem</span> <span class='ocrx_word' id='word_1_58' title='bbox 990 1151 1100 1248; x_wconf 81' lang='lat' dir='ltr'>ptiori</span> <span class='ocrx_word' id='word_1_59' title='bbox 1115 1155 1291 1224; x_wconf 78' lang='lat' dir='ltr'>fortunent</span> <span class='ocrx_word' id='word_1_60' title='bbox 1307 1177 1443 1251; x_wconf 77' lang='lat' dir='ltr'>exper-</span> 
     </span>
     <span class='ocr_line' id='line_1_8' title="bbox 138 1270 1443 1375; baseline -0.004 -25"><span class='ocrx_word' id='word_1_61' title='bbox 138 1293 194 1350; x_wconf 89' lang='lat' dir='ltr'>tus</span> <span class='ocrx_word' id='word_1_62' title='bbox 210 1283 308 1350; x_wconf 90' lang='lat' dir='ltr'>triste</span> <span class='ocrx_word' id='word_1_63' title='bbox 330 1280 402 1375; x_wconf 87' lang='lat' dir='ltr'>regi</span> <span class='ocrx_word' id='word_1_64' title='bbox 419 1272 666 1374; x_wconf 79' lang='lat' dir='ltr'>spectaculum</span> <span class='ocrx_word' id='word_1_65' title='bbox 682 1272 759 1345; x_wconf 86' lang='lat' dir='ltr'>fuit.</span> <span class='ocrx_word' id='word_1_66' title='bbox 818 1273 933 1370; x_wconf 84' lang='lat' dir='ltr'>Cujus</span> <span class='ocrx_word' id='word_1_67' title='bbox 953 1270 1037 1344; x_wconf 89' lang='lat' dir='ltr'>mali</span> <span class='ocrx_word' id='word_1_68' title='bbox 1054 1273 1181 1346; x_wconf 88' lang='lat' dir='ltr'>intuitu</span> <span class='ocrx_word' id='word_1_69' title='bbox 1203 1272 1341 1348; x_wconf 86' lang='lat' dir='ltr'>discere</span> <span class='ocrx_word' id='word_1_70' title='bbox 1356 1279 1443 1347; x_wconf 83' lang='lat' dir='ltr'>Eri-</span> 
     </span>
     <span class='ocr_line' id='line_1_9' title="bbox 139 1393 1444 1497; baseline 0.002 -25"><span class='ocrx_word' id='word_1_71' title='bbox 139 1403 602 1497; x_wconf 87' lang='lat' dir='ltr'>eusmoneriquepoterat,</span> <span class='ocrx_word' id='word_1_72' title='bbox 627 1393 711 1492; x_wconf 92' lang='lat' dir='ltr'>plus</span> <span class='ocrx_word' id='word_1_73' title='bbox 741 1395 874 1468; x_wconf 83' lang='lat' dir='ltr'>viribus</span> <span class='ocrx_word' id='word_1_74' title='bbox 896 1399 970 1468; x_wconf 90' lang='lat' dir='ltr'>suis</span> <span class='ocrx_word' id='word_1_75' title='bbox 994 1393 1107 1468; x_wconf 89' lang='lat' dir='ltr'>duces</span> <span class='ocrx_word' id='word_1_76' title='bbox 1133 1421 1243 1494; x_wconf 88' lang='lat' dir='ltr'>quum</span> <span class='ocrx_word' id='word_1_77' title='bbox 1269 1395 1444 1474; x_wconf 81' lang='lat' dir='ltr'>foemineis</span> 
     </span>
     <span class='ocr_line' id='line_1_10' title="bbox 139 1516 1444 1620; baseline -0.002 -24"><span class='ocrx_word' id='word_1_78' title='bbox 139 1521 273 1596; x_wconf 85' lang='lat' dir='ltr'>debere</span> <span class='ocrx_word' id='word_1_79' title='bbox 288 1521 475 1620; x_wconf 86' lang='lat' dir='ltr'>figmentis.</span> <span class='ocrx_word' id='word_1_80' title='bbox 529 1517 669 1610; x_wconf 77' lang='lat' dir='ltr'>Quibus</span> <span class='ocrx_word' id='word_1_81' title='bbox 685 1518 974 1615; x_wconf 84' lang='lat' dir='ltr'>superstitionum</span> <span class='ocrx_word' id='word_1_82' title='bbox 1005 1516 1144 1615; x_wconf 78' lang='lat' dir='ltr'>laqueis</span> <span class='ocrx_word' id='word_1_83' title='bbox 1171 1543 1290 1615; x_wconf 86' lang='lat' dir='ltr'>quove</span> <span class='ocrx_word' id='word_1_84' title='bbox 1309 1521 1444 1614; x_wconf 82' lang='lat' dir='ltr'>eredu-</span> 
     </span>
     <span class='ocr_line' id='line_1_11' title="bbox 140 1639 1443 1742; baseline -0.001 -26"><span class='ocrx_word' id='word_1_85' title='bbox 140 1643 241 1719; x_wconf 90' lang='lat' dir='ltr'>litatis</span> <span class='ocrx_word' id='word_1_86' title='bbox 258 1667 383 1717; x_wconf 86' lang='lat' dir='ltr'>errore</span> <span class='ocrx_word' id='word_1_87' title='bbox 405 1647 563 1714; x_wconf 89' lang='lat' dir='ltr'>animum</span> <span class='ocrx_word' id='word_1_88' title='bbox 581 1656 666 1714; x_wconf 87' lang='lat' dir='ltr'>tunc</span> <span class='ocrx_word' id='word_1_89' title='bbox 683 1641 761 1737; x_wconf 76' lang='lat' dir='ltr'>ejus</span> <span class='ocrx_word' id='word_1_90' title='bbox 778 1639 966 1714; x_wconf 89' lang='lat' dir='ltr'>obsessum</span> <span class='ocrx_word' id='word_1_91' title='bbox 984 1656 1163 1738; x_wconf 88' lang='lat' dir='ltr'>putemus,</span> <span class='ocrx_word' id='word_1_92' title='bbox 1179 1667 1262 1714; x_wconf 91' lang='lat' dir='ltr'>cum</span> <span class='ocrx_word' id='word_1_93' title='bbox 1277 1643 1367 1742; x_wconf 88' lang='lat' dir='ltr'>ipse,</span> <span class='ocrx_word' id='word_1_94' title='bbox 1382 1648 1443 1741; x_wconf 92' lang='lat' dir='ltr'>qui</span> 
     </span>
     <span class='ocr_line' id='line_1_12' title="bbox 138 1764 1445 1854; baseline 0 -12"><span class='ocrx_word' id='word_1_95' title='bbox 138 1767 226 1842; x_wconf 68' lang='lat' dir='ltr'>abas</span> <span class='ocrx_word' id='word_1_96' title='bbox 249 1765 342 1840; x_wconf 85' lang='lat' dir='ltr'>adeo</span> <span class='ocrx_word' id='word_1_97' title='bbox 361 1785 472 1837; x_wconf 85' lang='lat' dir='ltr'>manu</span> <span class='ocrx_word' id='word_1_98' title='bbox 495 1779 660 1836; x_wconf 87' lang='lat' dir='ltr'>strenuus</span> <span class='ocrx_word' id='word_1_99' title='bbox 682 1764 825 1836; x_wconf 85' lang='lat' dir='ltr'>existere</span> <span class='ocrx_word' id='word_1_100' title='bbox 844 1777 1094 1854; x_wconf 77' lang='lat' dir='ltr'>consueverat,</span> <span class='ocrx_word' id='word_1_101' title='bbox 1128 1777 1176 1851; x_wconf 91' lang='lat' dir='ltr'>ut,</span> <span class='ocrx_word' id='word_1_102' title='bbox 1191 1789 1236 1835; x_wconf 89' lang='lat' dir='ltr'>ne</span> <span class='ocrx_word' id='word_1_103' title='bbox 1254 1782 1386 1839; x_wconf 87' lang='lat' dir='ltr'>temere</span> <span class='ocrx_word' id='word_1_104' title='bbox 1405 1768 1445 1842; x_wconf 81' lang='lat' dir='ltr'>ia</span> 
     </span>
     <span class='ocr_line' id='line_1_13' title="bbox 141 1883 1446 1980; baseline -0.001 -16"><span class='ocrx_word' id='word_1_105' title='bbox 141 1891 280 1964; x_wconf 84' lang='lat' dir='ltr'>hostem</span> <span class='ocrx_word' id='word_1_106' title='bbox 296 1913 336 1962; x_wconf 91' lang='lat' dir='ltr'>se</span> <span class='ocrx_word' id='word_1_107' title='bbox 359 1889 528 1976; x_wconf 86' lang='lat' dir='ltr'>mitteret,</span> <span class='ocrx_word' id='word_1_108' title='bbox 551 1907 574 1955; x_wconf 90' lang='lat' dir='ltr'>a</span> <span class='ocrx_word' id='word_1_109' title='bbox 595 1883 763 1960; x_wconf 86' lang='lat' dir='ltr'>militibus</span> <span class='ocrx_word' id='word_1_110' title='bbox 790 1887 958 1960; x_wconf 87' lang='lat' dir='ltr'>contineri</span> <span class='ocrx_word' id='word_1_111' title='bbox 984 1909 1129 1958; x_wconf 89' lang='lat' dir='ltr'>necesse</span> <span class='ocrx_word' id='word_1_112' title='bbox 1150 1884 1318 1980; x_wconf 87' lang='lat' dir='ltr'>baberet,</span> <span class='ocrx_word' id='word_1_113' title='bbox 1349 1905 1446 1980; x_wconf 81' lang='lat' dir='ltr'>tunc,</span> 
     </span>
     <span class='ocr_line' id='line_1_14' title="bbox 140 1996 1445 2109; baseline -0.003 -23"><span class='ocrx_word' id='word_1_114' title='bbox 140 2012 248 2086; x_wconf 84' lang='lat' dir='ltr'>veluti</span> <span class='ocrx_word' id='word_1_115' title='bbox 261 2027 359 2084; x_wconf 89' lang='lat' dir='ltr'>metu</span> <span class='ocrx_word' id='word_1_116' title='bbox 374 2033 535 2109; x_wconf 78' lang='lat' dir='ltr'>pugnam</span> <span class='ocrx_word' id='word_1_117' title='bbox 550 2005 760 2099; x_wconf 83' lang='lat' dir='ltr'>detrectans,</span> <span class='ocrx_word' id='word_1_118' title='bbox 785 1996 820 2080; x_wconf 85' lang='lat' dir='ltr'>iu</span> <span class='ocrx_word' id='word_1_119' title='bbox 835 2011 948 2082; x_wconf 86' lang='lat' dir='ltr'>vicino</span> <span class='ocrx_word' id='word_1_120' title='bbox 965 2033 1003 2083; x_wconf 87' lang='lat' dir='ltr'>se</span> <span class='ocrx_word' id='word_1_121' title='bbox 1026 2033 1092 2106; x_wconf 89' lang='lat' dir='ltr'>per</span> <span class='ocrx_word' id='word_1_122' title='bbox 1111 2008 1305 2084; x_wconf 81' lang='lat' dir='ltr'>absentiam</span> <span class='ocrx_word' id='word_1_123' title='bbox 1329 2035 1445 2108; x_wconf 67' lang='lat' dir='ltr'>supe-</span> 
     </span>
     <span class='ocr_line' id='line_1_15' title="bbox 138 2128 1447 2232; baseline -0.006 -18"><span class='ocrx_word' id='word_1_124' title='bbox 138 2142 207 2214; x_wconf 83' lang='lat' dir='ltr'>rari</span> <span class='ocrx_word' id='word_1_125' title='bbox 227 2135 470 2232; x_wconf 75' lang='lat' dir='ltr'>conspiceret?</span> <span class='ocrx_word' id='word_1_126' title='bbox 496 2133 575 2222; x_wconf 87' lang='lat' dir='ltr'>Qua</span> <span class='ocrx_word' id='word_1_127' title='bbox 593 2131 738 2206; x_wconf 88' lang='lat' dir='ltr'>victoria</span> <span class='ocrx_word' id='word_1_128' title='bbox 760 2131 905 2222; x_wconf 87' lang='lat' dir='ltr'>Olavus,</span> <span class='ocrx_word' id='word_1_129' title='bbox 932 2128 1040 2204; x_wconf 83' lang='lat' dir='ltr'>veluti</span> <span class='ocrx_word' id='word_1_130' title='bbox 1064 2136 1183 2230; x_wconf 88' lang='lat' dir='ltr'>ipsum</span> <span class='ocrx_word' id='word_1_131' title='bbox 1207 2134 1281 2230; x_wconf 82' lang='lat' dir='ltr'>jam</span> <span class='ocrx_word' id='word_1_132' title='bbox 1302 2135 1447 2206; x_wconf 79' lang='lat' dir='ltr'>Ericum</span> 
     </span>
     <span class='ocr_line' id='line_1_16' title="bbox 141 2249 1446 2354; baseline -0.002 -23"><span class='ocrx_word' id='word_1_133' title='bbox 141 2258 300 2347; x_wconf 85' lang='lat' dir='ltr'>delesset,</span> <span class='ocrx_word' id='word_1_134' title='bbox 326 2277 435 2353; x_wconf 85' lang='lat' dir='ltr'>supra</span> <span class='ocrx_word' id='word_1_135' title='bbox 457 2249 609 2326; x_wconf 90' lang='lat' dir='ltr'>modum</span> <span class='ocrx_word' id='word_1_136' title='bbox 622 2271 761 2330; x_wconf 83' lang='lat' dir='ltr'>erectus</span> <span class='ocrx_word' id='word_1_137' title='bbox 782 2253 1003 2353; x_wconf 88' lang='lat' dir='ltr'>pontificales</span> <span class='ocrx_word' id='word_1_138' title='bbox 1027 2279 1115 2354; x_wconf 89' lang='lat' dir='ltr'>opes</span> <span class='ocrx_word' id='word_1_139' title='bbox 1141 2279 1247 2352; x_wconf 76' lang='lat' dir='ltr'>eque</span> <span class='ocrx_word' id='word_1_140' title='bbox 1267 2279 1310 2327; x_wconf 89' lang='lat' dir='ltr'>ao</span> <span class='ocrx_word' id='word_1_141' title='bbox 1330 2258 1446 2354; x_wconf 82' lang='lat' dir='ltr'>regias</span> 
     </span>
     <span class='ocr_line' id='line_1_17' title="bbox 141 2373 1447 2495; baseline -0.003 -41"><span class='ocrx_word' id='word_1_142' title='bbox 141 2382 280 2482; x_wconf 85' lang='lat' dir='ltr'>ubsque</span> <span class='ocrx_word' id='word_1_143' title='bbox 295 2391 459 2476; x_wconf 80' lang='lat' dir='ltr'>respectu</span> <span class='ocrx_word' id='word_1_144' title='bbox 482 2374 664 2495; x_wconf 50' lang='lat' dir='ltr'>reli‘onis</span> <span class='ocrx_word' id='word_1_145' title='bbox 681 2373 833 2466; x_wconf 81' lang='lat' dir='ltr'>invadit,</span> <span class='ocrx_word' id='word_1_146' title='bbox 869 2391 903 2450; x_wconf 87' lang='lat' dir='ltr'>et</span> <span class='ocrx_word' id='word_1_147' title='bbox 920 2379 957 2450; x_wconf 92' lang='lat' dir='ltr'>in</span> <span class='ocrx_word' id='word_1_148' title='bbox 980 2376 1231 2453; x_wconf 86' lang='lat' dir='ltr'>coutumeliam</span> <span class='ocrx_word' id='word_1_149' title='bbox 1247 2377 1390 2468; x_wconf 80' lang='lat' dir='ltr'>Eskilli,</span> <span class='ocrx_word' id='word_1_150' title='bbox 1424 2401 1447 2450; x_wconf 87' lang='lat' dir='ltr'>a</span> 
     </span>
     <span class='ocr_line' id='line_1_18' title="bbox 141 2498 1448 2606; baseline -0.005 -28"><span class='ocrx_word' id='word_1_151' title='bbox 141 2531 215 2606; x_wconf 91' lang='lat' dir='ltr'>quo</span> <span class='ocrx_word' id='word_1_152' title='bbox 233 2503 346 2578; x_wconf 85' lang='lat' dir='ltr'>bisse</span> <span class='ocrx_word' id='word_1_153' title='bbox 363 2515 601 2599; x_wconf 87' lang='lat' dir='ltr'>provocatum</span> <span class='ocrx_word' id='word_1_154' title='bbox 620 2502 846 2589; x_wconf 89' lang='lat' dir='ltr'>meminerat,</span> <span class='ocrx_word' id='word_1_155' title='bbox 872 2499 1013 2572; x_wconf 86' lang='lat' dir='ltr'>cuidam</span> <span class='ocrx_word' id='word_1_156' title='bbox 1030 2498 1192 2598; x_wconf 89' lang='lat' dir='ltr'>ejusdem</span> <span class='ocrx_word' id='word_1_157' title='bbox 1215 2501 1366 2572; x_wconf 89' lang='lat' dir='ltr'>nominis</span> <span class='ocrx_word' id='word_1_158' title='bbox 1382 2523 1448 2575; x_wconf 89' lang='lat' dir='ltr'>sa-</span> 
     </span>
     <span class='ocr_line' id='line_1_19' title="bbox 141 2621 1448 2727; baseline -0.002 -25"><span class='ocrx_word' id='word_1_159' title='bbox 141 2625 276 2702; x_wconf 83' lang='lat' dir='ltr'>cerdoti</span> <span class='ocrx_word' id='word_1_160' title='bbox 293 2621 462 2725; x_wconf 87' lang='lat' dir='ltr'>pontificii</span> <span class='ocrx_word' id='word_1_161' title='bbox 478 2625 674 2727; x_wconf 82' lang='lat' dir='ltr'>gestionem</span> <span class='ocrx_word' id='word_1_162' title='bbox 690 2625 855 2722; x_wconf 63' lang='lat' dir='ltr'>assignat,</span> <span class='ocrx_word' id='word_1_163' title='bbox 905 2621 1056 2713; x_wconf 91' lang='lat' dir='ltr'>Deinde,</span> <span class='ocrx_word' id='word_1_164' title='bbox 1079 2638 1249 2720; x_wconf 85' lang='lat' dir='ltr'>tunquam</span> <span class='ocrx_word' id='word_1_165' title='bbox 1264 2629 1448 2699; x_wconf 87' lang='lat' dir='ltr'>universas</span> 
     </span>
     <span class='ocr_line' id='line_1_20' title="bbox 142 2722 1447 2844; baseline -0.004 -18"><span class='ocrx_word' id='word_1_166' title='bbox 142 2749 261 2826; x_wconf 82' lang='lat' dir='ltr'>aemuli</span> <span class='ocrx_word' id='word_1_167' title='bbox 290 2751 381 2822; x_wconf 85' lang='lat' dir='ltr'>vires</span> <span class='ocrx_word' id='word_1_168' title='bbox 404 2722 588 2844; x_wconf 39' lang='lat' dir='ltr'>&amp;aare</span> <span class='ocrx_word' id='word_1_169' title='bbox 622 2741 748 2841; x_wconf 88' lang='lat' dir='ltr'>praelio</span> <span class='ocrx_word' id='word_1_170' title='bbox 784 2743 1016 2836; x_wconf 89' lang='lat' dir='ltr'>contudisset,</span> <span class='ocrx_word' id='word_1_171' title='bbox 1049 2745 1220 2820; x_wconf 88' lang='lat' dir='ltr'>omnibus</span> <span class='ocrx_word' id='word_1_172' title='bbox 1251 2770 1447 2844; x_wconf 85' lang='lat' dir='ltr'>corporum</span> 
     </span>
     <span class='ocr_line' id='line_1_21' title="bbox 140 2863 1448 2964; baseline -0.006 -16"><span class='ocrx_word' id='word_1_173' title='bbox 140 2875 367 2948; x_wconf 87' lang='lat' dir='ltr'>munimentis</span> <span class='ocrx_word' id='word_1_174' title='bbox 380 2864 478 2964; x_wconf 87' lang='lat' dir='ltr'>apud</span> <span class='ocrx_word' id='word_1_175' title='bbox 492 2863 669 2939; x_wconf 82' lang='lat' dir='ltr'>Lundiatn</span> <span class='ocrx_word' id='word_1_176' title='bbox 683 2864 830 2960; x_wconf 88' lang='lat' dir='ltr'>relictis,</span> <span class='ocrx_word' id='word_1_177' title='bbox 867 2866 953 2947; x_wconf 80' lang='lat' dir='ltr'>alins</span> <span class='ocrx_word' id='word_1_178' title='bbox 975 2867 1140 2944; x_wconf 90' lang='lat' dir='ltr'>locorum</span> <span class='ocrx_word' id='word_1_179' title='bbox 1159 2885 1196 2942; x_wconf 88' lang='lat' dir='ltr'>et</span> <span class='ocrx_word' id='word_1_180' title='bbox 1217 2884 1314 2940; x_wconf 87' lang='lat' dir='ltr'>metu</span> <span class='ocrx_word' id='word_1_181' title='bbox 1330 2883 1366 2940; x_wconf 89' lang='lat' dir='ltr'>et</span> <span class='ocrx_word' id='word_1_182' title='bbox 1381 2894 1448 2940; x_wconf 81' lang='lat' dir='ltr'>ar-</span> 
     </span>
     <span class='ocr_line' id='line_1_22' title="bbox 142 2971 1449 3102; baseline -0.005 -34"><span class='ocrx_word' id='word_1_183' title='bbox 142 3001 208 3072; x_wconf 86' lang='lat' dir='ltr'>mis</span> <span class='ocrx_word' id='word_1_184' title='bbox 232 2971 367 3102; x_wconf 48' lang='lat' dir='ltr'>aspa</span> <span class='ocrx_word' id='word_1_185' title='bbox 391 2988 636 3090; x_wconf 87' lang='lat' dir='ltr'>proficiscitur.</span> <span class='ocrx_word' id='word_1_186' title='bbox 690 2991 772 3080; x_wconf 89' lang='lat' dir='ltr'>Quo</span> <span class='ocrx_word' id='word_1_187' title='bbox 793 3007 952 3089; x_wconf 83' lang='lat' dir='ltr'>accepto,</span> <span class='ocrx_word' id='word_1_188' title='bbox 978 3017 1051 3082; x_wconf 87' lang='lat' dir='ltr'>rex,</span> <span class='ocrx_word' id='word_1_189' title='bbox 1075 2995 1264 3064; x_wconf 88' lang='lat' dir='ltr'>contractis</span> <span class='ocrx_word' id='word_1_190' title='bbox 1288 2989 1449 3090; x_wconf 89' lang='lat' dir='ltr'>undique</span> 
     </span>
     <span class='ocr_line' id='line_1_23' title="bbox 141 3086 1450 3214; baseline -0.005 -22"><span class='ocrx_word' id='word_1_191' title='bbox 141 3119 295 3209; x_wconf 80' lang='lat' dir='ltr'>levibus,</span> <span class='ocrx_word' id='word_1_192' title='bbox 319 3086 355 3188; x_wconf 73' lang='lat' dir='ltr'>‘et</span> <span class='ocrx_word' id='word_1_193' title='bbox 368 3137 451 3214; x_wconf 84' lang='lat' dir='ltr'>quae</span> <span class='ocrx_word' id='word_1_194' title='bbox 467 3111 542 3186; x_wconf 81' lang='lat' dir='ltr'>fors</span> <span class='ocrx_word' id='word_1_195' title='bbox 556 3108 745 3202; x_wconf 87' lang='lat' dir='ltr'>obtulerat,</span> <span class='ocrx_word' id='word_1_196' title='bbox 769 3113 929 3212; x_wconf 82' lang='lat' dir='ltr'>navigiis,</span> <span class='ocrx_word' id='word_1_197' title='bbox 947 3124 1054 3189; x_wconf 81' lang='lat' dir='ltr'>noctu</span> <span class='ocrx_word' id='word_1_198' title='bbox 1081 3112 1293 3186; x_wconf 86' lang='lat' dir='ltr'>eSialundia</span> <span class='ocrx_word' id='word_1_199' title='bbox 1315 3115 1450 3211; x_wconf 85' lang='lat' dir='ltr'>trajecit</span> 
     </span>
     <span class='ocr_line' id='line_1_24' title="bbox 142 3233 1449 3334; baseline -0.005 -18"><span class='ocrx_word' id='word_1_200' title='bbox 142 3241 348 3329; x_wconf 79' lang='lat' dir='ltr'>exercitum,</span> <span class='ocrx_word' id='word_1_201' title='bbox 373 3236 525 3310; x_wconf 81' lang='lat' dir='ltr'>amicius</span> <span class='ocrx_word' id='word_1_202' title='bbox 547 3233 671 3306; x_wconf 88' lang='lat' dir='ltr'>Scania</span> <span class='ocrx_word' id='word_1_203' title='bbox 686 3237 901 3334; x_wconf 87' lang='lat' dir='ltr'>navigationi</span> <span class='ocrx_word' id='word_1_204' title='bbox 919 3259 995 3310; x_wconf 86' lang='lat' dir='ltr'>suae</span> <span class='ocrx_word' id='word_1_205' title='bbox 1021 3233 1169 3310; x_wconf 87' lang='lat' dir='ltr'>ductum</span> <span class='ocrx_word' id='word_1_206' title='bbox 1189 3244 1329 3312; x_wconf 89' lang='lat' dir='ltr'>eminus</span> <span class='ocrx_word' id='word_1_207' title='bbox 1350 3239 1449 3312; x_wconf 88' lang='lat' dir='ltr'>scin-</span> 
     </span>
     <span class='ocr_line' id='line_1_25' title="bbox 142 3338 1542 3458; baseline -0.007 -18"><span class='ocrx_word' id='word_1_208' title='bbox 142 3363 300 3440; x_wconf 86' lang='lat' dir='ltr'>tillarum</span> <span class='ocrx_word' id='word_1_209' title='bbox 316 3358 472 3434; x_wconf 87' lang='lat' dir='ltr'>silicibus</span> <span class='ocrx_word' id='word_1_210' title='bbox 485 3381 713 3430; x_wconf 84' lang='lat' dir='ltr'>excussurum</span> <span class='ocrx_word' id='word_1_211' title='bbox 730 3356 925 3457; x_wconf 89' lang='lat' dir='ltr'>splendore</span> <span class='ocrx_word' id='word_1_212' title='bbox 937 3358 1193 3458; x_wconf 78' lang='lat' dir='ltr'>praebentibus.</span> <span class='ocrx_word' id='word_1_213' title='bbox 1227 3361 1450 3434; x_wconf 86' lang='lat' dir='ltr'>Fortissimus</span> <span class='ocrx_word' id='word_1_214' title='bbox 1534 3338 1542 3360; x_wconf 45' lang='grc' dir='ltr'><em>Ι</em></span> 
     </span>
     <span class='ocr_line' id='line_1_26' title="bbox 144 3473 1522 3586; baseline -0.004 -26"><span class='ocrx_word' id='word_1_215' title='bbox 144 3502 301 3586; x_wconf 90' lang='lat' dir='ltr'>quatuor</span> <span class='ocrx_word' id='word_1_216' title='bbox 315 3481 493 3556; x_wconf 85' lang='lat' dir='ltr'>Oluvianae</span> <span class='ocrx_word' id='word_1_217' title='bbox 524 3479 655 3552; x_wconf 86' lang='lat' dir='ltr'>militiae</span> <span class='ocrx_word' id='word_1_218' title='bbox 677 3483 771 3552; x_wconf 85' lang='lat' dir='ltr'>viros</span> <span class='ocrx_word' id='word_1_219' title='bbox 795 3477 894 3553; x_wconf 92' lang='lat' dir='ltr'>domi</span> <span class='ocrx_word' id='word_1_220' title='bbox 917 3483 1130 3582; x_wconf 85' lang='lat' dir='ltr'>interceptos</span> <span class='ocrx_word' id='word_1_221' title='bbox 1157 3489 1260 3583; x_wconf 85' lang='lat' dir='ltr'>aquis</span> <span class='ocrx_word' id='word_1_222' title='bbox 1285 3483 1451 3556; x_wconf 88' lang='lat' dir='ltr'>obruen-</span> <span class='ocrx_word' id='word_1_223' title='bbox 1496 3473 1522 3494; x_wconf 51' lang='lat'>&#39;⁴</span> 
     </span>
     <span class='ocr_line' id='line_1_27' title="bbox 144 3586 1449 3700; baseline -0.007 -16"><span class='ocrx_word' id='word_1_224' title='bbox 144 3607 369 3684; x_wconf 83' lang='lat' dir='ltr'>doncuravit.</span> <span class='ocrx_word' id='word_1_225' title='bbox 418 3601 664 3676; x_wconf 86' lang='lat' dir='ltr'>Adulterinum</span> <span class='ocrx_word' id='word_1_226' title='bbox 674 3586 923 3700; x_wconf 70' lang='lat' dir='ltr'>pontificenfr&#39;a</span> <span class='ocrx_word' id='word_1_227' title='bbox 947 3611 1019 3678; x_wconf 84' lang='lat' dir='ltr'>veri</span> <span class='ocrx_word' id='word_1_228' title='bbox 1036 3605 1223 3680; x_wconf 79' lang='lat' dir='ltr'>sacerdotii</span> <span class='ocrx_word' id='word_1_229' title='bbox 1243 3629 1449 3680; x_wconf 86' lang='lat' dir='ltr'>sacramen-</span> 
     </span>
     <span class='ocr_line' id='line_1_28' title="bbox 141 3723 1451 3826; baseline -0.005 -22"><span class='ocrx_word' id='word_1_230' title='bbox 141 3735 186 3806; x_wconf 90' lang='lat' dir='ltr'>tis</span> <span class='ocrx_word' id='word_1_231' title='bbox 200 3745 349 3804; x_wconf 83' lang='lat' dir='ltr'>exutum</span> <span class='ocrx_word' id='word_1_232' title='bbox 373 3723 567 3825; x_wconf 88' lang='lat' dir='ltr'>suspendio</span> <span class='ocrx_word' id='word_1_233' title='bbox 581 3723 702 3798; x_wconf 80' lang='lat' dir='ltr'>finivit.</span> <span class='ocrx_word' id='word_1_234' title='bbox 754 3729 861 3800; x_wconf 84' lang='lat' dir='ltr'>Arma</span> <span class='ocrx_word' id='word_1_235' title='bbox 880 3724 1009 3800; x_wconf 90' lang='lat' dir='ltr'>deinde</span> <span class='ocrx_word' id='word_1_236' title='bbox 1024 3727 1201 3820; x_wconf 89' lang='lat' dir='ltr'>hostium,</span> <span class='ocrx_word' id='word_1_237' title='bbox 1222 3743 1359 3826; x_wconf 86' lang='lat' dir='ltr'>gratam</span> <span class='ocrx_word' id='word_1_238' title='bbox 1376 3727 1451 3799; x_wconf 90' lang='lat' dir='ltr'>mi·-</span> 
     </span>
     <span class='ocr_line' id='line_1_29' title="bbox 142 3845 1451 3950; baseline -0.006 -22"><span class='ocrx_word' id='word_1_239' title='bbox 142 3854 267 3928; x_wconf 89' lang='lat' dir='ltr'>litibus</span> <span class='ocrx_word' id='word_1_240' title='bbox 289 3847 471 3950; x_wconf 83' lang='lat' dir='ltr'>praedam,</span> <span class='ocrx_word' id='word_1_241' title='bbox 500 3852 700 3944; x_wconf 86' lang='lat' dir='ltr'>occupavit.</span> <span class='ocrx_word' id='word_1_242' title='bbox 778 3849 840 3918; x_wconf 88' lang='lat' dir='ltr'>His</span> <span class='ocrx_word' id='word_1_243' title='bbox 867 3845 1024 3946; x_wconf 88' lang='lat' dir='ltr'>denique</span> <span class='ocrx_word' id='word_1_244' title='bbox 1049 3875 1137 3924; x_wconf 90' lang='lat' dir='ltr'>usus</span> <span class='ocrx_word' id='word_1_245' title='bbox 1172 3849 1322 3922; x_wconf 85' lang='lat' dir='ltr'>Olavum</span> <span class='ocrx_word' id='word_1_246' title='bbox 1352 3847 1451 3946; x_wconf 87' lang='lat' dir='ltr'>apud</span> 
     </span>
     <span class='ocr_line' id='line_1_30' title="bbox 144 3967 1451 4070; baseline -0.005 -21"><span class='ocrx_word' id='word_1_247' title='bbox 144 3975 378 4070; x_wconf 86' lang='lat' dir='ltr'>Glumstorp¹</span> <span class='ocrx_word' id='word_1_248' title='bbox 404 3975 523 4044; x_wconf 89' lang='lat' dir='ltr'>vicum</span> <span class='ocrx_word' id='word_1_249' title='bbox 546 3986 711 4042; x_wconf 88' lang='lat' dir='ltr'>conserto</span> <span class='ocrx_word' id='word_1_250' title='bbox 734 3967 858 4066; x_wconf 86' lang='lat' dir='ltr'>praelio</span> <span class='ocrx_word' id='word_1_251' title='bbox 882 3975 1074 4068; x_wconf 86' lang='lat' dir='ltr'>superavit.</span> <span class='ocrx_word' id='word_1_252' title='bbox 1136 3973 1206 4064; x_wconf 89' lang='lat' dir='ltr'>Qui</span> <span class='ocrx_word' id='word_1_253' title='bbox 1227 3975 1261 4041; x_wconf 91' lang='lat' dir='ltr'>in</span> <span class='ocrx_word' id='word_1_254' title='bbox 1284 3969 1451 4042; x_wconf 87' lang='lat' dir='ltr'>Gothium</span> 
     </span>
     <span class='ocr_line' id='line_1_31' title="bbox 144 4091 1452 4199; baseline -0.01 -22"><span class='ocrx_word' id='word_1_255' title='bbox 144 4101 368 4199; x_wconf 78' lang='lat' dir='ltr'>confugiens,</span> <span class='ocrx_word' id='word_1_256' title='bbox 386 4094 575 4192; x_wconf 85' lang='lat' dir='ltr'>interjectis</span> <span class='ocrx_word' id='word_1_257' title='bbox 589 4091 733 4178; x_wconf 89' lang='lat' dir='ltr'>diebus,</span> <span class='ocrx_word' id='word_1_258' title='bbox 745 4115 811 4188; x_wconf 90' lang='lat' dir='ltr'>per</span> <span class='ocrx_word' id='word_1_259' title='bbox 828 4092 1047 4194; x_wconf 86' lang='lat' dir='ltr'>Blekingium</span> <span class='ocrx_word' id='word_1_260' title='bbox 1064 4097 1218 4185; x_wconf 83' lang='lat' dir='ltr'>revertit,</span> <span class='ocrx_word' id='word_1_261' title='bbox 1235 4097 1390 4192; x_wconf 88' lang='lat' dir='ltr'>itemque</span> <span class='ocrx_word' id='word_1_262' title='bbox 1406 4093 1452 4165; x_wconf 87' lang='lat' dir='ltr'>ab</span> 
     </span>
     <span class='ocr_line' id='line_1_32' title="bbox 144 4213 1453 4319; baseline -0.005 -24"><span class='ocrx_word' id='word_1_263' title='bbox 144 4225 252 4294; x_wconf 90' lang='lat' dir='ltr'>Erico</span> <span class='ocrx_word' id='word_1_264' title='bbox 279 4221 444 4319; x_wconf 80' lang='lat' dir='ltr'>fugatos,</span> <span class='ocrx_word' id='word_1_265' title='bbox 475 4241 557 4288; x_wconf 88' lang='lat' dir='ltr'>cum</span> <span class='ocrx_word' id='word_1_266' title='bbox 574 4213 621 4285; x_wconf 86' lang='lat' dir='ltr'>ad</span> <span class='ocrx_word' id='word_1_267' title='bbox 646 4217 818 4285; x_wconf 84' lang='lat' dir='ltr'>montium</span> <span class='ocrx_word' id='word_1_268' title='bbox 847 4220 1028 4314; x_wconf 86' lang='lat' dir='ltr'>angustias</span> <span class='ocrx_word' id='word_1_269' title='bbox 1055 4221 1288 4315; x_wconf 79' lang='lat' dir='ltr'>pervenisset,</span> <span class='ocrx_word' id='word_1_270' title='bbox 1329 4241 1453 4290; x_wconf 87' lang='lat' dir='ltr'>eorum</span> 
     </span>
     <span class='ocr_line' id='line_1_33' title="bbox 144 4338 1455 4442; baseline -0.005 -24"><span class='ocrx_word' id='word_1_271' title='bbox 144 4341 315 4442; x_wconf 82' lang='lat' dir='ltr'>praesidio</span> <span class='ocrx_word' id='word_1_272' title='bbox 341 4341 453 4414; x_wconf 76' lang='lat' dir='ltr'>laetus</span> <span class='ocrx_word' id='word_1_273' title='bbox 488 4339 649 4436; x_wconf 79' lang='lat' dir='ltr'>proxime</span> <span class='ocrx_word' id='word_1_274' title='bbox 675 4341 900 4434; x_wconf 87' lang='lat' dir='ltr'>insequentes</span> <span class='ocrx_word' id='word_1_275' title='bbox 929 4338 1069 4414; x_wconf 89' lang='lat' dir='ltr'>delevit.</span> <span class='ocrx_word' id='word_1_276' title='bbox 1140 4342 1278 4412; x_wconf 87' lang='lat' dir='ltr'>Partem</span> <span class='ocrx_word' id='word_1_277' title='bbox 1305 4365 1455 4439; x_wconf 90' lang='lat' dir='ltr'>quoquc</span> 
     </span>
     <span class='ocr_line' id='line_1_34' title="bbox 145 4461 1452 4562; baseline -0.004 -23"><span class='ocrx_word' id='word_1_278' title='bbox 145 4473 320 4542; x_wconf 87' lang='lat' dir='ltr'>exercitus</span> <span class='ocrx_word' id='word_1_279' title='bbox 344 4469 379 4535; x_wconf 88' lang='lat' dir='ltr'>in</span> <span class='ocrx_word' id='word_1_280' title='bbox 403 4461 559 4536; x_wconf 91' lang='lat' dir='ltr'>bostium</span> <span class='ocrx_word' id='word_1_281' title='bbox 589 4475 686 4558; x_wconf 86' lang='lat' dir='ltr'>terga</span> <span class='ocrx_word' id='word_1_282' title='bbox 714 4461 869 4554; x_wconf 87' lang='lat' dir='ltr'>trajecit,</span> <span class='ocrx_word' id='word_1_283' title='bbox 908 4487 1024 4560; x_wconf 90' lang='lat' dir='ltr'>eaque</span> <span class='ocrx_word' id='word_1_284' title='bbox 1054 4485 1162 4534; x_wconf 88' lang='lat' dir='ltr'>manu</span> <span class='ocrx_word' id='word_1_285' title='bbox 1186 4462 1452 4562; x_wconf 88' lang='lat' dir='ltr'>propemodum</span> 
     </span>
    </p>
   </div>
   <div class='ocr_carea' id='block_1_3' title="bbox 1151 4632 1174 4669">
    <p class='ocr_par' dir='ltr' id='par_1_3' title="bbox 1151 4632 1174 4669">
     <span class='ocr_line' id='line_1_35' title="bbox 1151 4632 1174 4669; baseline -0.174 0"><span class='ocrx_word' id='word_1_286' title='bbox 1151 4632 1174 4669; x_wconf 62' lang='grc' dir='ltr'>Φ.</span> 
     </span>
    </p>
   </div>
   <div class='ocr_carea' id='block_1_4' title="bbox 152 4767 1454 4974">
    <p class='ocr_par' dir='ltr' id='par_1_4' title="bbox 152 4767 1454 4974">
     <span class='ocr_line' id='line_1_36' title="bbox 195 4767 1454 4871; baseline -0.008 -23"><span class='ocrx_word' id='word_1_287' title='bbox 195 4779 399 4871; x_wconf 66' lang='lat' dir='ltr'>¹olumnam]</span> <span class='ocrx_word' id='word_1_288' title='bbox 420 4786 509 4846; x_wconf 87' lang='lat' dir='ltr'>Nunc</span> <span class='ocrx_word' id='word_1_289' title='bbox 523 4783 699 4864; x_wconf 84' lang='lat' dir='ltr'>Glugsturp,</span> <span class='ocrx_word' id='word_1_290' title='bbox 717 4797 772 4862; x_wconf 83' lang='lat' dir='ltr'>pa·</span> <span class='ocrx_word' id='word_1_291' title='bbox 829 4787 892 4837; x_wconf 90' lang='lat' dir='ltr'>tem</span> <span class='ocrx_word' id='word_1_292' title='bbox 913 4767 1025 4852; x_wconf 82' lang='lat' dir='ltr'>(Subm</span> <span class='ocrx_word' id='word_1_293' title='bbox 1039 4778 1121 4843; x_wconf 82' lang='lat' dir='ltr'>illst.</span> <span class='ocrx_word' id='word_1_294' title='bbox 1134 4776 1170 4842; x_wconf 84' lang='lat' dir='ltr'>uf</span> <span class='ocrx_word' id='word_1_295' title='bbox 1179 4781 1289 4843; x_wconf 80' lang='lat' dir='ltr'>Dauus.</span> <span class='ocrx_word' id='word_1_296' title='bbox 1306 4780 1367 4846; x_wconf 84' lang='lat' dir='ltr'>rol.</span> <span class='ocrx_word' id='word_1_297' title='bbox 1384 4774 1405 4840; x_wconf 88' lang='lat'><strong>5</strong></span> <span class='ocrx_word' id='word_1_298' title='bbox 1426 4798 1454 4863; x_wconf 88' lang='lat' dir='ltr'>p.</span> 
     </span>
     <span class='ocr_line' id='line_1_37' title="bbox 152 4879 917 4974; baseline -0.012 -19"><span class='ocrx_word' id='word_1_299' title='bbox 152 4889 409 4974; x_wconf 76' lang='lat' dir='ltr'>gumuonprocul</span> <span class='ocrx_word' id='word_1_300' title='bbox 421 4885 644 4952; x_wconf 78' lang='lat' dir='ltr'>abaudsltrons</span> <span class='ocrx_word' id='word_1_301' title='bbox 658 4883 771 4948; x_wconf 84' lang='lat' dir='ltr'>distan-</span> <span class='ocrx_word' id='word_1_302' title='bbox 808 4913 811 4922; x_wconf 92' lang='lat'><em>·</em></span> <span class='ocrx_word' id='word_1_303' title='bbox 830 4879 917 4966; x_wconf 91' lang='grc'>555).</span> 
     </span>
    </p>
   </div>
   <div class='ocr_carea' id='block_1_5' title="bbox 0 0 1777 5460">
    <p class='ocr_par' dir='ltr' id='par_1_5' title="bbox 0 0 1777 5460">
     <span class='ocr_line' id='line_1_38' title="bbox 0 0 1777 5460; baseline 0 0"><span class='ocrx_word' id='word_1_304' title='bbox 0 0 1777 5460; x_wconf 95' lang='lat' dir='ltr'> </span> 
     </span>
    </p>
   </div>
  </div>
 </body>
</html>
