3582 5466
361 295 436 374 stt
703 299 880 374 unroa.
894 298 1154 374 omniura
1168 305 1227 374 xi.

310 512 603 611 Sembonumque
628 533 671 584 ac
699 509 897 584 Etthonum
921 509 1079 584 fonditus
1094 533 1206 609 regna
1222 511 1406 586 delesset¹.
1465 509 1615 602 Deinde,¹
1648 525 1651 532 “

232 629 235 638 ’
311 634 454 710 sublato
476 634 590 724 hoste,
613 635 753 731 nuptias
768 636 1075 731 circumspiciens,
1106 633 1323 731 finitimaque
1346 635 1513 733 conjugia
1539 633 1616 706 ob-

311 775 416 832 scura
431 781 473 830 ao
482 755 647 856 dignitate
662 779 727 827 sua
743 757 880 826 minora
894 771 1071 853 reputans,
1079 757 1238 854 praesenti
1253 756 1440 845 Flandriae,
1458 755 1615 846 Roberti,

310 879 419 954 fdiam
434 878 597 952 Ethlam²
614 881 649 949 in
665 883 925 951 matrimonium
943 879 1148 972 advocavit;
1165 905 1208 952 ex
1227 905 1297 978 qua
1314 877 1409 954 fitius
1423 882 1457 952 ei
1466 875 1616 950 Carolus

311 1003 463 1076 obvenit
504 1006 668 1100 Cumque
686 1018 888 1100 magnatum
904 1002 1088 1076 insolentia
1107 1002 1242 1076 solutos
1260 1003 1518 1098 hebetatusque
1534 999 1616 1096 pri·-

311 1131 359 1200 sci
374 1126 462 1224 juris
475 1149 605 1198 nervos
622 1125 809 1221 aspiceret,
842 1127 1010 1200 omnibus
1038 1127 1165 1226 ingenii
1181 1125 1297 1199 modis
1314 1125 1361 1198 ad
1380 1121 1615 1222 reparandam

311 1249 413 1346 patrii
433 1248 541 1320 moris
573 1245 795 1344 disciplinam
828 1249 1012 1339 connisus,
1050 1247 1262 1346 probatioris
1286 1249 1428 1347 justitiae
1455 1244 1612 1319 cultuani

310 1370 537 1446 severissimis
559 1367 667 1440 edidit
689 1371 869 1462 institutis,
902 1387 1164 1469 conmsumque
1183 1387 1217 1444 et
1239 1370 1416 1444 labentem
1436 1370 1615 1467 aequitatis

310 1510 469 1566 tenorem
486 1497 521 1563 in
540 1493 724 1590 pristinum
738 1495 898 1567 habitum
912 1499 1097 1567 revocavit
1125 1499 1202 1566 Non
1213 1497 1380 1594 sanguini,
1393 1517 1465 1564 non
1481 1513 1612 1563 neces-

310 1614 467 1706 situdini,
492 1639 566 1711 quo
581 1617 695 1690 minus
710 1619 804 1715 juste
820 1642 860 1690 se
873 1631 1027 1717 gereret,
1050 1617 1301 1716 indulgentiam
1317 1617 1459 1710 laabuit3
1484 1611 1615 1686 nultius

311 1739 467 1810 amicitiae
492 1753 553 1811 aut
575 1738 794 1812 familiaritati
816 1743 1055 1838 impunitatem
1078 1743 1213 1838 injuriae
1237 1739 1373 1830 tribuit,
1411 1737 1477 1812 sed
1497 1737 1614 1808 omnin

311 1860 464 1956 antiquae
482 1861 753 1952 ‚consveurdinis
778 1881 953 1937 momenta
982 1865 1222 1962 praeourrens⁴
1247 1859 1497 1934 labefactatum
1525 1861 1614 1957 juris

312 1980 491 2056 viriculum
505 1986 727 2058 tenacissimo
741 2011 833 2059 nexu
853 1989 1013 2060 astrinxit
1043 2013 1085 2060 ac
1110 2001 1266 2085 paternae
1292 1963 1484 2058 severitatis
1500 1982 1613 2054 vesti-

311 2107 368 2204 gia
383 2103 537 2179 solicitus
555 2110 758 2205 usurpavit,
784 2135 900 2209 eoque
921 2109 1038 2184 studio
1057 2109 1279 2209 gravissimas
1302 2110 1480 2205 majorum
1494 2103 1614 2180 otien-

312 2251 372 2303 sas
389 2231 592 2303 conuanc.
645 2235 759 2306 Sacris
784 2231 893 2305 decus
908 2255 1015 2306 sunm
1032 2231 1213 2306 reddebat.
1264 2230 1463 2303 sacerdotia
1480 2251 1612 2328 geren-

360 2467 527 2530 'Funditus
540 2489 631 2550 regna
646 2464 779 2546 delesset]
801 2465 932 2552 Expedi·
990 2465 1084 2546 inies,
1107 2465 1284 2545 homicidas,
1304 2467 1438 2530 latrones
1458 2462 1614 2540 occidisse,

314 2574 410 2638 tiones
437 2570 561 2636 bellicas
591 2571 623 2634 in
644 2571 748 2636 littora
773 2576 933 2652 Curorum,
992 2595 1122 2660 eosque,
1143 2575 1194 2660 qai
1219 2573 1294 2636 aiios
1313 2573 1552 2648 mutitatissent,
1574 2569 1613 2631 si·

312 2677 497 2744 Sembonum
537 2682 744 2762 Estonumque
782 2690 935 2762 susceptas
993 2682 1058 2744 mili
1077 2679 1378 2764 poenamutctandos
1398 2697 1525 2741 curasse.
1566 2679 1613 2737 tn-

312 2785 437 2848 i'amain
458 2781 553 2866 majas
568 2783 682 2844 auxisse
699 2783 824 2847 videtur.
855 2785 935 2847 Scri·
992 2787 1098 2872 primis
1122 2806 1192 2848 vero
1211 2785 1340 2870 rigidam
1363 2784 1443 2868 regis
1466 2781 1614 2868 justitiam

313 2893 359 2954 bit
382 2903 471 2954 autor
496 2888 632 2951 historiae
651 2891 885 2975 linytlingorum
904 2913 934 2974 p.
992 2895 1125 2956 illustrat
1149 2891 1273 2954 historia
1289 2893 1382 2976 Egitti
1403 2892 1491 2972 (ibid.
1509 2916 1539 2976 p.
1550 2887 1612 2952 931

312 2993 384 3074 296,
403 2999 554 3059 Canntum
569 2993 673 3056 littora
688 2997 795 3058 Daniae
811 2995 934 3060 fortiter
992 2999 1088 3087 scqr.)
1136 2999 1189 3061 tlte
1212 2997 1308 3078 enim,
1328 2997 1423 3062 nobiti
1436 3019 1547 3084 genere
1562 2979 1619 3060 or·'

313 3100 492 3178 defendisse,
511 3113 600 3184 atque
625 3103 720 3163 Coros
742 3101 875 3188 aliosque
888 3103 936 3188 pi·
992 3121 1057 3186 tus,
1080 3107 1235 3191 piraticam
1251 3118 1357 3168 eontra
1375 3106 1549 3168 mandatnm
1565 3123 1613 3167 re-

312 3222 394 3272 ratas
423 3207 585 3270 orientales
609 3207 651 3269 ita
678 3207 874 3292 profugasse,
900 3221 934 3271 ut
991 3215 1036 3300 gis
1053 3225 1243 3288 exercuerat,
1270 3223 1433 3296 nautasque
1453 3209 1613 3274 intersece-

313 3317 454 3400 deinceps
474 3313 577 3377 littora
597 3314 740 3377 infestare
771 3315 850 3376 haud
869 3315 933 3377 ausi
990 3332 1056 3396 rat,
1088 3331 1123 3382 ut
1146 3317 1294 3380 mercibus
1312 3319 1432 3379 navium
1452 3317 1612 3402 potiretur.

313 3425 382 3486 sint.
990 3429 1081 3489 Hunc
1094 3427 1196 3510 itaque
1207 3445 1270 3501 rex,
1283 3422 1414 3486 criminis
1430 3423 1614 3496 convictum,

359 3524 513 3604 ²Etiticun]
536 3526 646 3589 lelandi
660 3527 816 3613 appellant
834 3525 933 3607 Ed1u3
992 3531 1130 3616 patibulo
1153 3528 1295 3614 suspendi
1315 3529 1411 3613 jussit,
1434 3530 1613 3616 propinquis

314 3635 352 3698 ab
374 3633 521 3697 AElnotho
542 3631 652 3696 dicitur
676 3633 785 3696 Ethela
806 3633 934 3718 (Script.
993 3637 1076 3722 ejus,
1108 3636 1179 3698 viris
1197 3635 1394 3720 gravissimis,
1424 3635 1534 3700 frustra
1552 3659 1613 3722 pro

314 3740 527 3805 rer.Dan.rol.
539 3743 577 3801 111
593 3732 719 3824 pits),
735 3765 750 3802 a
764 3743 933 3806 Willrelrno
993 3767 1029 3808 co
1049 3740 1281 3828 deprecantibus
1303 3754 1334 3804 et
1355 3765 1493 3826 magnam
1518 3765 1612 3830 pecu-

313 3848 423 3913 abbatc
440 3844 526 3925 (ibid.
548 3847 606 3907 vol.
630 3849 655 3908 ii
678 3869 706 3930 p.
733 3843 806 3928 162)
830 3847 935 3910 Adeta.
992 3853 1072 3914 uiam
1088 3871 1145 3935 pro
1159 3848 1219 3911 vita
1237 3843 1449 3911 offerentibus.

312 3963 401 4021 Hanc
432 3965 520 4016 antor
541 3951 677 4013 historiar
699 3955 935 4038 linytliagorum
1036 3963 1192 4038 ⁴Antrquoe
1227 3959 1439 4018 consuetudinis
1471 3978 1614 4020 morncnta

314 4077 430 4150 patrem
444 4060 626 4124 Balduinnm
645 4059 798 4122 Flandriae
824 4059 935 4144 prmse·
986 4049 1448 4149 praecurrcus]Canutussustulit
1460 4062 1613 4150 antiquam

313 4165 933 4250 etumbabuisseperperamasserit.Anno
990 4169 1073 4230 iliam
1108 4165 1368 4246 consuetudinem,
1407 4167 1489 4251 juxta
1521 4192 1613 4254 quam

315 4271 395 4338 1083
417 4275 533 4336 Canuto
564 4271 698 4354 nupsisse
719 4271 839 4335 ridetur
860 4271 934 4350 (rid.
992 4273 1115 4335 crimina
1136 4270 1269 4356 pecuniis
1291 4271 1333 4332 lui
1360 4286 1542 4356 potuerunt3
1569 4276 1613 4338 le-

313 4381 417 4446 Suhm.
431 4379 510 4440 itist.
525 4374 560 4438 ai
569 4381 678 4439 Danm.
696 4378 754 4438 rol.
768 4375 790 4440 4
804 4402 834 4462 p.
847 4375 934 4458 630).
992 4400 1043 4463 ges
1070 4397 1142 4439 vero
1164 4377 1347 4454 severiores,
1377 4379 1457 4442 baud
1481 4379 1571 4443 dnbio
1594 4407 1611 4446 a

311 4491 313 4494 ’
360 4481 835 4564 ⁵Probcrtiorisjustitiaeercitum]
855 4487 935 4548 Con·
992 4483 1113 4568 regibus
1128 4481 1305 4546 Christianis
1320 4479 1357 4545 ab
1367 4497 1456 4548 aetate
1471 4487 1614 4552 indeca-

313 4595 413 4660 firmat
433 4593 511 4655 banc
530 4590 724 4654 assertionem
741 4603 828 4653 antor
843 4589 936 4653 histo·
969 4657 972 4664 ,
993 4591 1059 4653 nuti
1075 4589 1174 4673 Magni
1189 4588 1262 4650 latas
1282 4601 1312 4652 et
1329 4612 1345 4651 a
1364 4592 1614 4658 SvenoneEstri-

313 4701 367 4768 riae
383 4699 626 4782 tinytlingorum,
639 4698 774 4759 scribens
790 4695 834 4780 (p.
847 4691 934 4775 926),
994 4696 1037 4759 tio
1063 4707 1093 4756 ct
1118 4683 1281 4756 'vindicatas
1303 4707 1334 4756 et
1353 4697 1439 4757 noris
1458 4693 1613 4774 adauctas,

313 4811 463 4874 Canutum
494 4823 601 4888 pacem
636 4814 697 4865 tam
740 4801 934 4866 domesticam
994 4821 1096 4888 presse
1111 4811 1228 4863 secutus
1246 4813 1298 4863 est.

312 4937 404 5001 quam
430 4925 583 4976 externam
611 4910 731 4994 egregio
758 4907 933 4986 vindicasse,
1036 4912 1107 4968 δΕο
1136 4907 1233 4969 studeo
1253 4953 1274 4969 ..
1295 4909 1421 4994 effrenas
1449 4903 1614 4987 contro-ait]
