3582 5466
367 319 442 396 51!ss
711 321 885 392 tttstott.
903 319 1008 392 DAN.
1024 321 1162 391 LlBER
1177 321 1235 392 Xl.

240 615 247 628 ,
314 528 363 600 lio
374 525 615 626 deplorantes,
632 531 844 604 calumniam
864 530 1056 604 mendaciis
1073 529 1350 627 exaggerabant.
1402 531 1504 602 Veris
1523 553 1624 628 quo·-

314 675 388 750 que
402 654 540 750 majora
556 651 740 750 lingentes,
757 657 890 728 invisos
900 656 1041 728 cunctis
1058 651 1247 726 reddidere
1265 667 1470 750 quaestores.
1501 656 1623 750 Quip-

313 799 362 874 pe
395 773 544 846 militum
575 799 686 872 opus,
722 801 796 848 non
827 779 920 875 regis
946 778 1135 876 imperium
1180 773 1411 871 judicabant,
1457 799 1523 848 nec
1555 777 1623 873 ju·

313 898 446 988 beatis,
472 895 535 969 sed
557 897 647 994 jussi
668 895 825 969 studium
849 897 1087 970 intuebantur.
1144 902 1305 990 Quorum
1334 897 1495 970 instinctu
1520 894 1623 968 mul·-

314 1017 430 1093 titudo
454 1035 651 1117 quaestores
671 1019 813 1111 adorta,
844 1045 1069 1094 communem
1087 1023 1251 1120 injuriam
1281 1019 1429 1119 publica
1456 1037 1624 1093 conster-

313 1146 456 1214 natione
482 1139 652 1232 cohibuit,
679 1147 801 1242 magis,
825 1143 915 1242 quid
930 1145 1041 1235 fieret,
1067 1169 1177 1241 quant
1202 1143 1376 1241 quidfieri
1397 1145 1538 1242 jussum
1559 1165 1623 1214 es-

312 1283 376 1358 set,
392 1267 589 1362 inspiciens.
642 1267 714 1347 Nec
730 1291 854 1338 eorum
870 1265 1032 1340 caedibus
1047 1269 1180 1355 satiata,
1196 1270 1232 1338 in
1248 1291 1368 1364 regern
1384 1291 1534 1363 quoque
1550 1291 1622 1338 ao-

311 1413 397 1462 sana
414 1389 589 1486 prorupit.
641 1390 711 1479 Qui
733 1393 903 1485 impetum
926 1389 1006 1486 ejus
1029 1409 1234 1488 opportune
1258 1413 1321 1462 sua
1342 1403 1442 1462 ratus
1465 1389 1623 1462 absentia

311 1509 582 1601 declinandum,
622 1509 814 1582 Slesvicum
838 1519 1032 1604 concessit,
1063 1514 1186 1613 ibique
1214 1513 1407 1612 conjugem
1440 1537 1521 1584 cum
1546 1507 1622 1584 lilio

311 1638 548 1724 constitutam,
572 1634 601 1704 si
616 1658 673 1706 res
689 1633 823 1706 sinistre
843 1637 1040 1727 cessissent,
1066 1638 1259 1736 perfugere
1279 1640 1314 1707 in
1338 1637 1488 1735 patriam
1504 1635 1622 1734 jussit,

310 1757 452 1831 nullum
468 1759 559 1830 inter
576 1755 736 1854 perfidos
750 1755 954 1852 presidium
973 1757 1183 1832 habituram.
1246 1760 1427 1858 Siquidem
1442 1763 1621 1856 intempe-

311 1883 445 1957 stivam
468 1905 579 1979 regno
596 1878 774 1951 haeredem
791 1879 1063 1952 domesticorum
1082 1882 1228 1956 arbitrio
1246 1882 1619 1982 relinquerevereba-

311 2021 378 2078 tur.
436 2007 546 2105 igitur
559 2001 759 2094 Wandali¹,
776 2003 889 2076 solam
909 2006 974 2077 sibi
993 2006 1026 2074 in
1044 2008 1150 2076 armis
1165 2004 1365 2082 libertatern
1383 2023 1515 2080 restare
1532 2029 1618 2076 cre-

310 2127 446 2217 dentes,
480 2127 575 2223 lugao
599 2127 678 2223 ejus
699 2125 848 2223 perinde
868 2151 910 2198 ao
933 2130 1080 2200 victores
1102 2129 1270 2203 insultare
1296 2145 1494 2228 coeperunt.
1547 2133 1616 2221 Qui

310 2275 436 2348 quum,
462 2249 725 2322 imminentibus
743 2251 841 2338 lutis,
867 2265 900 2320 et
914 2267 1030 2323 vetera
1047 2250 1173 2324 anaxilla
1190 2251 1343 2324 deficere
1357 2269 1526 2343 cerneret,
1550 2277 1618 2324 nec

307 2399 403 2448 nora
419 2373 588 2470 temporis
604 2376 774 2470 angustiae
789 2373 946 2446 contrahi
961 2379 1121 2467 sinerent,
1145 2401 1220 2475 quo
1237 2382 1344 2448 tutior
1358 2399 1497 2448 secessu
1515 2376 1618 2464 lorct,

307 2501 336 2571 F
338 2498 468 2570 ioniam
484 2497 580 2593 petit,
596 2493 746 2569 salutem
764 2497 886 2570 insulae
901 2499 1069 2595 praesidio
1088 2505 1314 2599 quaesiturus.
1347 2499 1416 2572 Ubi
1429 2497 1616 2572 nihilomi-

309 2647 378 2696 nus
403 2619 586 2720 indignam
608 2617 869 2718 religiosissimo
891 2627 1016 2720 spiritu
1040 2649 1106 2696 suo
1140 2623 1339 2696 violentiam
1366 2640 1534 2721 expertus
1555 2639 1616 2694 est.

308 2747 399 2820 nine
421 2748 514 2816 enim
541 2741 628 2814 lutis
643 2757 743 2812 aucta
760 2745 924 2818 saeviendi
939 2745 1069 2818 fiducia
1080 2749 1291 2818 concitatam
1306 2745 1539 2820 multitudinis
1555 2765 1615 2820 te-

308 2869 504 2940 meritatem
519 2865 666 2954 exacuit,
691 2863 773 2938 hinc
786 2867 971 2968 grassandi
988 2879 1205 2966 praesumpta
1226 2869 1371 2944 libertas
1394 2872 1525 2944 tristem
1539 2871 1616 2969 regi

307 2987 503 3090 procellam
520 2988 649 3060 inflixit.
704 2993 795 3064 Sane
812 2991 1017 3091 populares,
1033 3019 1152 3090 poenae
1169 3009 1260 3064 metu
1277 3009 1436 3093 coeptum
1454 2996 1615 3066 omittere

307 3115 419 3204 veriti,
442 3115 742 3210 perseverantiam
757 3112 880 3190 sceleri
899 3114 1331 3190 exhibendamduxerunt
1383 3122 1507 3216 Neque
1522 3119 1614 3190 enirn

306 3237 363 3310 bis
390 3236 516 3308 laesum
550 3259 695 3332 poenam
717 3239 827 3310 noxiis
851 3241 1077 3314 remissurum
1108 3237 1309 3314 credebant.
1358 3223 1519 3340 Ideoque
1536 3243 1615 3339 ejus

306 3359 447 3432 exitium
474 3359 645 3449 sitientes,
677 3359 920 3436 ardentissimo
947 3361 1032 3436 odio
1059 3366 1264 3438 sanctissimi
1287 3366 1488 3436 virinecem
1505 3381 1614 3462 pete·-

306 3482 402 3573 bant,
428 3507 482 3574 ac,
501 3480 608 3554 veluti
624 3487 734 3556 veniae
749 3485 993 3584 desperatione
1010 3485 1198 3585 compulsi,
1211 3486 1351 3561 bostem
1363 3485 1485 3560 tollere
1502 3513 1613 3584 quarn

306 3605 459 3680 ultorem
487 3608 637 3704 experiri
655 3607 862 3683 maluerunt
919 3612 992 3682 Nec
1009 3613 1081 3684 suis
1101 3637 1184 3684 eum
1198 3610 1331 3684 finibus
1347 3617 1503 3710 exegisse
1519 3635 1614 3684 con-

306 3732 401 3822 tenti,
420 3731 541 3802 Fionia
555 3755 705 3829 quoque
721 3729 1240 3830 propellendumdecernunt².
1290 3739 1442 3832 Jamque
1457 3759 1529 3824 rex,
1544 3759 1614 3804 ac-

306 3869 413 3953 cepto
436 3853 647 3949 trajectionis
669 3859 816 3951 nuncio,
857 3855 1069 3929 Sialandiam
1103 3861 1273 3957 emigrare
1306 3873 1493 3944 statuerat,
1528 3881 1613 3928 oum

256 4151 257 4156 ’
307 4148 338 4198 ta
360 4133 518 4196 historiam
549 4132 784 4217 linytliogorum
806 4127 849 4215 (p.
871 4129 932 4194 252
988 4135 1161 4216 cidentalis,
1196 4127 1287 4223 quem
1315 4137 1425 4199 lelandi
1462 4151 1610 4200 vocarunt

305 4236 402 4324 sequ.)
416 4238 540 4307 Vendill
556 4261 619 4304 nott
635 4237 757 4324 quidem
770 4238 842 4322 ipsis
864 4259 931 4302 exa·
987 4247 1200 4328 Vettdt'lslogo,
1218 4263 1298 4306 nunc
1314 4245 1499 4326 Vendsyssel.

305 4345 469 4424 ctiouibos,
487 4347 540 4410 sed
555 4359 638 4410 metu
660 4367 761 4410 earnm
781 4349 927 4433 commoti
1030 4357 1040 4388 ²
1059 4357 1163 4415 Fr'oran
1185 4355 1405 4440 propellendam
1438 4351 1611 4432 decernant]

304 4477 387 4518 erma
404 4453 625 4536 corripuerant.
985 4462 1164 4536 Fionenses,
1191 4473 1267 4523 teste
1290 4459 1416 4523 historia
1429 4464 1611 4546 ttuyaliugo-

983 4562 1111 4649 rum,(p.
1124 4563 1213 4646 262),
1229 4587 1293 4630 sese
1310 4567 1380 4632 huic
1391 4567 1473 4634 bello
1483 4571 1610 4634 omuino

351 4663 544 4742 'Wandalrl
579 4667 750 4733 Wandalos
784 4668 928 4760 intelligit
983 4671 1364 4756 subtraherestuduerunt,
1385 4685 1612 4755 asserentesque

304 4779 415 4842 Noster
431 4769 578 4840 Vendilos
592 4771 656 4836 sive
682 4773 794 4842 incolas
813 4787 927 4842 tractus
983 4801 1079 4868 neque
1104 4805 1185 4846 anna
1199 4796 1306 4848 contre
1324 4805 1427 4870 regem
1443 4784 1609 4867 capessitu-

303 4883 394 4948 Jutirs
410 4882 538 4950 marimo
560 4880 805 4962 septentrionalis
821 4899 851 4948 et
876 4907 928 4948 oc·
980 4909 1031 4951 ror
1046 4909 1142 4974 neque
1159 4891 1268 4954 auxilio
1280 4891 1337 4975 ipsi
1347 4889 1509 4954 affuturos.
