3508 5460
613 313 941 387 WALDEMARUS
959 315 983 386 l.
1128 255 1137 264 -
1330 313 1402 385 763

45 631 48 636 Ι
133 527 289 622 pientur.
341 523 512 594 Vicorum
536 524 789 619 qnoqueripae
807 526 1013 623 junctorum
1037 521 1198 596 incendia
1224 537 1453 620 peraguntur,

134 649 250 718 Noctu
266 641 439 716 redeunte
456 641 655 737 Absalooe,
680 669 742 717 rex
757 643 877 732 adhuc
898 647 1067 720 insomnis
1084 644 1255 718 diutinam
1274 647 1353 744 ejus
1367 669 1454 718 mo-

134 791 210 838 ram
227 789 364 863 angore
383 783 418 839 et
441 764 558 865 vigilia
581 768 884 864 prosequebatur.
941 771 1022 860 Quo
1043 783 1189 864 excepto
1212 769 1372 866 gavisus,
1402 767 1455 840 li-

11 897 12 984 }
135 890 253 964 buma
268 913 345 980 sua,
365 887 467 986 quod
482 889 533 960 ob
549 889 785 988 granditatem
811 891 1049 988 navigationis
1073 889 1239 962 inhabilis
1263 889 1453 982 videretur,

11 1019 13 1028 ’
133 1011 286 1085 domum
301 1012 456 1104 remissa,
481 1015 516 1084 io
535 1011 716 1108 aliquanto
732 1015 906 1084 minorem
931 1037 970 1085 se
993 1012 1158 1106 contulit3
1190 1037 1307 1112 eaque
1327 1013 1373 1086 ad
1393 1013 1454 1086 la-

135 1161 218 1208 cum
236 1133 427 1218 derectus,
464 1133 758 1206 Sunonembinis
774 1137 981 1208 instructum
1007 1143 1155 1236 navigiis
1176 1138 1212 1207 in
1237 1135 1455 1235 longinquos

134 1255 279 1356 paludis
293 1281 455 1330 recessus
474 1254 674 1354 praedatum
693 1258 802 1328 mittit.
848 1257 1141 1358 Urbemquoque
1158 1261 1324 1350 Rostock,
1341 1262 1455 1358 oppi-

135 1378 315 1450 danorum
331 1380 471 1478 ignavia
486 1379 700 1472 destitutam,
715 1374 822 1452 nullo'
832 1387 976 1480 negotio
997 1383 1160 1481 perussit.
1207 1384 1364 1456 Statuam
1381 1384 1454 1456 eti-
1519 1457 1521 1466 Α

136 1524 207 1594 am,
233 1525 344 1600 quam
362 1509 474 1602 gentis
500 1503 652 1600 prolana
669 1503 879 1591 credulitas,
913 1503 1063 1602 perinde
1090 1531 1132 1578 ac
1149 1505 1295 1580 coeleste
1310 1531 1454 1594 numen,

135 1624 266 1698 (lirinis
288 1622 489 1699 honoribus
504 1624 810 1723 prosequebatur,
835 1627 997 1700 incendio
1023 1626 1211 1700 mandavit
1271 1633 1355 1700 Post
1377 1626 1455 1702 baec

137 1750 343 1840 llensicum,
362 1773 446 1820 cum
461 1750 614 1820 exercitu
629 1773 696 1821 suo
713 1749 919 1824 conserendi
935 1775 1060 1823 secum
1073 1753 1246 1824 sermonis
1262 1752 1375 1848 gratia
1385 1775 1455 1824 re-

136 1879 302 1963 nientem,
328 1886 531 1969 praeparato
549 1886 660 1968 ponte
677 1875 822 1970 trajecit.
885 1873 1022 1946 Eodem
1041 1891 1202 1974 tempore
1219 1872 1353 1947 Nucleti
1379 1872 1453 1946 lili-

137 2019 180 2069 us
197 1994 435 2085 Priszlavus¹,
461 1995 540 2090 ripa
562 1993 671 2066 altera
688 2002 953 2094 superveniens,
979 2021 1061 2070 cum
1077 1997 1219 2068 fratrem
1234 1996 1454 2072 Priszlavom
1478 2005 1480 2010 ’

134 2115 352 2203 bernardo,
374 2119 477 2213 cujus
493 2141 603 2190 manu
627 2118 817 2192 Nucleturn
847 2118 1022 2192 occidisse
1044 2119 1139 2191 lama
1159 2119 1284 2212 fuerat,
1312 2121 1454 2219 navigio

132 2243 456 2314 communicantem
473 2240 656 2337 aspiceret,
683 2247 843 2315 convicio
857 2241 1293 2350 lacessivit,·impietatem
1315 2241 1453 2342 objici-

132 2391 211 2456 ens,
239 2359 341 2462 quod
366 2385 449 2432 cum
473 2365 630 2458 parentis
646 2368 702 2438 sui
726 2366 945 2438 interfectore
967 2371 1079 2438 amice
1107 2369 1309 2438 conrmsari
1339 2371 1453 2438 susti-

133 2491 276 2562 auisset
330 2488 461 2556 Contra
480 2483 691 2578 Priszlavns,
711 2487 805 2561 hene
822 2488 868 2562 de
884 2513 923 2562 se
936 2488 1109 2562 meruisse
1126 2511 1229 2577 eum,
1257 2509 1322 2585 per
1341 2511 1453 2586 quern

134 2629 237 2710 patre
254 2606 430 2709 sacrilego
446 2627 574 2701 careat,
591 2609 799 2685 affirmabat.
852 2613 921 2685 Sed
942 2636 1061 2710 neque
1076 2633 1115 2682 sc
1131 2612 1212 2707 ejus
1228 2607 1341 2682 filium
1360 2635 1453 2682 cen·-

134 2739 202 2806 seri
220 2731 326 2824 velle,
352 2755 462 2829 quem
479 2736 621 2808 maximi
636 2734 779 2808 sceleris
796 2751 980 2832 parentem
995 2737 1146 2806 extitisse
1165 2749 1355 2804 constaret.

252 2867 257 2876 '
271 2859 405 2956 interea
421 2858 509 2933 dum
527 2859 604 2933 haec
620 2875 803 2960 geruntur,
827 2857 948 2930 subito
967 2858 1061 2930 fama
1077 2855 1236 2956 pertulit,
1252 2858 1454 2954 Rugianam

132 2983 445 3080 Pomeranamque
460 2980 608 3056 classem
626 3007 669 3053 ex
684 2979 857 3079 disposito
872 2973 1099 3068 convenisse,
1134 2980 1258 3052 Dauos
1282 2980 1376 3050 amni
1389 2979 1453 3051 iu-

134 3103 283 3178 cludere
301 3103 454 3177 aridam.
515 3109 627 3204 Igitur
642 3131 706 3177 rex
728 3129 795 3202 per
810 3107 1002 3178 Henricum
1024 3103 1233 3176 necessariae
1260 3099 1479 3176 discessio-X

134 3229 188 3302 nis
202 3227 418 3320 admonitus,
443 3255 490 3302 ne
504 3253 543 3301 se
558 3216 721 3302 locorum
741 3228 910 3326 angustiis
931 3224 1100 3322 implicari
1117 3241 1309 3324 pateretur,
1332 3217 1453 3324 proti·-

133 3375 206 3425 nus
229 3375 334 3423 amne
354 3357 515 3426 excessit.
582 3356 749 3450 Curaque
766 3351 934 3422 Sclavicae
957 3348 1176 3422 collectionis
1198 3349 1332 3421 samam
1354 3347 1454 3422 nulls

133 3473 259 3548 adbuc
274 3472 399 3546 indicia
417 3475 685 3562 confirmarent,
712 3473 916 3548 insidiarum
940 3474 1140 3570 suspicione
1166 3489 1351 3569 permotus
1378 3469 1454 3544 ho-

131 3601 242 3671 stium
259 3595 436 3670 calliditati
452 3599 602 3672 invicem
620 3619 810 3680 occurrere
827 3596 956 3670 statuit.
1018 3597 1087 3687 Qui
1109 3598 1145 3667 in
1167 3595 1327 3670 occultos
1351 3593 1454 3668 litto·-

130 3747 215 3794 rum
232 3723 332 3795 sinus
355 3719 494 3812 collati,
528 3728 557 3796 si
580 3747 643 3794 rex
658 3745 742 3793 rura
762 3717 951 3816 diriperet,
985 3717 1106 3792 classis
1134 3719 1213 3816 ejus
1229 3716 1453 3791 incursandos

131 3849 280 3942 copiam
298 3841 541 3939 explorabant.
592 3848 691 3937 Quos
717 3859 754 3916 ut
771 3841 1044 3939 opportunitatis
1066 3838 1290 3914 simulatione
1307 3855 1454 3937 protra-

131 3967 255 4056 heret,
290 3969 423 4064 Magno
450 3966 591 4039 cuidam
617 3962 881 4040 exurendorum
914 3959 1118 4036 littoralium
1141 3967 1304 4035 vicorum
1330 3986 1454 4036 curam

128 4087 348 4179 demandat,
382 4071 671 4163 militibus‘intra
689 4090 827 4188 navigia
852 4086 962 4159 latere
980 4087 1106 4184 jussiS,
1139 4086 1269 4178 sciens,
1293 4083 1453 4184 profecto

103 4214 279 4288 -Sclaros
293 4211 340 4286 ab
358 4214 527 4287 universo
543 4215 729 4286 Danorum
753 4216 909 4284 exercitu
929 4208 1130 4284 incendium
1145 4214 1276 4308 peragi
1304 4224 1455 4306 putatu-

126 4361 204 4427 ros,
230 4341 355 4434 sicque
370 4341 633 4434 promptiorem
648 4333 925 4410 exercendarum
947 4332 1153 4408 insidiarum
1178 4355 1307 4406 ausum
1321 4348 1453 4430 captu·
1485 4311 1490 4319 ⁸

126 4485 203 4534 ros.
263 4461 337 4530 Nec
354 4481 468 4550 secus,
487 4483 529 4532 ac
546 4475 642 4532 ratus
659 4474 731 4551 est,
762 4457 888 4532 hostile
910 4459 1135 4557 propositum
1157 4455 1231 4527 fuit.
1299 4457 1453 4556 Quippe,

125 4585 265 4681 Magno
282 4581 427 4681 oppidis
445 4581 558 4655 facem
577 4583 797 4680 subjiciente,
824 4583 986 4680 Rugiani,
1003 4582 1182 4654 universas
1191 4581 1375 4653 Danorum
1392 4581 1454 4654 vi-

178 4781 385 4860 ‘Prt'relanrtsJ
400 4781 479 4860 (Pro
494 4783 763 4847 bocaliudnomen
828 4801 915 4846 verse
921 4783 966 4845 St.
981 4781 1210 4868 proximisloeis
1223 4781 1316 4846 habet
1331 4777 1452 4862 (eontra

119 4888 317 4972 ponendum,
333 4885 462 4954 fortasse
474 4895 666 4957 Putasses.
687 4893 762 4954 Per·
825 4887 1109 4972 edllPribr'slavuar
1125 4899 1157 4952 st
1174 4885 1450 4966 Pratatasusatg.)
