3524 5460
508 295 656 374 SVENO
672 297 729 374 tlt
781 299 987 376 CANUTUS
1003 297 1043 374 V.
1306 301 1380 378 703

12 509 14 600 }
135 516 197 588 tait.
245 507 320 584 Sed
336 505 435 598 branc
451 531 582 582 ausum
596 509 780 608 precpue
793 509 964 584 Svenonis
982 535 1025 584 ac
1038 508 1256 586 Waldemari
1274 537 1432 591 concor-

12 639 14 690 t
134 623 187 708 dia
196 630 402 731 castigabat.
461 633 555 704 llam
569 647 745 728 quantum
762 632 857 729 regis
879 629 1023 722 odium,
1050 647 1182 708 tantam
1205 633 1309 710 ducis
1333 635 1433 736 apud

134 780 244 830 omnes
261 754 410 854 gratiam
426 751 641 848 intuebatur,
657 751 876 851 alteriusque
891 751 1024 853 flagitia
1038 754 1181 835 alterius
1198 762 1324 832 virtute
1339 758 1432 834 red·-

134 881 184 954 imi
199 875 405 952 denotabat.
458 875 588 948 Arbitri
605 899 754 973 quoque
772 878 917 968 Canuti,
939 879 1038 975 prius
1059 875 1219 952 sodalem
1232 886 1305 977 regi
1322 906 1433 980 quarn

12 1037 14 1074 l
133 1003 232 1076 otium
245 995 468 1098 eripiendum
479 1000 557 1087 rati,
572 999 652 1096 ejus
669 1023 753 1072 cum
767 981 997 1072 waldemaro
1012 999 1239 1074 concordiam
1261 1004 1434 1079 connubii

132 1123 285 1200 affinitate
301 1117 589 1219 componendam
613 1117 801 1194 duxerunt.
853 1121 968 1217 Cujus
987 1119 1163 1194 efficiendi
1185 1105 1297 1222 gratia
1316 1129 1433 1200 uteri-

131 1271 206 1320 nam
222 1245 351 1318 Canuti
364 1265 538 1334 sororem,
552 1239 761 1340 Sophiam¹,
787 1240 888 1338 apud
910 1240 1176 1318 Waldemarum
1201 1249 1327 1320 eximia
1341 1249 1434 1347 pul-

130 1367 329 1444 cbn'tudicis
345 1364 453 1439 laude
468 1363 514 1438 de
530 1364 701 1438 industria
717 1360 1037 1464 prosequebantur.
1054 1365 1057 1370 ’
1087 1366 1155 1440 Sed
1173 1368 1434 1466 Waldemarus,

130 1517 198 1592 quo
213 1491 333 1590 minus
355 1491 405 1567 ad
416 1493 510 1567 bane
524 1488 695 1589 copulam
708 1485 921 1576 intenderet,
953 1489 1111 1587 inopiam
1128 1493 1272 1591 virginis
1288 1493 1435 1568 obstare

129 1613 274 1706 dicebat,
300 1614 413 1714 quod,
428 1629 528 1712 patre
542 1616 683 1686 Ruteno
699 1628 900 1708 procreata,
916 1609 1097 1686 nullorum
1116 1618 1151 1686 in
1175 1616 1291 1688 Dania
1307 1615 1435 1690 bono-

129 1763 205 1815 rum
220 1736 337 1814 butes
352 1739 521 1812 existeret.
588 1737 804 1831 Quanquam
822 1737 917 1805 enim
933 1735 1139 1810 suasoribus
1164 1739 1267 1810 tacite
1281 1755 1435 1836 pareret,

128 1858 207 1958 plus
221 1885 261 1934 se
275 1875 394 1934 tamen
415 1873 665 1958 paupertatem
687 1853 820 1955 puellae
852 1853 976 1955 fugere
1002 1883 1112 1958 quam
1142 1860 1295 1958 speciem
1310 1858 1434 1934 admi-

126 1987 191 2056 rari
213 1981 378 2083 fingebat
439 1984 550 2080 igitur
572 1980 749 2052 aCanuto
769 1980 878 2052 totius
898 1983 1100 2077 patrimonii
1125 1982 1180 2056 sui
1204 1998 1307 2082 parte
1333 1982 1436 2056 tertia

125 2105 345 2204 sponsalium
367 2102 448 2176 loco
461 2106 655 2200 promissa,
676 2099 837 2200 puellam
861 2100 1069 2200 despondet,
1085 2129 1238 2203 eamque
1262 2119 1434 2180 matronae

127 2226 282 2318 cuidam,
295 2223 459 2316 botildae,
475 2221 641 2324 adusque
659 2239 833 2298 maturam
850 2239 930 2298 toro
945 2243 1081 2302 aetatem
1095 2225 1318 2300 educandam
1326 2254 1436 2302 ecm-

125 2355 234 2426 mittit.
297 2347 542 2444 Quamobrem
568 2345 767 2448 neglectum
790 2349 971 2448 sanguinis
994 2347 1178 2426 vinculum
1211 2374 1255 2422 ao
1282 2348 1346 2422 diu
1367 2350 1435 2424 su-

125 2475 230 2550 metis
254 2470 347 2548 odiis
372 2470 565 2546 laceratum
591 2483 687 2542 tanta
710 2469 913 2548 animorum
937 2471 1131 2570 integritate
1161 2471 1334 2546 resectum
1370 2489 1436 2566 est,

124 2613 163 2671 ut
177 2593 282 2670 nulla
297 2610 454 2671 veterum
478 2593 736 2666 inimicitiarum
757 2591 916 2684 macula,
949 2615 1040 2692 quas
1067 2591 1126 2668 rel
1147 2579 1294 2692 ipsi‘vel
1307 2619 1436 2674 eorum

123 2733 292 2818 parentes
314 2719 521 2818 gessissent,
552 2743 656 2795 novae
674 2721 850 2792 societatis
873 2713 1035 2789 habitum
1062 2712 1262 2790 infuscaret.
1327 2722 1436 2812 Quo·-

122 2866 208 2918 rum
220 2841 372 2918 amicitia
388 2864 464 2937 quo
480 2843 630 2916 invicem
648 2845 786 2939 purior,
807 2838 880 2914 hoc
895 2839 971 2938 regi
986 2837 1186 2934 suspeetior
1199 2843 1314 2916 extitit:
1364 2842 1437 2918 Sed

124 2989 188 3042 cos
209 2981 244 3040 et
260 2967 366 3040 tacite
388 2963 498 3054 eavit,
523 2981 558 3038 et
580 2964 703 3062 palam
716 2961 896 3038 offendere
922 2965 1063 3054 metuit,
1089 2959 1189 3059 quod
1210 2966 1437 3040 maximama

124 3111 162 3164 ae
185 3086 317 3162 virium
341 3103 478 3185 partem
501 3109 585 3160 cum
607 3087 837 3162 Waldemaro
854 3085 1025 3184 migrasse
1047 3102 1297 3184 cognosceret,
1332 3090 1436 3186 cujus

122 3209 278 3284 fortunae
292 3233 398 3284 suam
413 3209 619 3285 incumbere
635 3235 709 3284 uon
724 3206 931 3282 dubitasset.
991 3208 1127 3308 Itaque,
1141 3205 1225 3284 lieet
1246 3209 1438 3284 amborum

120 3329 236 3409 fidem
248 3347 404 3422 nomam,
429 3333 670 3431 suspicionem
685 3347 821 3426 umen,
845 3359 891 3406 ne
906 3330 1029 3408 odium
1043 3328 1230 3428 proderet,
1255 3331 1437 3408 obseura-

121 3453 185 3528 vit.
235 3451 302 3546 Illi,
314 3459 420 3553 regiae
437 3452 726 3530 dissimulationis
744 3454 845 3530 haud
859 3455 970 3545 inscii,
986 3471 1133 3552 accepta
1147 3454 1372 3530 commeandi
1386 3456 1437 3530 li-

119 3576 247 3668 cenu’a,
261 3583 364 3676 quasi
379 3577 479 3652 bona
492 3603 559 3654 sua
573 3578 673 3678 apud
686 3581 840 3658 Suetium
855 3579 1075 3671 invisitaturi,
1091 3603 1212 3678 regem
1230 3581 1308 3676 ejus
1323 3583 1436 3654 Srsr-

118 3721 254 3774 mtrem
271 3698 452 3776 accedunt.
518 3705 573 3776 Re
596 3718 715 3778 autem
738 3725 825 3778 vera
843 3703 983 3776 Canuto
1002 3703 1188 3776 Sverconis
1204 3699 1288 3782 filice
1303 3662 1437 3799 pbste-

175 4031 347 4093 ¹Uterincm
370 4033 631 4108 Canutisororem,
648 4034 751 4120 Sopii-
813 4025 966 4091 eonnubio
982 4025 1045 4110 jam
1067 4043 1136 4093 ante
1151 4029 1264 4092 bellum
1280 4029 1437 4093 Succisum

113 4129 189 4215 am]
216 4135 326 4200 Filiam
351 4137 536 4205 Wlademiri
559 4137 754 4206 Wolodoro-
814 4135 905 4198 luisse
925 4134 1032 4197 initum
1057 4131 1100 4222 (p.
1121 4131 1207 4218 357).
1262 4133 1322 4198 Sed
1339 4135 1438 4219 major

113 4239 753 4328 witcb,prinripisHalitcensiainRuseia,
811 4243 885 4306 lidus
909 4239 1047 4304 habenda
1069 4254 1113 4304 est
1137 4239 1263 4318 Saroni,
1301 4259 1351 4303 res
1375 4261 1439 4303 sum

113 4367 208 4410 anno
227 4347 308 4413 1152
325 4347 472 4430 defuncti,
493 4365 524 4416 ct
546 4351 694 4429 Riebizae,
711 4351 756 4414 vi·
812 4349 911 4412 aetatis
931 4348 1093 4410 enarranti.
1148 4349 1304 4409 Praeterea
1326 4347 1439 4433 proba·

113 4451 195 4516 dne
214 4456 318 4540 Magni
334 4456 432 4540 regia,
458 4455 513 4520 lilii
532 4455 661 4534 dionisi,
687 4453 754 4520 lere
813 4454 874 4516 bile
890 4467 947 4532 est,
962 4465 1084 4538 pactum
1102 4451 1184 4516 inter
1201 4453 1439 4540 daosprincipes

111 4581 208 4622 anno
224 4559 305 4624 1143
323 4573 435 4640 naum,
453 4559 545 4640 (cuir.
569 4559 754 4646 Witecbind
813 4573 884 4645 post
899 4559 1013 4622 bellum
1034 4558 1154 4622 demum
1172 4561 1330 4625 Sveeicum
1347 4560 1439 4626 fuisse

111 4665 755 4752 NoteneaeinigcnGeschicbtsebreibern
813 4667 939 4745 initum,
966 4685 1036 4730 cum
1058 4665 1138 4730 vires
1167 4669 1316 4732 Srenonis
1341 4683 1372 4732 et
1392 4669 1438 4730 in-

108 4774 304 4859 Fascvp.
318 4767 384 4856 43.)
425 4772 532 4837 Tradit
547 4785 637 4837 autor·
658 4771 755 4837 hiato·
813 4771 914 4837 lausto
934 4769 1132 4858 expeditionis
1147 4774 1228 4835 exitu
1256 4786 1287 4837 et
1313 4774 1437 4838 seditio·

108 4877 190 4939 rias
202 4878 444 4966 llnytlingoram,
457 4893 582 4968 pactum
596 4878 635 4944 de
656 4877 752 4943 hocce
813 4900 852 4944 ne
864 4878 1059 4944 Scancnsium
1081 4877 1188 4943 fracta
1206 4894 1315 4945 essent.
