3524 5460
392 259 466 336 684
717 262 893 334 ΗΙδΤΟΒ.
909 263 1014 334 DAN.
1027 265 1167 336 LIBER
1181 265 1271 336 xtv.

342 499 441 548 mum
452 475 498 546 in
513 467 680 570 avunculi
701 485 735 542 et
751 471 1004 548 maternalisus
1019 471 1287 564 necessitudine,
1312 469 1495 548 Polooinm
1510 471 1651 571 profu--

341 599 425 697 git¹.
477 599 591 688 Quem
606 593 656 667 illi
670 610 837 667 meternes
851 598 901 668 rei
916 597 1061 668 nomine
1076 601 1177 696 regui
1189 595 1452 670 consortionem
1474 610 1644 692 appetere

340 724 417 808 rati,
437 723 568 792 ceteris
588 723 626 788 in
648 714 736 790 locis
759 714 970 806 admissum,
1002 719 1228 792 munimentis
1257 719 1421 814 excipere
1448 718 1543 814 pessi
1571 739 1645 788 non

340 846 457 915 runt2.
506 837 562 912 Ad
578 838 740 912 ultimum
758 865 840 912 enm
855 863 900 910 ne
917 837 1056 938 placida
1073 841 1157 914 setis
1180 841 1295 912 fronte
1312 840 1554 936 conspiciunt,
1582 841 1643 910 in-

341 959 478 1038 sontem
500 979 680 1053 notuntes,
702 989 783 1036 cum
807 963 1014 1061 propinquo
1039 968 1216 1036 caritatem
1238 959 1418 1034 deberent.
1478 961 1644 1061 Augebat

339 1087 438 1160 hunc
452 1099 585 1160 metum
601 1110 724 1160 recens
741 1088 888 1184 majoris
905 1110 1032 1158 eorum
1055 1083 1172 1158 sretris
1193 1083 1370 1182 depulsio.
1429 1089 1553 1184 Ituque
1579 1111 1643 1158 re-
1750 1149 1751 1193 q

339 1229 465 1309 ceptus
480 1207 645 1307 quidem,
670 1207 733 1280 sed
749 1206 909 1300 nullam,
934 1224 974 1280 ut
999 1207 1089 1296 dixi,
1124 1207 1267 1282 urbium
1289 1210 1419 1281 intrare
1437 1211 1643 1306 permissus,
1750 1235 1751 1240 ¹

339 1332 386 1407 ud
404 1331 612 1432 praelectum
638 1333 797 1404 Saxoniae
821 1333 1013 1406 Henrioum
1039 1329 1252 1430 pervehitur.
1305 1327 1414 1428 Apud
1438 1355 1548 1429 quem
1569 1335 1643 1402 mi-

338 1481 463 1530 norem
482 1478 547 1551 spe
557 1478 623 1527 sun
638 1453 816 1527 lortunam
824 1471 1001 1553 expertus,
1009 1451 1315 1551 Hamburgensem
1325 1454 1642 1545 antistitem,Hert-
1750 1451 1751 1462 ³

339 1585 468 1671 vicum,
490 1574 644 1666 accedit,
668 1576 882 1675 jampridem
903 1579 1015 1652 Denis
1036 1575 1271 1674 jurisdictiotu‘
1295 1600 1371 1649 suae
1389 1576 1561 1674 exemptis
1582 1575 1643 1646 in·
1750 1587 1751 1616 ¹

338 1703 491 1776 sensum.
549 1704 669 1797 Aqno
684 1697 936 1772 humanissime
963 1697 1107 1772 habitus
1138 1698 1299 1797 bellique
1320 1698 1462 1772 undem
1483 1693 1641 1772 subsidio

338 1840 528 1912 mutuatus,
555 1819 831 1896 domesticorum
852 1818 1002 1893 militum
1028 1819 1138 1894 fidem
1168 1827 1270 1894 tacita
1291 1821 1466 1921 legatione
1486 1837 1640 1918 perten-

338 1945 398 2022 tati
449 1948 676 2044 Responsum
701 1961 774 2035 est,
799 1968 921 2018 omnes
939 1941 986 2016 nd
1013 1969 1098 2016 eum
1121 1945 1281 2018 ocissime
1305 1947 1533 2034 transituros,
1566 1942 1640 2016 dn·-

330 2087 483 2167 tnmque
498 2069 651 2142 Svenoni
674 2066 781 2140 fidem
807 2068 954 2166 pristinu
971 2082 1179 2142 mutaturos.
1233 2071 1311 2161 Qua
1327 2068 1562 2165 promissione
1576 2089 1639 2140 se-
1750 2145 1751 2158 ἢ

337 2194 458 2267 curior
470 2191 597 2281 lactus,
622 2196 808 2290 peregriua
826 2215 933 2264 manu
949 2191 1077 2262 lutiam
1090 2192 1201 2262 intrat.
1260 2187 1330 2262 Sed
1344 2204 1377 2263 et
1390 2195 1464 2264 suis
1478 2213 1546 2264 nec
1563 2186 1639 2261 bu·
1750 2164 1751 2180 ἵ

337 2320 485 2390 munitas
511 2315 683 2388 Svenonis
715 2339 782 2388 nee
814 2313 983 2388 obsidum
1015 2315 1142 2387 carius
1181 2339 1248 2386 nec
1279 2314 1426 2412 perjurii
1447 2328 1639 2410 respectus,
1750 2303 1751 2378 J

336 2464 413 2539 qno
428 2436 605 2511 minusad
622 2464 707 2512 euru
722 2440 822 2537 signa
839 2435 1221 2528 relerrent,·obstaoulo
1243 2435 1319 2510 fuit.
1369 2440 1414 2510 At
1429 2439 1557 2527 Sveno,
1576 2432 1637 2509 ubi
1750 2511 1751 2532 .

335 2707 420 2792 gitur
445 2706 478 2770 in
507 2705 633 2771 historia
657 2708 891 2792 Rnytlingorum
914 2708 960 2794 (p.
1017 2723 1118 2773 sctum
1143 2727 1207 2772 esse
1233 2707 1408 2785 statuimus,
1448 2725 1485 2768 ex
1514 2701 1639 2766 historin
1750 2717 1751 2720 ’

334 2807 422 2894 354),
439 2833 542 2898 regem
557 2815 674 2880 Sreoim
687 2814 886 2902 spopondisse
904 2817 959 2878 Ce-
1017 2815 1116 2895 Oleri,
1130 2815 1223 2878 diuin
1233 2814 1338 2879 Srecia
1354 2811 1494 2889 virentis,
1507 2828 1572 2872 nnn
1585 2828 1641 2892 po·

335 2933 422 3000 nuto,
445 2939 477 2984 se
494 2921 521 2984 ei
535 2933 635 2984 tentus
653 2921 854 3007 possessiones
869 2922 956 3000 (ruiis)
1016 2923 1074 2984 tuit
1090 2943 1153 2984 non
1173 2933 1312 2986 constare
1331 2919 1500 2995 Srerltero,
1527 2915 1561 2978 iu
1579 2917 1641 2976 De·
1750 2919 1751 2930 ¹

335 3025 368 3086 in
382 3027 488 3088 Sreoia
501 3025 693 3106 donaturum,
718 3039 751 3090 ut
767 3026 837 3089 inde
853 3029 955 3114 lorgoe
1015 3027 1064 3094 nia
1079 3029 1180 3113 rigere
1201 3030 1317 3114 legem,
1338 3050 1397 3114 qun
1417 3023 1497 3108 hone
1521 3041 1641 3093 eorum,

235 3191 236 3196 ,
335 3130 508 3214 perciperet
522 3132 647 3213 reditus,
666 3134 692 3195 si
705 3132 832 3197 vicissim
844 3155 910 3196 suas
922 3131 955 3194 in
1016 3131 1068 3220 q'ni
1084 3134 1210 3198 militem
1224 3135 1419 3218 peregrinum
1435 3143 1543 3194 contre
1560 3127 1642 3189 cives
1689 3146 1692 3152 ¹
1750 3149 1751 3156 ¹

334 3237 431 3299 Dsnis
445 3240 646 3322 possessiones
662 3236 719 3300 sibi
731 3236 837 3300 cedere
855 3239 958 3319 vellet,
1014 3254 1187 3318 armassent,
1210 3253 1308 3304 essent
1321 3237 1513 3324 publicanda.
1553 3239 1642 3298 Prae-

334 3345 484 3406 canutum
500 3364 571 3408 tero
586 3343 790 3407 conditionem
801 3345 859 3408 sibi
873 3345 958 3409 obla·
1015 3357 1106 3425 terea,
1122 3370 1190 3433 qnae
1206 3349 1284 3410 Saxo
1301 3343 1406 3425 effert,
1424 3345 1466 3407 ita
1482 3341 1522 3406 ed
1539 3341 1644 3404 ritum

333 3462 397 3512 tam
416 3450 597 3536 repudiasse.
645 3450 786 3513 Submins
808 3453 902 3525 (trist.
924 3449 960 3515 al'
1012 3449 1096 3536 picta
1110 3465 1189 3530 sunt,
1211 3463 1246 3514 ut
1268 3451 1328 3515 boo
1349 3451 1415 3536 ipso
1428 3449 1518 3514 iidem
1534 3459 1645 3533 postu-

332 3561 443 3620 Dsnm.
460 3559 519 3620 rol.
536 3553 557 3618 6
575 3578 605 3640 p.
619 3551 676 3635 86)
698 3555 730 3616 in
744 3556 839 3622 boreo
858 3560 955 3622 collo·
1013 3558 1076 3622 lare
1095 3557 1262 3622 rideantur.

330 3663 405 3748 quio
420 3683 522 3727 rernm
534 3664 622 3746 ponit
638 3681 771 3742 causam,
786 3685 840 3728 eur
856 3667 952 3728 Canu·
1058 3667 1069 3700 ¹
1082 3668 1233 3728 Potentiam
1252 3664 1407 3752 prrffugit]
1426 3665 1525 3728 butor
1541 3658 1645 3722 bisto-
1750 3705 1751 3714 2

331 3781 381 3830 tus
399 3770 537 3832 Srecinm
564 3769 730 3856 reliquerit.
786 3771 861 3834 Mihi
879 3792 952 3834 vero
1013 3770 1318 3861 risellnytlingorum,
1330 3771 1438 3832 itinere
1447 3767 1558 3834 Canuti
1571 3766 1648 3826 bre·

331 3877 426 3939 hocce
443 3876 629 3960 colloquium
646 3876 748 3960 potius
768 3895 803 3938 ex
827 3866 952 3939 cerebro
1013 3875 1091 3937 riter
1105 3895 1272 3952 recensens,
1296 3897 1364 3938 eum
1384 3875 1516 3960 primum
1534 3872 1648 3934 Russi-
1750 3895 1751 3906 ¹

331 3983 445 4045 autoris
469 3981 581 4044 lelandi
605 4003 695 4065 quum
710 4001 745 4044 ex
758 3996 858 4044 mente
873 3982 954 4068 regis
1013 4001 1061 4041 nm
1070 3979 1191 4066 petiisse
1200 3982 1316 4061 scribit,
1326 3981 1534 4044 consentiente
1549 3978 1651 4040 chro-

331 4087 447 4152 Srecias
459 4087 633 4173 profectum
648 4087 776 4150 ridetur.
826 4090 858 4150 Si
873 4089 952 4150 enim
1012 4084 1081 4147 nico
1101 4086 1185 4148 Erici
1209 4085 1336 4172 (Script.
1361 4110 1420 4151 rer.
1451 4091 1529 4149 Dan.
1562 4090 1575 4148 l
1617 4107 1653 4170 p.
1750 4081 1751 4134 Ῐ

331 4193 369 4255 de
389 4215 484 4279 regno
505 4194 612 4258 Dnniae
636 4195 763 4280 quaestio
784 4191 877 4255 fuisse
898 4217 952 4279 pn·
1013 4187 1087 4275 162)
1102 4206 1132 4254 et
1154 4193 1299 4256 chronico
1320 4192 1481 4256 Sinlsndim
1500 4189 1595 4273 (ibid.
1623 4193 1653 4252 ΙΙ
1750 4261 1751 4264 ¹

331 4309 431 4377 tatur,
453 4298 606 4384 quomodo
626 4319 748 4385 sperare
768 4300 870 4384 potuit
899 4321 952 4362 rex
1013 4319 1042 4382 p.
1059 4295 1146 4380 615).
1160 4298 1436 4384 Hehebntqnidem
1450 4298 1655 4362 ibiCanutus
1750 4351 1751 4384 3

331 4405 505 4485 semlerus,
520 4426 552 4469 se
561 4425 642 4496 rqern
651 4405 731 4490 regis
740 4406 832 4472 exulis
841 4427 951 4470 renun-
1010 4404 1152 4468 vitricum
1175 4405 1388 4474 Vlodomirnm
1411 4425 1524 4488 regern.
1583 4403 1656 4467 Sed
1750 4485 1751 4490 ἵ

332 4510 455 4572 tietione
477 4523 529 4574 rut
555 4513 601 4593 jus
623 4511 746 4598 aliquod
767 4525 819 4576 sut
836 4511 952 4577 editum
1009 4523 1130 4596 tempus
1146 4513 1195 4576 rix
1209 4512 1301 4576 tentis
1312 4511 1469 4576 itineribus
1478 4507 1658 4576 suffecisse
1750 4493 1751 4532 l

329 4615 500 4681 faciliorem
522 4616 561 4679 sd
578 4637 704 4701 regnum
725 4620 833 4683 Derim
849 4639 952 4704 ceper·
1010 4617 1139 4683 ridetur.

328 4721 455 4791 sendum
481 4723 719 4808 acquisiturum?
761 4725 794 4790 Si
817 4748 891 4790 rero
913 4727 951 4791 de
1055 4730 1167 4790 ΞΡαεει·
1182 4751 1240 4788 non
1255 4721 1338 4802 sunt]
1360 4725 1452 4785 Hunc
1473 4721 1659 4808 verborum

328 4829 565 4917 possessionibus
602 4833 711 4896 Canuti
754 4831 954 4896 hereditariis
1010 4830 1145 4894 ordinem
1159 4827 1309 4899 babeted.
1325 4852 1375 4912 pr.
1388 4829 1574 4914 superum
1584 4859 1662 4919 pm.
