<?xml version="1.0" encoding="UTF-8"?>
<!DOCTYPE html PUBLIC "-//W3C//DTD XHTML 1.0 Transitional//EN"
    "http://www.w3.org/TR/xhtml1/DTD/xhtml1-transitional.dtd">
<html xmlns="http://www.w3.org/1999/xhtml" xml:lang="en" lang="en">
 <head>
  <title>
</title>
<meta http-equiv="Content-Type" content="text/html;charset=utf-8" />
  <meta name='ocr-system' content='tesseract 3.04.00' />
  <meta name='ocr-capabilities' content='ocr_page ocr_carea ocr_par ocr_line ocrx_word'/>
</head>
<body>
  <div class='ocr_page' id='page_1' title='image "./historiadanica01velsgoog_0046.png"; bbox 0 0 3582 5466; ppageno 0'>
   <div class='ocr_carea' id='block_1_1' title="bbox 720 321 1426 394">
    <p class='ocr_par' dir='ltr' id='par_1_1' title="bbox 720 321 1426 394">
     <span class='ocr_line' id='line_1_1' title="bbox 720 321 1426 394; baseline -0.001 -2"><span class='ocrx_word' id='word_1_1' title='bbox 720 323 934 393; x_wconf 76' lang='lat' dir='ltr'><strong>CANUTUS.</strong></span> <span class='ocrx_word' id='word_1_2' title='bbox 1040 359 1044 366; x_wconf 64' lang='lat'>›</span> <span class='ocrx_word' id='word_1_3' title='bbox 1355 321 1426 394; x_wconf 77' lang='lat'>583</span> 
     </span>
    </p>
   </div>
   <div class='ocr_carea' id='block_1_2' title="bbox 158 528 1534 2715">
    <p class='ocr_par' dir='ltr' id='par_1_2' title="bbox 158 528 1534 2715">
     <span class='ocr_line' id='line_1_2' title="bbox 166 528 1476 628; baseline 0.002 -27"><span class='ocrx_word' id='word_1_4' title='bbox 166 528 258 620; x_wconf 88' lang='lat' dir='ltr'>tulis,</span> <span class='ocrx_word' id='word_1_5' title='bbox 284 533 531 628; x_wconf 90' lang='lat' dir='ltr'>majoremque</span> <span class='ocrx_word' id='word_1_6' title='bbox 552 533 603 602; x_wconf 87' lang='lat' dir='ltr'>eis</span> <span class='ocrx_word' id='word_1_7' title='bbox 625 555 667 602; x_wconf 88' lang='lat' dir='ltr'>ex</span> <span class='ocrx_word' id='word_1_8' title='bbox 688 535 791 602; x_wconf 92' lang='lat' dir='ltr'>unius</span> <span class='ocrx_word' id='word_1_9' title='bbox 812 531 934 603; x_wconf 86' lang='lat' dir='ltr'>insulae</span> <span class='ocrx_word' id='word_1_10' title='bbox 962 557 1070 627; x_wconf 90' lang='lat' dir='ltr'>quam</span> <span class='ocrx_word' id='word_1_11' title='bbox 1095 532 1201 602; x_wconf 88' lang='lat' dir='ltr'>totius</span> <span class='ocrx_word' id='word_1_12' title='bbox 1224 538 1365 604; x_wconf 90' lang='lat' dir='ltr'>orientis</span> <span class='ocrx_word' id='word_1_13' title='bbox 1382 557 1476 628; x_wconf 86' lang='lat' dir='ltr'>spo-</span> 
     </span>
     <span class='ocr_line' id='line_1_3' title="bbox 164 649 1534 750; baseline 0.002 -28"><span class='ocrx_word' id='word_1_14' title='bbox 164 649 220 724; x_wconf 91' lang='lat' dir='ltr'>liis</span> <span class='ocrx_word' id='word_1_15' title='bbox 241 655 427 724; x_wconf 80' lang='lat' dir='ltr'><strong>incessisse</strong></span> <span class='ocrx_word' id='word_1_16' title='bbox 443 649 682 748; x_wconf 81' lang='lat' dir='ltr'><strong>splendorem.</strong></span> <span class='ocrx_word' id='word_1_17' title='bbox 734 657 764 724; x_wconf 87' lang='lat' dir='ltr'><strong>A</strong></span> <span class='ocrx_word' id='word_1_18' title='bbox 789 679 945 750; x_wconf 88' lang='lat' dir='ltr'>qaorum</span> <span class='ocrx_word' id='word_1_19' title='bbox 972 655 1160 724; x_wconf 77' lang='lat' dir='ltr'>imitatione</span> <span class='ocrx_word' id='word_1_20' title='bbox 1183 651 1333 726; x_wconf 91' lang='lat' dir='ltr'>delicere</span> <span class='ocrx_word' id='word_1_21' title='bbox 1359 651 1476 726; x_wconf 88' lang='lat' dir='ltr'>stolidi</span> <span class='ocrx_word' id='word_1_22' title='bbox 1528 696 1534 704; x_wconf 92' lang='lat'><em>·</em></span> 
     </span>
     <span class='ocr_line' id='line_1_4' title="bbox 164 771 1473 874; baseline 0.002 -30"><span class='ocrx_word' id='word_1_23' title='bbox 164 799 206 844; x_wconf 90' lang='lat' dir='ltr'>ac</span> <span class='ocrx_word' id='word_1_24' title='bbox 223 771 412 873; x_wconf 82' lang='lat' dir='ltr'>degeneris</span> <span class='ocrx_word' id='word_1_25' title='bbox 429 775 534 844; x_wconf 86' lang='lat' dir='ltr'>animi</span> <span class='ocrx_word' id='word_1_26' title='bbox 552 797 639 865; x_wconf 87' lang='lat' dir='ltr'>esse,</span> <span class='ocrx_word' id='word_1_27' title='bbox 663 779 845 874; x_wconf 88' lang='lat' dir='ltr'>satiusque</span> <span class='ocrx_word' id='word_1_28' title='bbox 861 801 973 874; x_wconf 82' lang='lat' dir='ltr'>regan</span> <span class='ocrx_word' id='word_1_29' title='bbox 1001 801 1122 847; x_wconf 91' lang='lat' dir='ltr'>carere</span> <span class='ocrx_word' id='word_1_30' title='bbox 1156 801 1265 872; x_wconf 90' lang='lat' dir='ltr'>quarn</span> <span class='ocrx_word' id='word_1_31' title='bbox 1280 777 1369 848; x_wconf 85' lang='lat' dir='ltr'>inter</span> <span class='ocrx_word' id='word_1_32' title='bbox 1383 801 1473 873; x_wconf 83' lang='lat' dir='ltr'>par-</span> 
     </span>
     <span class='ocr_line' id='line_1_5' title="bbox 162 895 1474 995; baseline 0.002 -28"><span class='ocrx_word' id='word_1_33' title='bbox 162 895 256 968; x_wconf 76' lang='lat' dir='ltr'>vulae</span> <span class='ocrx_word' id='word_1_34' title='bbox 276 895 412 968; x_wconf 89' lang='lat' dir='ltr'>telluris</span> <span class='ocrx_word' id='word_1_35' title='bbox 431 903 609 994; x_wconf 81' lang='lat' dir='ltr'>angustias</span> <span class='ocrx_word' id='word_1_36' title='bbox 627 897 804 970; x_wconf 87' lang='lat' dir='ltr'>inclusum</span> <span class='ocrx_word' id='word_1_37' title='bbox 820 899 1019 995; x_wconf 78' lang='lat' dir='ltr'>majestatis</span> <span class='ocrx_word' id='word_1_38' title='bbox 1032 923 1134 970; x_wconf 90' lang='lat' dir='ltr'>usum</span> <span class='ocrx_word' id='word_1_39' title='bbox 1153 895 1295 968; x_wconf 82' lang='lat' dir='ltr'>habere.</span> <span class='ocrx_word' id='word_1_40' title='bbox 1349 901 1394 970; x_wconf 90' lang='lat' dir='ltr'>Ut</span> <span class='ocrx_word' id='word_1_41' title='bbox 1410 922 1474 969; x_wconf 82' lang='lat' dir='ltr'>er·-</span> 
     </span>
     <span class='ocr_line' id='line_1_6' title="bbox 162 1018 1475 1119; baseline 0.002 -29"><span class='ocrx_word' id='word_1_42' title='bbox 162 1045 210 1118; x_wconf 83' lang='lat' dir='ltr'>go</span> <span class='ocrx_word' id='word_1_43' title='bbox 225 1024 451 1117; x_wconf 84' lang='lat' dir='ltr'>negotiorum</span> <span class='ocrx_word' id='word_1_44' title='bbox 464 1019 707 1092; x_wconf 75' lang='lat' dir='ltr'>conformitate</span> <span class='ocrx_word' id='word_1_45' title='bbox 722 1024 901 1119; x_wconf 87' lang='lat' dir='ltr'>majorum</span> <span class='ocrx_word' id='word_1_46' title='bbox 916 1019 1112 1092; x_wconf 83' lang='lat' dir='ltr'>fortitudini</span> <span class='ocrx_word' id='word_1_47' title='bbox 1122 1018 1362 1118; x_wconf 80' lang='lat' dir='ltr'>responderet,</span> <span class='ocrx_word' id='word_1_48' title='bbox 1378 1045 1475 1116; x_wconf 90' lang='lat' dir='ltr'>ope-</span> 
     </span>
     <span class='ocr_line' id='line_1_7' title="bbox 160 1129 1473 1240; baseline -0.002 -26"><span class='ocrx_word' id='word_1_49' title='bbox 160 1167 315 1240; x_wconf 84' lang='lat' dir='ltr'>ramque</span> <span class='ocrx_word' id='word_1_50' title='bbox 333 1166 459 1213; x_wconf 91' lang='lat' dir='ltr'>eorum</span> <span class='ocrx_word' id='word_1_51' title='bbox 481 1129 608 1216; x_wconf 54' lang='lat' dir='ltr'>‘studiis</span> <span class='ocrx_word' id='word_1_52' title='bbox 629 1161 901 1216; x_wconf 88' lang='lat' dir='ltr'>consentaneam</span> <span class='ocrx_word' id='word_1_53' title='bbox 927 1142 1056 1232; x_wconf 84' lang='lat' dir='ltr'>ederet,</span> <span class='ocrx_word' id='word_1_54' title='bbox 1082 1158 1189 1239; x_wconf 89' lang='lat' dir='ltr'>atque</span> <span class='ocrx_word' id='word_1_55' title='bbox 1217 1142 1298 1212; x_wconf 88' lang='lat' dir='ltr'>aviti</span> <span class='ocrx_word' id='word_1_56' title='bbox 1324 1145 1473 1212; x_wconf 88' lang='lat' dir='ltr'>nominis</span> 
     </span>
     <span class='ocr_line' id='line_1_8' title="bbox 159 1262 1474 1364; baseline 0 -30"><span class='ocrx_word' id='word_1_57' title='bbox 159 1262 310 1362; x_wconf 84' lang='lat' dir='ltr'>gloriam</span> <span class='ocrx_word' id='word_1_58' title='bbox 324 1281 495 1362; x_wconf 79' lang='lat' dir='ltr'>aequaret,</span> <span class='ocrx_word' id='word_1_59' title='bbox 508 1267 768 1363; x_wconf 66' lang='lat' dir='ltr'>omniumque</span> <span class='ocrx_word' id='word_1_60' title='bbox 778 1283 921 1364; x_wconf 89' lang='lat' dir='ltr'>paterna</span> <span class='ocrx_word' id='word_1_61' title='bbox 931 1268 1146 1362; x_wconf 85' lang='lat' dir='ltr'>corrupisset</span> <span class='ocrx_word' id='word_1_62' title='bbox 1161 1267 1294 1352; x_wconf 88' lang='lat' dir='ltr'>inertia,</span> <span class='ocrx_word' id='word_1_63' title='bbox 1305 1264 1474 1336; x_wconf 83' lang='lat' dir='ltr'>reiectio-</span> 
     </span>
     <span class='ocr_line' id='line_1_9' title="bbox 162 1385 1472 1486; baseline -0.001 -27"><span class='ocrx_word' id='word_1_64' title='bbox 162 1411 337 1459; x_wconf 82' lang='lat' dir='ltr'>nemsuae</span> <span class='ocrx_word' id='word_1_65' title='bbox 360 1385 637 1459; x_wconf 86' lang='lat' dir='ltr'>commendabat</span> <span class='ocrx_word' id='word_1_66' title='bbox 671 1387 870 1477; x_wconf 82' lang='lat' dir='ltr'>industriae‚</span> <span class='ocrx_word' id='word_1_67' title='bbox 904 1405 1158 1486; x_wconf 87' lang='lat' dir='ltr'>parentemque</span> <span class='ocrx_word' id='word_1_68' title='bbox 1181 1409 1332 1484; x_wconf 87' lang='lat' dir='ltr'>perosus</span> <span class='ocrx_word' id='word_1_69' title='bbox 1366 1411 1472 1458; x_wconf 85' lang='lat' dir='ltr'>avum</span> 
     </span>
     <span class='ocr_line' id='line_1_10' title="bbox 160 1495 1472 1610; baseline 0.001 -30"><span class='ocrx_word' id='word_1_70' title='bbox 160 1507 349 1581; x_wconf 73' lang='lat' dir='ltr'>aemulatus</span> <span class='ocrx_word' id='word_1_71' title='bbox 365 1513 452 1582; x_wconf 89' lang='lat' dir='ltr'>est¹.</span> <span class='ocrx_word' id='word_1_72' title='bbox 506 1513 660 1582; x_wconf 91' lang='lat' dir='ltr'>Primum</span> <span class='ocrx_word' id='word_1_73' title='bbox 677 1495 782 1610; x_wconf 82' lang='lat' dir='ltr'>igitur</span> <span class='ocrx_word' id='word_1_74' title='bbox 795 1510 977 1584; x_wconf 89' lang='lat' dir='ltr'>occultum</span> <span class='ocrx_word' id='word_1_75' title='bbox 996 1509 1109 1582; x_wconf 89' lang='lat' dir='ltr'>Olavo</span> <span class='ocrx_word' id='word_1_76' title='bbox 1122 1507 1306 1580; x_wconf 89' lang='lat' dir='ltr'>consilium</span> <span class='ocrx_word' id='word_1_77' title='bbox 1316 1507 1472 1605; x_wconf 77' lang='lat' dir='ltr'>prodit²‚</span> 
     </span>
     <span class='ocr_line' id='line_1_11' title="bbox 159 1629 1474 1732; baseline -0.002 -27"><span class='ocrx_word' id='word_1_78' title='bbox 159 1657 280 1730; x_wconf 91' lang='lat' dir='ltr'>eoque</span> <span class='ocrx_word' id='word_1_79' title='bbox 297 1630 334 1702; x_wconf 92' lang='lat' dir='ltr'>id</span> <span class='ocrx_word' id='word_1_80' title='bbox 352 1635 469 1728; x_wconf 89' lang='lat' dir='ltr'>ipsum</span> <span class='ocrx_word' id='word_1_81' title='bbox 481 1629 655 1723; x_wconf 88' lang='lat' dir='ltr'>hortante,</span> <span class='ocrx_word' id='word_1_82' title='bbox 671 1659 746 1706; x_wconf 93' lang='lat' dir='ltr'>rem</span> <span class='ocrx_word' id='word_1_83' title='bbox 767 1633 894 1706; x_wconf 91' lang='lat' dir='ltr'>deinde</span> <span class='ocrx_word' id='word_1_84' title='bbox 909 1631 1147 1732; x_wconf 87' lang='lat' dir='ltr'>popularibus</span> <span class='ocrx_word' id='word_1_85' title='bbox 1163 1633 1286 1728; x_wconf 88' lang='lat' dir='ltr'>aperit.</span> <span class='ocrx_word' id='word_1_86' title='bbox 1338 1630 1474 1704; x_wconf 84' lang='lat' dir='ltr'>Alacris</span> 
     </span>
     <span class='ocr_line' id='line_1_12' title="bbox 159 1753 1470 1855; baseline -0.002 -29"><span class='ocrx_word' id='word_1_87' title='bbox 159 1759 321 1826; x_wconf 91' lang='lat' dir='ltr'>omnium</span> <span class='ocrx_word' id='word_1_88' title='bbox 337 1759 491 1826; x_wconf 88' lang='lat' dir='ltr'>assensio</span> <span class='ocrx_word' id='word_1_89' title='bbox 506 1753 580 1826; x_wconf 90' lang='lat' dir='ltr'>suit.</span> <span class='ocrx_word' id='word_1_90' title='bbox 633 1754 713 1848; x_wconf 91' lang='lat' dir='ltr'>Sed,</span> <span class='ocrx_word' id='word_1_91' title='bbox 729 1781 836 1855; x_wconf 88' lang='lat' dir='ltr'>quem</span> <span class='ocrx_word' id='word_1_92' title='bbox 853 1783 914 1829; x_wconf 81' lang='lat' dir='ltr'>rex</span> <span class='ocrx_word' id='word_1_93' title='bbox 930 1756 997 1828; x_wconf 90' lang='lat' dir='ltr'>sihi</span> <span class='ocrx_word' id='word_1_94' title='bbox 1013 1757 1175 1828; x_wconf 76' lang='lat' dir='ltr'>fraternae</span> <span class='ocrx_word' id='word_1_95' title='bbox 1193 1753 1341 1825; x_wconf 88' lang='lat' dir='ltr'>caritatis</span> <span class='ocrx_word' id='word_1_96' title='bbox 1362 1754 1470 1825; x_wconf 82' lang='lat' dir='ltr'>vicis-</span> 
     </span>
     <span class='ocr_line' id='line_1_13' title="bbox 158 1873 1474 1976; baseline -0.002 -26"><span class='ocrx_word' id='word_1_97' title='bbox 158 1873 315 1950; x_wconf 86' lang='lat' dir='ltr'>situdine</span> <span class='ocrx_word' id='word_1_98' title='bbox 341 1875 561 1976; x_wconf 88' lang='lat' dir='ltr'>respondere</span> <span class='ocrx_word' id='word_1_99' title='bbox 578 1874 794 1968; x_wconf 88' lang='lat' dir='ltr'>crediderat,</span> <span class='ocrx_word' id='word_1_100' title='bbox 818 1878 963 1953; x_wconf 89' lang='lat' dir='ltr'>latenter</span> <span class='ocrx_word' id='word_1_101' title='bbox 986 1874 1154 1950; x_wconf 86' lang='lat' dir='ltr'>aemulum</span> <span class='ocrx_word' id='word_1_102' title='bbox 1175 1873 1349 1963; x_wconf 88' lang='lat' dir='ltr'>habebat,</span> <span class='ocrx_word' id='word_1_103' title='bbox 1382 1876 1474 1947; x_wconf 80' lang='lat' dir='ltr'>insi-</span> 
     </span>
     <span class='ocr_line' id='line_1_14' title="bbox 159 1998 1472 2102; baseline -0.002 -31"><span class='ocrx_word' id='word_1_104' title='bbox 159 1999 347 2096; x_wconf 85' lang='lat' dir='ltr'>diosaeque</span> <span class='ocrx_word' id='word_1_105' title='bbox 362 2001 439 2095; x_wconf 90' lang='lat' dir='ltr'>ejus</span> <span class='ocrx_word' id='word_1_106' title='bbox 457 1999 757 2073; x_wconf 86' lang='lat' dir='ltr'>adumbrationis³</span> <span class='ocrx_word' id='word_1_107' title='bbox 775 2007 930 2102; x_wconf 85' lang='lat' dir='ltr'>ignarus,</span> <span class='ocrx_word' id='word_1_108' title='bbox 944 2001 1109 2074; x_wconf 81' lang='lat' dir='ltr'>allectum</span> <span class='ocrx_word' id='word_1_109' title='bbox 1127 1999 1244 2071; x_wconf 86' lang='lat' dir='ltr'>relemi</span> <span class='ocrx_word' id='word_1_110' title='bbox 1261 1998 1339 2088; x_wconf 90' lang='lat' dir='ltr'>sibi,</span> <span class='ocrx_word' id='word_1_111' title='bbox 1364 2021 1472 2094; x_wconf 91' lang='lat' dir='ltr'>quem</span> 
     </span>
     <span class='ocr_line' id='line_1_15' title="bbox 159 2119 1474 2224; baseline -0.003 -31"><span class='ocrx_word' id='word_1_112' title='bbox 159 2125 237 2218; x_wconf 89' lang='lat' dir='ltr'>ipse</span> <span class='ocrx_word' id='word_1_113' title='bbox 253 2119 487 2218; x_wconf 88' lang='lat' dir='ltr'>impenderet,</span> <span class='ocrx_word' id='word_1_114' title='bbox 506 2123 711 2196; x_wconf 84' lang='lat' dir='ltr'>aestimabat.</span> <span class='ocrx_word' id='word_1_115' title='bbox 774 2129 891 2217; x_wconf 87' lang='lat' dir='ltr'>Quem</span> <span class='ocrx_word' id='word_1_116' title='bbox 909 2131 971 2197; x_wconf 90' lang='lat' dir='ltr'>etsi</span> <span class='ocrx_word' id='word_1_117' title='bbox 997 2122 1185 2224; x_wconf 86' lang='lat' dir='ltr'>prudentia</span> <span class='ocrx_word' id='word_1_118' title='bbox 1208 2145 1311 2196; x_wconf 89' lang='lat' dir='ltr'>secus</span> <span class='ocrx_word' id='word_1_119' title='bbox 1328 2127 1474 2210; x_wconf 90' lang='lat' dir='ltr'>monuit,</span> 
     </span>
     <span class='ocr_line' id='line_1_16' title="bbox 160 2241 1475 2345; baseline -0.004 -28"><span class='ocrx_word' id='word_1_120' title='bbox 160 2248 327 2317; x_wconf 85' lang='lat' dir='ltr'>sanctitas</span> <span class='ocrx_word' id='word_1_121' title='bbox 345 2260 463 2316; x_wconf 90' lang='lat' dir='ltr'>tamen</span> <span class='ocrx_word' id='word_1_122' title='bbox 481 2245 667 2344; x_wconf 81' lang='lat' dir='ltr'>malignam</span> <span class='ocrx_word' id='word_1_123' title='bbox 688 2245 732 2318; x_wconf 89' lang='lat' dir='ltr'>de</span> <span class='ocrx_word' id='word_1_124' title='bbox 748 2247 854 2320; x_wconf 89' lang='lat' dir='ltr'>fratre</span> <span class='ocrx_word' id='word_1_125' title='bbox 869 2252 1108 2345; x_wconf 89' lang='lat' dir='ltr'>suspicionem</span> <span class='ocrx_word' id='word_1_126' title='bbox 1131 2243 1262 2316; x_wconf 84' lang='lat' dir='ltr'>referre</span> <span class='ocrx_word' id='word_1_127' title='bbox 1279 2241 1475 2342; x_wconf 89' lang='lat' dir='ltr'>prohibuit,</span> 
     </span>
     <span class='ocr_line' id='line_1_17' title="bbox 160 2363 1473 2465; baseline -0.002 -27"><span class='ocrx_word' id='word_1_128' title='bbox 160 2391 206 2440; x_wconf 90' lang='lat' dir='ltr'>ne</span> <span class='ocrx_word' id='word_1_129' title='bbox 224 2371 526 2464; x_wconf 72' lang='lat' dir='ltr'>consangnineam</span> <span class='ocrx_word' id='word_1_130' title='bbox 541 2366 650 2440; x_wconf 88' lang='lat' dir='ltr'>fidem</span> <span class='ocrx_word' id='word_1_131' title='bbox 674 2385 804 2440; x_wconf 85' lang='lat' dir='ltr'>temere</span> <span class='ocrx_word' id='word_1_132' title='bbox 820 2369 991 2442; x_wconf 89' lang='lat' dir='ltr'>damnare</span> <span class='ocrx_word' id='word_1_133' title='bbox 1007 2372 1117 2465; x_wconf 90' lang='lat' dir='ltr'>inque</span> <span class='ocrx_word' id='word_1_134' title='bbox 1134 2365 1268 2440; x_wconf 81' lang='lat' dir='ltr'>fraudis</span> <span class='ocrx_word' id='word_1_135' title='bbox 1286 2380 1381 2436; x_wconf 91' lang='lat' dir='ltr'>metu</span> <span class='ocrx_word' id='word_1_136' title='bbox 1398 2363 1473 2436; x_wconf 91' lang='lat' dir='ltr'>ho-</span> 
     </span>
     <span class='ocr_line' id='line_1_18' title="bbox 161 2485 1473 2588; baseline -0.005 -25"><span class='ocrx_word' id='word_1_137' title='bbox 161 2506 234 2563; x_wconf 84' lang='lat' dir='ltr'>stes</span> <span class='ocrx_word' id='word_1_138' title='bbox 247 2514 291 2562; x_wconf 91' lang='lat' dir='ltr'>ac</span> <span class='ocrx_word' id='word_1_139' title='bbox 306 2495 525 2564; x_wconf 86' lang='lat' dir='ltr'>necessarios</span> <span class='ocrx_word' id='word_1_140' title='bbox 539 2491 636 2587; x_wconf 82' lang='lat' dir='ltr'>juata</span> <span class='ocrx_word' id='word_1_141' title='bbox 655 2516 790 2588; x_wconf 88' lang='lat' dir='ltr'>ponere</span> <span class='ocrx_word' id='word_1_142' title='bbox 808 2493 993 2566; x_wconf 87' lang='lat' dir='ltr'>videretur.</span> <span class='ocrx_word' id='word_1_143' title='bbox 1063 2493 1196 2566; x_wconf 90' lang='lat' dir='ltr'>Verum</span> <span class='ocrx_word' id='word_1_144' title='bbox 1213 2485 1358 2576; x_wconf 87' lang='lat' dir='ltr'>Olavus,</span> <span class='ocrx_word' id='word_1_145' title='bbox 1381 2485 1473 2558; x_wconf 83' lang='lat' dir='ltr'>affe-</span> 
     </span>
     <span class='ocr_line' id='line_1_19' title="bbox 162 2609 1466 2715; baseline -0.002 -31"><span class='ocrx_word' id='word_1_146' title='bbox 162 2616 317 2686; x_wconf 86' lang='lat' dir='ltr'>ctatione</span> <span class='ocrx_word' id='word_1_147' title='bbox 346 2613 443 2710; x_wconf 86' lang='lat' dir='ltr'>regni</span> <span class='ocrx_word' id='word_1_148' title='bbox 467 2614 604 2709; x_wconf 88' lang='lat' dir='ltr'>pietatis</span> <span class='ocrx_word' id='word_1_149' title='bbox 621 2639 706 2715; x_wconf 81' lang='lat' dir='ltr'>erga</span> <span class='ocrx_word' id='word_1_150' title='bbox 722 2641 930 2714; x_wconf 83' lang='lat' dir='ltr'>germanum</span> <span class='ocrx_word' id='word_1_151' title='bbox 947 2611 1090 2702; x_wconf 90' lang='lat' dir='ltr'>oblitus,</span> <span class='ocrx_word' id='word_1_152' title='bbox 1105 2609 1330 2708; x_wconf 89' lang='lat' dir='ltr'>perfidissimi</span> <span class='ocrx_word' id='word_1_153' title='bbox 1345 2625 1466 2707; x_wconf 88' lang='lat' dir='ltr'>pecto·</span> 
     </span>
    </p>
   </div>
   <div class='ocr_carea' id='block_1_3' title="bbox 157 2731 1554 3450">
    <p class='ocr_par' dir='ltr' id='par_1_3' title="bbox 157 2731 1554 3450">
     <span class='ocr_line' id='line_1_20' title="bbox 159 2731 1472 2837; baseline -0.005 -28"><span class='ocrx_word' id='word_1_154' title='bbox 159 2743 210 2809; x_wconf 87' lang='lat' dir='ltr'>ris</span> <span class='ocrx_word' id='word_1_155' title='bbox 227 2735 389 2808; x_wconf 88' lang='lat' dir='ltr'>habitum</span> <span class='ocrx_word' id='word_1_156' title='bbox 407 2757 547 2807; x_wconf 87' lang='lat' dir='ltr'>somma</span> <span class='ocrx_word' id='word_1_157' title='bbox 564 2735 646 2808; x_wconf 85' lang='lat' dir='ltr'>fidei</span> <span class='ocrx_word' id='word_1_158' title='bbox 663 2737 888 2810; x_wconf 87' lang='lat' dir='ltr'>simulatione</span> <span class='ocrx_word' id='word_1_159' title='bbox 902 2735 1065 2837; x_wconf 78' lang='lat' dir='ltr'>tegebat,</span> <span class='ocrx_word' id='word_1_160' title='bbox 1099 2731 1357 2830; x_wconf 84' lang='lat' dir='ltr'>vulgatumque</span> <span class='ocrx_word' id='word_1_161' title='bbox 1379 2733 1472 2828; x_wconf 81' lang='lat' dir='ltr'>regis</span> 
     </span>
     <span class='ocr_line' id='line_1_21' title="bbox 159 2853 1473 2956; baseline -0.002 -27"><span class='ocrx_word' id='word_1_162' title='bbox 159 2859 387 2956; x_wconf 88' lang='lat' dir='ltr'>propositum</span> <span class='ocrx_word' id='word_1_163' title='bbox 406 2880 476 2929; x_wconf 90' lang='lat' dir='ltr'>non</span> <span class='ocrx_word' id='word_1_164' title='bbox 495 2857 612 2930; x_wconf 90' lang='lat' dir='ltr'>solnm</span> <span class='ocrx_word' id='word_1_165' title='bbox 634 2859 895 2933; x_wconf 89' lang='lat' dir='ltr'>adulationibus</span> <span class='ocrx_word' id='word_1_166' title='bbox 913 2859 1012 2946; x_wconf 84' lang='lat' dir='ltr'>invit,</span> <span class='ocrx_word' id='word_1_167' title='bbox 1027 2855 1103 2930; x_wconf 88' lang='lat' dir='ltr'>&#39;sed</span> <span class='ocrx_word' id='word_1_168' title='bbox 1121 2857 1225 2928; x_wconf 91' lang='lat' dir='ltr'>etiam</span> <span class='ocrx_word' id='word_1_169' title='bbox 1243 2853 1473 2928; x_wconf 87' lang='lat' dir='ltr'>hortamentis</span> 
     </span>
     <span class='ocr_line' id='line_1_22' title="bbox 159 2979 1473 3082; baseline -0.002 -32"><span class='ocrx_word' id='word_1_170' title='bbox 159 2981 343 3066; x_wconf 80' lang='lat' dir='ltr'>instruxit,</span> <span class='ocrx_word' id='word_1_171' title='bbox 367 3003 439 3050; x_wconf 91' lang='lat' dir='ltr'>non</span> <span class='ocrx_word' id='word_1_172' title='bbox 457 2979 556 3078; x_wconf 91' lang='lat' dir='ltr'>quod</span> <span class='ocrx_word' id='word_1_173' title='bbox 576 2986 857 3079; x_wconf 87' lang='lat' dir='ltr'>potentissimum</span> <span class='ocrx_word' id='word_1_174' title='bbox 876 3007 1023 3082; x_wconf 81' lang='lat' dir='ltr'>regnum</span> <span class='ocrx_word' id='word_1_175' title='bbox 1043 2979 1091 3052; x_wconf 93' lang='lat' dir='ltr'>ab</span> <span class='ocrx_word' id='word_1_176' title='bbox 1106 3005 1149 3052; x_wconf 89' lang='lat' dir='ltr'>eo</span> <span class='ocrx_word' id='word_1_177' title='bbox 1163 2979 1364 3076; x_wconf 87' lang='lat' dir='ltr'>recuperari</span> <span class='ocrx_word' id='word_1_178' title='bbox 1380 2999 1473 3074; x_wconf 89' lang='lat' dir='ltr'>pos-</span> 
     </span>
     <span class='ocr_line' id='line_1_23' title="bbox 160 3101 1554 3203; baseline -0.006 -27"><span class='ocrx_word' id='word_1_179' title='bbox 160 3128 201 3176; x_wconf 87' lang='lat' dir='ltr'>se</span> <span class='ocrx_word' id='word_1_180' title='bbox 214 3117 387 3202; x_wconf 84' lang='lat' dir='ltr'>speraret,</span> <span class='ocrx_word' id='word_1_181' title='bbox 413 3102 477 3176; x_wconf 91' lang='lat' dir='ltr'>sed</span> <span class='ocrx_word' id='word_1_182' title='bbox 497 3118 534 3176; x_wconf 90' lang='lat' dir='ltr'>ut</span> <span class='ocrx_word' id='word_1_183' title='bbox 551 3105 731 3203; x_wconf 79' lang='lat' dir='ltr'>imperatae</span> <span class='ocrx_word' id='word_1_184' title='bbox 753 3113 801 3179; x_wconf 90' lang='lat' dir='ltr'>rei</span> <span class='ocrx_word' id='word_1_185' title='bbox 826 3103 1068 3178; x_wconf 84' lang='lat' dir='ltr'>difficultatem</span> <span class='ocrx_word' id='word_1_186' title='bbox 1087 3109 1121 3175; x_wconf 91' lang='lat' dir='ltr'>in</span> <span class='ocrx_word' id='word_1_187' title='bbox 1145 3102 1266 3177; x_wconf 90' lang='lat' dir='ltr'>odium</span> <span class='ocrx_word' id='word_1_188' title='bbox 1287 3101 1473 3199; x_wconf 76' lang='lat' dir='ltr'>imperari·</span> <span class='ocrx_word' id='word_1_189' title='bbox 1543 3124 1554 3147; x_wconf 92' lang='lat'><strong>·</strong></span> 
     </span>
     <span class='ocr_line' id='line_1_24' title="bbox 158 3223 1473 3310; baseline -0.004 -12"><span class='ocrx_word' id='word_1_190' title='bbox 158 3229 202 3298; x_wconf 87' lang='lat' dir='ltr'>tis</span> <span class='ocrx_word' id='word_1_191' title='bbox 224 3241 455 3298; x_wconf 86' lang='lat' dir='ltr'>converteret.</span> <span class='ocrx_word' id='word_1_192' title='bbox 524 3231 714 3302; x_wconf 87' lang='lat' dir='ltr'>Enimvero</span> <span class='ocrx_word' id='word_1_193' title='bbox 744 3230 858 3302; x_wconf 80' lang='lat' dir='ltr'>fratris</span> <span class='ocrx_word' id='word_1_194' title='bbox 891 3232 1047 3310; x_wconf 64' lang='lat' dir='ltr'>adinum</span> <span class='ocrx_word' id='word_1_195' title='bbox 1079 3225 1256 3300; x_wconf 87' lang='lat' dir='ltr'>lastidiose</span> <span class='ocrx_word' id='word_1_196' title='bbox 1288 3223 1473 3307; x_wconf 77' lang='lat' dir='ltr'>aestimans,</span> 
     </span>
     <span class='ocr_line' id='line_1_25' title="bbox 157 3349 1472 3450; baseline -0.002 -28"><span class='ocrx_word' id='word_1_197' title='bbox 157 3350 357 3446; x_wconf 86' lang='lat' dir='ltr'>piissimum</span> <span class='ocrx_word' id='word_1_198' title='bbox 374 3351 454 3447; x_wconf 87' lang='lat' dir='ltr'>ejus</span> <span class='ocrx_word' id='word_1_199' title='bbox 469 3375 626 3422; x_wconf 88' lang='lat' dir='ltr'>amorem</span> <span class='ocrx_word' id='word_1_200' title='bbox 650 3351 850 3449; x_wconf 88' lang='lat' dir='ltr'>parricidali</span> <span class='ocrx_word' id='word_1_201' title='bbox 865 3349 991 3424; x_wconf 80' lang='lat' dir='ltr'>fraude</span> <span class='ocrx_word' id='word_1_202' title='bbox 1005 3349 1185 3450; x_wconf 88' lang='lat' dir='ltr'>pensabat.</span> <span class='ocrx_word' id='word_1_203' title='bbox 1247 3349 1335 3418; x_wconf 88' lang='lat' dir='ltr'>Nam</span> <span class='ocrx_word' id='word_1_204' title='bbox 1358 3369 1472 3443; x_wconf 85' lang='lat' dir='ltr'>quum</span> 
     </span>
    </p>
   </div>
   <div class='ocr_carea' id='block_1_4' title="bbox 153 3625 1475 4990">
    <p class='ocr_par' dir='ltr' id='par_1_4' title="bbox 157 3625 1474 4036">
     <span class='ocr_line' id='line_1_26' title="bbox 207 3625 1474 3716; baseline -0.003 -26"><span class='ocrx_word' id='word_1_205' title='bbox 207 3635 325 3690; x_wconf 82' lang='lat' dir='ltr'>¹Avum</span> <span class='ocrx_word' id='word_1_206' title='bbox 339 3629 668 3708; x_wconf 79' lang='lat' dir='ltr'>amuletusest]Aeam</span> <span class='ocrx_word' id='word_1_207' title='bbox 682 3635 791 3694; x_wconf 86' lang='lat' dir='ltr'>Noster</span> <span class='ocrx_word' id='word_1_208' title='bbox 847 3631 1001 3694; x_wconf 86' lang='lat' dir='ltr'>conciliari</span> <span class='ocrx_word' id='word_1_209' title='bbox 1033 3641 1168 3716; x_wconf 84' lang='lat' dir='ltr'>possunt.</span> <span class='ocrx_word' id='word_1_210' title='bbox 1228 3635 1354 3691; x_wconf 81' lang='lat' dir='ltr'>Temere</span> <span class='ocrx_word' id='word_1_211' title='bbox 1380 3625 1474 3708; x_wconf 81' lang='lat' dir='ltr'>igitur</span> 
     </span>
     <span class='ocr_line' id='line_1_27' title="bbox 159 3730 1472 3822; baseline -0.006 -26"><span class='ocrx_word' id='word_1_212' title='bbox 159 3735 260 3796; x_wconf 84' lang='lat' dir='ltr'>minos</span> <span class='ocrx_word' id='word_1_213' title='bbox 276 3747 416 3798; x_wconf 81' lang='lat' dir='ltr'>accurate</span> <span class='ocrx_word' id='word_1_214' title='bbox 439 3735 513 3798; x_wconf 87' lang='lat' dir='ltr'>dicit</span> <span class='ocrx_word' id='word_1_215' title='bbox 529 3737 575 3799; x_wconf 82' lang='lat' dir='ltr'>vel</span> <span class='ocrx_word' id='word_1_216' title='bbox 586 3738 681 3822; x_wconf 86' lang='lat' dir='ltr'>patris</span> <span class='ocrx_word' id='word_1_217' title='bbox 700 3761 791 3800; x_wconf 86' lang='lat' dir='ltr'>arun·</span> <span class='ocrx_word' id='word_1_218' title='bbox 848 3738 1016 3802; x_wconf 84' lang='lat' dir='ltr'>Grammius</span> <span class='ocrx_word' id='word_1_219' title='bbox 1042 3741 1086 3820; x_wconf 73' lang='lat' dir='ltr'>(in</span> <span class='ocrx_word' id='word_1_220' title='bbox 1122 3739 1200 3801; x_wconf 86' lang='lat' dir='ltr'>notis</span> <span class='ocrx_word' id='word_1_221' title='bbox 1240 3735 1278 3798; x_wconf 87' lang='lat' dir='ltr'>ad</span> <span class='ocrx_word' id='word_1_222' title='bbox 1311 3730 1472 3795; x_wconf 81' lang='lat' dir='ltr'>Meursiunt</span> 
     </span>
     <span class='ocr_line' id='line_1_28' title="bbox 158 3835 1473 3928; baseline -0.005 -27"><span class='ocrx_word' id='word_1_223' title='bbox 158 3839 272 3916; x_wconf 85' lang='lat' dir='ltr'>culum,</span> <span class='ocrx_word' id='word_1_224' title='bbox 295 3841 446 3904; x_wconf 85' lang='lat' dir='ltr'>Canutum</span> <span class='ocrx_word' id='word_1_225' title='bbox 462 3845 677 3926; x_wconf 79' lang='lat' dir='ltr'>Magnum,rel</span> <span class='ocrx_word' id='word_1_226' title='bbox 701 3867 791 3928; x_wconf 87' lang='lat' dir='ltr'>proa-</span> <span class='ocrx_word' id='word_1_227' title='bbox 847 3845 906 3906; x_wconf 88' lang='lat' dir='ltr'>col.</span> <span class='ocrx_word' id='word_1_228' title='bbox 937 3841 1012 3924; x_wconf 75' lang='lat' dir='ltr'>tlt)</span> <span class='ocrx_word' id='word_1_229' title='bbox 1047 3849 1194 3909; x_wconf 78' lang='lat' dir='ltr'>saxonem</span> <span class='ocrx_word' id='word_1_230' title='bbox 1225 3841 1276 3903; x_wconf 86' lang='lat' dir='ltr'>hic</span> <span class='ocrx_word' id='word_1_231' title='bbox 1306 3835 1473 3902; x_wconf 77' lang='lat' dir='ltr'>oscitantia·</span> 
     </span>
     <span class='ocr_line' id='line_1_29' title="bbox 157 3941 1474 4036; baseline -0.003 -30"><span class='ocrx_word' id='word_1_232' title='bbox 157 3947 432 4022; x_wconf 82' lang='lat' dir='ltr'>rum,Srenouem</span> <span class='ocrx_word' id='word_1_233' title='bbox 450 3945 554 4011; x_wconf 84' lang='lat' dir='ltr'>harhae</span> <span class='ocrx_word' id='word_1_234' title='bbox 573 3947 708 4012; x_wconf 74' lang='lat' dir='ltr'>turcam.</span> <span class='ocrx_word' id='word_1_235' title='bbox 847 3963 983 4026; x_wconf 86' lang='lat' dir='ltr'>accusat,</span> <span class='ocrx_word' id='word_1_236' title='bbox 1019 3963 1162 4036; x_wconf 84' lang='lat' dir='ltr'>tanquam</span> <span class='ocrx_word' id='word_1_237' title='bbox 1191 3969 1293 4032; x_wconf 80' lang='lat' dir='ltr'>regem</span> <span class='ocrx_word' id='word_1_238' title='bbox 1314 3941 1474 4026; x_wconf 74' lang='lat' dir='ltr'>Nnrvegiar</span> 
     </span>
    </p>

    <p class='ocr_par' dir='ltr' id='par_1_5' title="bbox 153 4053 1475 4990">
     <span class='ocr_line' id='line_1_30' title="bbox 207 4053 1474 4141; baseline -0.005 -25"><span class='ocrx_word' id='word_1_239' title='bbox 207 4053 339 4116; x_wconf 75' lang='lat' dir='ltr'>&#39;Olane</span> <span class='ocrx_word' id='word_1_240' title='bbox 365 4058 514 4116; x_wconf 80' lang='lat' dir='ltr'>consilium</span> <span class='ocrx_word' id='word_1_241' title='bbox 536 4053 655 4141; x_wconf 84' lang='lat' dir='ltr'>prodit]</span> <span class='ocrx_word' id='word_1_242' title='bbox 687 4056 792 4118; x_wconf 85' lang='lat' dir='ltr'>Consi·</span> <span class='ocrx_word' id='word_1_243' title='bbox 851 4057 998 4135; x_wconf 84' lang='lat' dir='ltr'>Olaram,</span> <span class='ocrx_word' id='word_1_244' title='bbox 1025 4076 1155 4141; x_wconf 91' lang='lat' dir='ltr'>quocum</span> <span class='ocrx_word' id='word_1_245' title='bbox 1184 4059 1332 4119; x_wconf 87' lang='lat' dir='ltr'>Canutum</span> <span class='ocrx_word' id='word_1_246' title='bbox 1361 4069 1474 4113; x_wconf 86' lang='lat' dir='ltr'>sermo·</span> 
     </span>
     <span class='ocr_line' id='line_1_31' title="bbox 157 4157 1474 4248; baseline -0.004 -28"><span class='ocrx_word' id='word_1_247' title='bbox 157 4161 218 4236; x_wconf 87' lang='lat' dir='ltr'>lia,</span> <span class='ocrx_word' id='word_1_248' title='bbox 239 4179 309 4244; x_wconf 81' lang='lat' dir='ltr'>qnae</span> <span class='ocrx_word' id='word_1_249' title='bbox 327 4157 377 4221; x_wconf 85' lang='lat' dir='ltr'>hic</span> <span class='ocrx_word' id='word_1_250' title='bbox 402 4158 578 4224; x_wconf 84' lang='lat' dir='ltr'>tribuuntur</span> <span class='ocrx_word' id='word_1_251' title='bbox 596 4161 714 4236; x_wconf 82' lang='lat' dir='ltr'>Olavo,</span> <span class='ocrx_word' id='word_1_252' title='bbox 746 4181 794 4223; x_wconf 89' lang='lat' dir='ltr'>re·</span> <span class='ocrx_word' id='word_1_253' title='bbox 851 4183 903 4224; x_wconf 86' lang='lat' dir='ltr'>nes</span> <span class='ocrx_word' id='word_1_254' title='bbox 919 4161 956 4224; x_wconf 89' lang='lat' dir='ltr'>de</span> <span class='ocrx_word' id='word_1_255' title='bbox 970 4163 1161 4248; x_wconf 85' lang='lat' dir='ltr'>expeditione</span> <span class='ocrx_word' id='word_1_256' title='bbox 1185 4161 1310 4243; x_wconf 77' lang='lat' dir='ltr'>Anglica</span> <span class='ocrx_word' id='word_1_257' title='bbox 1334 4177 1474 4220; x_wconf 85' lang='lat' dir='ltr'>conseru-</span> 
     </span>
     <span class='ocr_line' id='line_1_32' title="bbox 155 4264 1474 4352; baseline -0.003 -24"><span class='ocrx_word' id='word_1_258' title='bbox 155 4265 316 4350; x_wconf 81' lang='lat' dir='ltr'>spondent</span> <span class='ocrx_word' id='word_1_259' title='bbox 349 4265 504 4349; x_wconf 85' lang='lat' dir='ltr'>partibus,</span> <span class='ocrx_word' id='word_1_260' title='bbox 549 4287 621 4352; x_wconf 88' lang='lat' dir='ltr'>quas</span> <span class='ocrx_word' id='word_1_261' title='bbox 652 4264 793 4349; x_wconf 85' lang='lat' dir='ltr'>deinceps</span> <span class='ocrx_word' id='word_1_262' title='bbox 852 4268 909 4329; x_wconf 87' lang='lat' dir='ltr'>isse</span> <span class='ocrx_word' id='word_1_263' title='bbox 924 4281 1071 4331; x_wconf 86' lang='lat' dir='ltr'>memorat</span> <span class='ocrx_word' id='word_1_264' title='bbox 1087 4267 1212 4330; x_wconf 82' lang='lat' dir='ltr'>historia</span> <span class='ocrx_word' id='word_1_265' title='bbox 1229 4266 1474 4349; x_wconf 81' lang='lat' dir='ltr'>linytliagnrum,</span> 
     </span>
     <span class='ocr_line' id='line_1_33' title="bbox 154 4369 1474 4457; baseline -0.001 -25"><span class='ocrx_word' id='word_1_266' title='bbox 154 4369 290 4433; x_wconf 85' lang='lat' dir='ltr'>eundem</span> <span class='ocrx_word' id='word_1_267' title='bbox 315 4371 492 4433; x_wconf 79' lang='lat' dir='ltr'>sustinuisse</span> <span class='ocrx_word' id='word_1_268' title='bbox 516 4383 644 4434; x_wconf 86' lang='lat' dir='ltr'>constat.</span> <span class='ocrx_word' id='word_1_269' title='bbox 688 4375 792 4457; x_wconf 88' lang='lat' dir='ltr'>Neque</span> <span class='ocrx_word' id='word_1_270' title='bbox 851 4376 1035 4453; x_wconf 80' lang='lat' dir='ltr'>cumolavo,</span> <span class='ocrx_word' id='word_1_271' title='bbox 1050 4373 1144 4436; x_wconf 76' lang='lat' dir='ltr'>fratre</span> <span class='ocrx_word' id='word_1_272' title='bbox 1155 4373 1273 4449; x_wconf 80' lang='lat' dir='ltr'>Canuti,</span> <span class='ocrx_word' id='word_1_273' title='bbox 1285 4369 1474 4456; x_wconf 86' lang='lat' dir='ltr'>permiscuis-</span> 
     </span>
     <span class='ocr_line' id='line_1_34' title="bbox 155 4475 1474 4573; baseline 0.002 -34"><span class='ocrx_word' id='word_1_274' title='bbox 155 4475 343 4554; x_wconf 70' lang='lat' dir='ltr'>mirumst,</span> <span class='ocrx_word' id='word_1_275' title='bbox 361 4479 510 4538; x_wconf 82' lang='lat' dir='ltr'>Canutum</span> <span class='ocrx_word' id='word_1_276' title='bbox 522 4477 602 4542; x_wconf 87' lang='lat' dir='ltr'>dere</span> <span class='ocrx_word' id='word_1_277' title='bbox 619 4475 792 4560; x_wconf 77' lang='lat' dir='ltr'>gravissima</span> <span class='ocrx_word' id='word_1_278' title='bbox 848 4495 903 4543; x_wconf 87' lang='lat' dir='ltr'>set.</span> <span class='ocrx_word' id='word_1_279' title='bbox 953 4479 1066 4573; x_wconf 80' lang='lat' dir='ltr'>Quidni</span> <span class='ocrx_word' id='word_1_280' title='bbox 1083 4485 1214 4544; x_wconf 82' lang='lat' dir='ltr'>Canatus</span> <span class='ocrx_word' id='word_1_281' title='bbox 1230 4481 1382 4564; x_wconf 82' lang='lat' dir='ltr'>colloquia</span> <span class='ocrx_word' id='word_1_282' title='bbox 1406 4497 1474 4538; x_wconf 81' lang='lat' dir='ltr'>curn</span> 
     </span>
     <span class='ocr_line' id='line_1_35' title="bbox 154 4581 1475 4669; baseline -0.001 -25"><span class='ocrx_word' id='word_1_283' title='bbox 154 4581 534 4668; x_wconf 85' lang='lat' dir='ltr'>primumcumpraelecto</span> <span class='ocrx_word' id='word_1_284' title='bbox 548 4581 790 4648; x_wconf 86' lang='lat' dir='ltr'>Slesriccnside·</span> <span class='ocrx_word' id='word_1_285' title='bbox 845 4599 976 4669; x_wconf 87' lang='lat' dir='ltr'>utroque</span> <span class='ocrx_word' id='word_1_286' title='bbox 1000 4585 1097 4650; x_wconf 73' lang='lat' dir='ltr'>Ota-0</span> <span class='ocrx_word' id='word_1_287' title='bbox 1120 4585 1157 4650; x_wconf 88' lang='lat' dir='ltr'>dc</span> <span class='ocrx_word' id='word_1_288' title='bbox 1182 4587 1285 4650; x_wconf 86' lang='lat' dir='ltr'>eadem</span> <span class='ocrx_word' id='word_1_289' title='bbox 1305 4607 1338 4648; x_wconf 92' lang='lat' dir='ltr'>re</span> <span class='ocrx_word' id='word_1_290' title='bbox 1363 4583 1475 4646; x_wconf 88' lang='lat' dir='ltr'>habere</span> 
     </span>
     <span class='ocr_line' id='line_1_36' title="bbox 154 4689 969 4777; baseline -0.002 -25"><span class='ocrx_word' id='word_1_291' title='bbox 154 4689 290 4752; x_wconf 83' lang='lat' dir='ltr'>liberare</span> <span class='ocrx_word' id='word_1_292' title='bbox 317 4689 457 4751; x_wconf 80' lang='lat' dir='ltr'>voluisse.</span> <span class='ocrx_word' id='word_1_293' title='bbox 529 4689 638 4753; x_wconf 74' lang='lat' dir='ltr'>Ceteri</span> <span class='ocrx_word' id='word_1_294' title='bbox 669 4701 789 4752; x_wconf 84' lang='lat' dir='ltr'>autores</span> <span class='ocrx_word' id='word_1_295' title='bbox 846 4691 969 4777; x_wconf 82' lang='lat' dir='ltr'>potuit?</span> 
     </span>
     <span class='ocr_line' id='line_1_37' title="bbox 157 4793 1475 4882; baseline -0.005 -21"><span class='ocrx_word' id='word_1_296' title='bbox 157 4798 338 4864; x_wconf 71' lang='lat' dir='ltr'>tacenthnc</span> <span class='ocrx_word' id='word_1_297' title='bbox 357 4793 458 4874; x_wconf 84' lang='lat' dir='ltr'>dere&#39;,</span> <span class='ocrx_word' id='word_1_298' title='bbox 480 4795 544 4872; x_wconf 78' lang='lat' dir='ltr'>sed,</span> <span class='ocrx_word' id='word_1_299' title='bbox 560 4793 790 4880; x_wconf 78' lang='lat' dir='ltr'>qttaettfferttni,</span> <span class='ocrx_word' id='word_1_300' title='bbox 893 4799 1165 4882; x_wconf 73' lang='lat' dir='ltr'>’Adumtraa&#39;om&#39;sJ</span> <span class='ocrx_word' id='word_1_301' title='bbox 1187 4801 1218 4862; x_wconf 92' lang='lat' dir='ltr'>ld</span> <span class='ocrx_word' id='word_1_302' title='bbox 1246 4811 1290 4862; x_wconf 84' lang='lat' dir='ltr'>est</span> <span class='ocrx_word' id='word_1_303' title='bbox 1316 4801 1475 4860; x_wconf 75' lang='lat' dir='ltr'>simulatio-</span> 
     </span>
     <span class='ocr_line' id='line_1_38' title="bbox 153 4899 1345 4990; baseline -0.005 -20"><span class='ocrx_word' id='word_1_304' title='bbox 153 4908 237 4970; x_wconf 80' lang='lat' dir='ltr'>lrena</span> <span class='ocrx_word' id='word_1_305' title='bbox 269 4927 338 4968; x_wconf 92' lang='lat' dir='ltr'>cum</span> <span class='ocrx_word' id='word_1_306' title='bbox 381 4903 536 4990; x_wconf 89' lang='lat' dir='ltr'>colloquio</span> <span class='ocrx_word' id='word_1_307' title='bbox 565 4903 644 4965; x_wconf 89' lang='lat' dir='ltr'>inter</span> <span class='ocrx_word' id='word_1_308' title='bbox 680 4899 789 4963; x_wconf 80' lang='lat' dir='ltr'>fratres</span> <span class='ocrx_word' id='word_1_309' title='bbox 846 4911 899 4967; x_wconf 64' lang='lat' dir='ltr'>aei.</span> <span class='ocrx_word' id='word_1_310' title='bbox 932 4907 1037 4990; x_wconf 89' lang='lat' dir='ltr'>Steph.</span> <span class='ocrx_word' id='word_1_311' title='bbox 1052 4905 1143 4968; x_wconf 86' lang='lat' dir='ltr'>habet</span> <span class='ocrx_word' id='word_1_312' title='bbox 1158 4909 1345 4969; x_wconf 72' lang='lat' dir='ltr'>adulationi.</span> 
     </span>
    </p>
   </div>
   <div class='ocr_carea' id='block_1_5' title="bbox 0 0 1796 5466">
    <p class='ocr_par' dir='ltr' id='par_1_6' title="bbox 0 0 1796 5466">
     <span class='ocr_line' id='line_1_39' title="bbox 0 0 1796 5466; baseline 0 1"><span class='ocrx_word' id='word_1_313' title='bbox 0 0 1796 5466; x_wconf 95' lang='lat' dir='ltr'> </span> 
     </span>
    </p>
   </div>
  </div>
 </body>
</html>
