3508 5460
607 325 936 400 watouatattus
950 327 975 396 1.
1329 327 1402 400 769

139 536 365 638 pontificatus
387 557 532 628 causam
554 533 776 636 prebuerat,
813 551 981 634 unquam
1010 553 1156 635 recepta
1180 536 1231 608 ab
1262 539 1455 612 Octavim

138 659 322 762 dignitate,
347 657 532 735 conciliato
562 658 658 758 regis
674 657 817 750 farore,
851 658 1104 734 stetinenses
1133 657 1257 734 sedem
1280 660 1455 763 sacrilego

136 799 334 884 occuparat
348 784 530 883 regimine.
583 785 699 875 Quem
712 779 880 872 Esbillns,
894 778 1082 856 catholicae
1097 789 1207 882 partis
1220 783 1456 878 aemulatione,

135 909 230 981 inter
242 909 296 980 rei
313 903 443 981 divinae
459 906 635 980 actionem
651 928 735 978 cum
750 909 826 979 sois
838 905 1041 980 fautoribus
1063 922 1263 1001 execratus,
1296 933 1454 1010 mapa-

135 1053 227 1128 pere
241 1053 363 1130 regem
381 1034 570 1128 permovit
620 1031 671 1102 lta
691 1029 916 1102 contentione
937 1029 1109 1125 paulatim
1135 1027 1182 1102 ad
1205 1029 1376 1104 invidiam
1397 1035 1455 1105 ai-

136 1151 395 1252 multatemqua
411 1175 621 1252 progressa,
655 1152 768 1224 accito
787 1149 885 1250 apud
910 1150 1124 1225 Sialandiam
1140 1152 1331 1244 Absalone,
1357 1177 1455 1252 qoe-

136 1277 325 1349 rimoniam
343 1299 445 1349 suam
463 1296 483 1346 a
500 1299 584 1374 rege
594 1289 668 1346 mm
679 1291 848 1372 sprctam,
856 1292 932 1346 tum
946 1280 1049 1348 etiam
1065 1276 1201 1348 irrisam
1218 1279 1456 1374 conqueritur.

135 1403 283 1498 Quippe
303 1423 386 1471 eum
403 1421 490 1497 erga
503 1398 694 1494 pecuniam
721 1401 886 1470 amissam
910 1423 1041 1496 parum
1065 1396 1217 1472 honesta
1240 1401 1454 1474 conscientia

137 1547 234 1617 esse3
248 1525 503 1596 restitutionem
521 1523 558 1592 in
575 1519 741 1594 facultate
754 1519 901 1611 habere,
919 1523 947 1596 si
962 1519 1055 1594 velle
1068 1536 1283 1620 suppeteret.
1335 1526 1456 1617 Quin-

137 1651 242 1721 etiam
252 1669 338 1719 cum
349 1647 502 1734 Occone,
515 1645 791 1718 scismaticorum
802 1649 956 1744 partium
964 1647 1102 1733 comite,
1118 1649 1347 1720 criminosum
1361 1649 1454 1747 jun·-

139 1777 230 1844 xisse
246 1767 449 1869 collegium,
466 1770 576 1864 inque
594 1768 674 1865 ejus
688 1767 884 1842 excolenda
898 1771 1062 1843 societate
1075 1765 1259 1842 catholicae
1272 1771 1454 1868 paciaad-

138 1895 299 1968 versariis
312 1887 545 1978 execrabilem
555 1888 738 1963 obtentum
757 1892 939 1989 praebere3
965 1891 1206 1991 quamobrem
1222 1913 1261 1966 se
1278 1891 1365 1966 belli
1381 1893 1453 1968 ed·-

138 2038 371 2092 versumcum
381 2012 594 2111 suscipiendi
602 2013 736 2086 infinita
746 2012 940 2112 cupiditate
959 2014 1122 2115 flagrare.
1148 2019 1252 2113 Saepe
1266 2019 1362 2088 enim
1378 2041 1454 2090 ou-

138 2167 239 2214 mero
258 2136 451 2214 consimilia
467 2159 608 2228 ausum,
622 2140 816 2237 potiusque
831 2163 987 2236 praeesse
998 2138 1146 2239 regibus
1172 2163 1282 2239 quam
1298 2135 1452 2239 obsequi

136 2263 291 2339 solitum.
315 2265 488 2332 Praeterea
502 2257 629 2332 adhoc
645 2260 850 2335 audendum
867 2285 906 2334 sc
919 2285 993 2333 non
1007 2261 1136 2336 infimis
1146 2265 1343 2335 amicorum
1361 2287 1455 2363 prte-

138 2386 235 2462 sidiis
250 2381 448 2460 abundare.
500 2385 639 2458 Veritus
655 2381 814 2458 Absalon
829 2382 951 2483 palam
968 2389 1050 2457 tanti
1068 2387 1134 2458 viri
1149 2387 1357 2460 sententiam
1377 2387 1453 2460 ob-

136 2513 302 2610 jurgare,
337 2523 535 2607 temperato
550 2505 820 2604 reprehensoris
846 2506 986 2597 officio,
1011 2511 1235 2607 impatientiae
1250 2511 1329 2607 ejus
1343 2535 1453 2584 erro-

137 2657 213 2706 rem
232 2628 398 2703 modesto
420 2651 551 2730 genere
573 2634 811 2729 castigationis
827 2633 985 2730 excepit,
1008 2634 1105 2732 regis
1129 2632 1361 2734 integritatem
1380 2633 1453 2708 ‹ta-
1557 2631 1561 2657 ¹

137 2755 245 2830 sormi
261 2769 387 2828 notatu
404 2769 581 2850 perquam
595 2750 776 2852 indignam
793 2753 1000 2853 judicando,
1025 2758 1175 2855 ejusque
1192 2761 1454 2856 conscientiam,

135 2875 273 2952 collatis
288 2877 499 2949 innocentiae
512 2873 719 2965 rationibus,
738 2875 787 2948 ab
802 2879 898 2950 omni
913 2882 1125 2979 suspicionis
1140 2879 1362 2980 turpitudine
1381 2881 1454 2956 ali-

136 3003 340 3074 enissimam
362 2996 648 3098 comprobando.
709 3003 886 3074 Caeterum
905 3027 978 3076 non
995 3021 1068 3078 tam
1091 3003 1344 3078 catholicarum
1360 3029 1454 3105 par-

136 3130 224 3197 tium
260 3120 346 3196 odio
373 3147 483 3220 quam
511 3123 592 3221 ejus
616 3125 784 3220 regisque
799 3123 908 3224 litigio
927 3131 1079 3204 Occonis
1098 3129 1359 3226 susceptionem
1376 3132 1453 3202 im-

136 3243 335 3346 putandam
352 3241 514 3316 docebat.
566 3243 620 3318 Ad
643 3245 733 3338 haec,
748 3249 778 3318 si
802 3245 898 3321 litem
923 3251 1187 3351 ingrederetur,
1212 3277 1304 3351 quos
1321 3253 1454 3334 auxili-

136 3393 215 3443 ares
231 3371 437 3466 speraverit,
463 3365 581 3440 hostes
593 3389 790 3442 sensurum.
858 3375 1002 3472 Quippe
1020 3373 1182 3450 homines
1198 3377 1289 3447 inter
1303 3374 1453 3451 adversa

135 3490 353 3592 plerumque
371 3515 501 3589 parum
518 3493 612 3590 justa
635 3496 832 3566 constantia
857 3498 1026 3572 amicitias
1050 3499 1180 3572 colere.
1240 3497 1314 3570 Sibi
1331 3500 1452 3596 potius

135 3614 184 3687 ad
204 3618 323 3714 ipsum
340 3613 444 3714 legati
466 3630 587 3711 partes
610 3613 768 3686 mandari
793 3635 978 3712 precatur,
1003 3619 1264 3696 discordiarum
1290 3619 1453 3718 pericula

136 3737 403 3837 compositionis
432 3735 557 3812 officiis
585 3752 743 3810 avertere
767 3753 952 3812 tentatura.
1010 3743 1180 3832 Eskillus‚
1203 3744 1289 3816 tanti
1313 3743 1451 3816 consilii

136 3863 355 3938 documento
372 3883 501 3958 parum
521 3855 711 3934 salubriter
724 3863 918 3950 aestimato,
938 3864 1272 3962 percontationibus
1285 3887 1372 3936 eum
1388 3863 1450 3936 fa·-

131 3994 238 4086 rigat,
263 4011 351 4058 num
375 3983 441 4057 sibi
464 3984 500 4054 in
524 4009 603 4055 eam
627 4009 703 4056 rcm
732 3983 902 4058 auxilium
920 3990 964 4060 sit
986 3986 1138 4078 laturus,
1164 4011 1271 4086 quem
1290 4003 1451 4060 nontam

132 4107 376 4211 gerendorum
392 4107 565 4180 arbitrum
591 4131 700 4206 quam
715 4105 802 4180 belli
819 4111 954 4184 socium
979 4110 1170 4212 deposcat,
1194 4107 1359 4200 dicendo,
1376 4113 1452 4209 jam

132 4257 208 4306 non
232 4255 272 4305 se
299 4229 514 4305 consultoris
536 4253 622 4302 cum
643 4253 707 4320 eo,
731 4229 797 4303 sed
819 4239 979 4332 precarie
998 4260 1115 4334 agere.
1167 4231 1340 4324 Absaloo,
1355 4236 1451 4307 anti-

131 4357 225 4431 stitis
239 4354 493 4428 sublimitatem
512 4354 605 4450 regis
620 4353 753 4424 caritati
769 4355 1072 4454 commoderans,
1099 4359 1232 4448 Quum,
1255 4357 1379 4455 inquit,
1392 4383 1452 4433 mc

131 4475 199 4553 tihi
222 4474 440 4578 jampridem
463 4472 692 4574 jurisiuraudi
727 4475 854 4576 religio
876 4475 960 4551 fidei
978 4476 1175 4552 debitorem
1193 4478 1321 4569 effecit,
1355 4480 1451 4554 malo

130 4599 396 4699 simplicitatem
409 4615 508 4672 tuam
522 4597 724 4672 verioribus
739 4603 878 4674 monitis
900 4599 1115 4700 objurgare,
1141 4625 1252 4702 quam
1276 4603 1450 4678 blandio-

127 4723 240 4797 ribus
252 4721 388 4819 iallere‚
402 4747 458 4816 ne,
476 4720 587 4794 rebus
602 4725 639 4794 in
653 4724 844 4822 perniciem
858 4721 1100 4826 vergentibus,
1117 4703 1269 4801 uacuum
1288 4729 1452 4828 promis-

128 4870 256 4922 sorem
273 4850 389 4946 egisse
406 4843 540 4922 videar.
583 4844 654 4920 Sed
670 4871 788 4946 neque
806 4856 981 4924 cervicem
996 4872 1113 4922 meam
1140 4875 1184 4924 eo
1199 4875 1314 4950 usque
1331 4873 1451 4950 spon-
