3582 5466
720 333 892 408 tctttcth.
1333 335 1406 408 613

145 549 292 620 ennae
315 542 454 633 modio,
489 545 634 616 Graecas
658 565 746 640 opee
768 557 934 642 appetere
966 539 1157 618 rideretur.
1227 548 1345 638 Quem
1366 571 1460 641 mox,

144 671 339 766 imperator
353 666 491 772 injurie
511 689 614 740 reum
630 689 739 764 agere
759 667 887 764 caepit,
915 661 1104 757 affirmans,
1118 689 1176 760 se,
1206 693 1280 740 non
1299 665 1460 746 donam-

144 801 350 885 ooutemptu
367 785 416 860 ab
437 810 481 860 eo
497 785 607 860 fuisse
622 787 822 886 perfusum,
838 785 1057 887 abjectisque
1072 787 1251 884 precibus,
1264 792 1371 865 unico
1385 815 1458 866 no-

146 927 189 986 tre
205 911 424 986 irritamento
442 908 571 983 oblatis
584 909 790 1000 verecunde
804 935 888 1016 eum
907 909 958 982 uti
974 910 1098 1008 coegit.
1158 913 1203 983 Et
1217 937 1263 984 ne
1278 937 1339 986 rex
1360 919 1459 988 acci-

145 1034 273 1132 pientis
303 1034 425 1131 potius
451 1057 562 1132 quam
577 1037 755 1132 erogantis
769 1047 889 1129 partes
905 1055 1011 1130 agere
1031 1032 1211 1107 videretur
1219 1087 1229 1124 ,
1249 1031 1458 1110 humanita-

145 1158 185 1230 tis
204 1158 287 1254 ejus
306 1153 429 1230 officiis
445 1171 571 1230 mutua
587 1152 794 1228 liberalitate
809 1153 1004 1252 respondit
1069 1152 1140 1228 sed
1161 1154 1264 1230 donis
1281 1159 1315 1255 ej
1330 1182 1374 1232 us
1393 1183 1460 1256 pre

146 1281 231 1352 tium
255 1269 397 1352 novitas
420 1277 522 1370 iecit,
558 1276 832 1376 barbarumque
853 1301 984 1350 munus
1004 1275 1076 1350 hoc
1099 1282 1305 1375 imperatori
1330 1281 1457 1369 carius,

146 1423 218 1497 quo
233 1401 381 1474 Graeciae
398 1401 513 1474 rarius
527 1399 603 1472 fuit.
652 1399 792 1473 Deinde
807 1401 966 1498 piraticis
984 1399 1031 1472 ab
1056 1401 1136 1497 ipso
1161 1400 1331 1496 navigiis¹
1350 1423 1457 1472 com-

146 1537 336 1619 meatuque
351 1519 514 1612 donatus,
540 1526 704 1619 Cyprum
720 1521 910 1598 contendit
948 1524 1062 1621 Cujus
1077 1519 1204 1594 iusulae
1221 1535 1348 1594 natura
1363 1520 1456 1596 adeo

146 1643 331 1743 quondam
348 1642 569 1718 tumulorum
584 1645 773 1742 impatiens
791 1644 869 1735 fuit,
880 1659 921 1718 ut
935 1641 1180 1718 mandatasibi
1196 1641 1350 1716 interdiu
1365 1669 1455 1718 cor·-

146 1790 236 1864 pora
252 1767 415 1864 proxima
432 1783 536 1840 nocte
548 1769 743 1867 rejiceret2.
801 1770 869 1842 llic
882 1791 944 1841 rex
958 1766 1052 1842 febri
1068 1762 1283 1862 implicatus,
1296 1791 1381 1840 cum
1395 1769 1454 1843 vi·-
1546 1805 1548 1812 ⁴

146 1891 265 1962 einum
279 1888 345 1962 sibi
362 1886 476 1964 iatum
490 1887 617 1966 adesse
641 1905 893 1990 cognosceret,
927 1887 1028 1988 apud
1050 1888 1322 1964 celeberrimam
1342 1879 1477 1989 Cypri'

147 2011 294 2086 urbem³
316 2035 451 2108 corpus
466 2035 572 2088 suum
588 2013 744 2088 funerari
757 2015 891 2112 petivit,
916 2010 1101 2111 prefatus,
1120 2009 1285 2085 tellurem
1303 2011 1455 2088 aliorum

146 2138 278 2210 cineres
315 2151 540 2234 respuentem
573 2161 662 2213 suos
686 2141 841 2237 quietius
865 2133 1079 2210 habituram.
1139 2135 1250 2247 Igitur
1271 2159 1341 2234 pro
1371 2153 1455 2214 roto

148 2466 203 2533 cta,
224 2451 278 2516 sed
295 2452 466 2537 exemplum
480 2453 585 2517 similis
599 2453 769 2540 largitionis
825 2453 882 2518 bue
907 2463 1029 2516 narrate
1050 2445 1124 2532 (vid.
1146 2448 1294 2536 disquisit.
1316 2465 1453 2518 nostram

147 2557 323 2622 Bcemuudo
341 2553 432 2622 facte
452 2557 548 2624 effert
570 2563 657 2624 Anna
679 2561 769 2626 Com·
829 2559 867 2623 de
883 2557 1020 2623 lontibus
1035 2555 1199 2620 Suorronie
1211 2556 1242 2619 in
1260 2555 1331 2620 edit
1355 2561 1454 2624 Haru.

146 2684 223 2729 nene
236 2665 268 2728 in
284 2665 430 2732 Alexiede
447 2665 516 2747 (lib.
536 2664 575 2731 10
595 2688 626 2753 p.
640 2665 704 2731 303
721 2665 768 2732 ed.
829 2665 899 2729 hiet.
907 2685 970 2750 reg.
984 2667 1117 2747 Norreg.
1133 2663 1244 2730 votw
1257 2686 1288 2748 p.
1296 2661 1359 2728 313
1372 2685 1455 2752 aequ.

148 2769 256 2856 Paris).
827 2795 858 2858 p.
879 2767 966 2850 326),
987 2771 1030 2833 ita
1052 2767 1133 2832 Dani
1153 2787 1275 2853 quoque
1294 2769 1455 2855 peregriua

190 2882 355 2944 ¹Piratiea's
372 2919 398 2942 ..
414 2877 557 2964 normali]
569 2879 720 2960 Piraticie‚
736 2879 769 2944 id
827 2879 972 2944 miracula
994 2875 1032 2940 ad
1053 2872 1166 2938 famem
1184 2875 1266 2961 regia
1293 2875 1341 2942 eui
1368 2895 1455 2940 exor-

146 2997 207 3064 eet,
233 2983 359 3050 bellicis
417 2983 656 3084 Quetuordecim
677 3006 769 3050 neree
828 2979 1185 3050 naudemedbibueruut.

147 3093 174 3154 ei
187 3089 280 3156 fuieae
299 3089 395 3170 datae,
412 3090 523 3155 cecinit
537 3095 656 3156 Marcus
675 3105 768 3178 poeta
857 3135 871 3158 .

145 3195 238 3276 (Eiet.
252 3197 356 3280 llnytl.
370 3219 401 3282 p.
418 3193 504 3282 316).
876 3193 991 3283 ’Apud
1005 3193 1214 3258 celeberrimam
1235 3187 1453 3279 cypriorum]

188 3303 369 3367 ’Mandata
398 3305 456 3366 siti
495 3303 621 3367 interdiu
648 3325 773 3391 corpora
831 3303 931 3367 lutor
944 3295 1078 3366 historie
1091 3301 1326 3384 lluytlingorom
1338 3295 1454 3376 scribit,

74 3399 79 3409 ⁸
141 3413 279 3497 proxim
292 3423 377 3472 nocte
393 3406 540 3491 rejiceret]
561 3409 672 3470 Narrat
683 3407 772 3476 Villi·
830 3407 955 3472 Ericen
981 3401 1093 3471 ohiltee
1109 3406 1143 3470 itt
1167 3404 1313 3482 castello,
1332 3403 1382 3466 cui
1401 3421 1456 3466 no·

144 3511 278 3578 braadue
294 3511 570 3598 Oldeuburgemia‚
592 3535 671 3578 enno
692 3511 773 3578 1211
831 3533 900 3578 men
916 3517 1008 3578 Raete
1023 3511 1068 3597 (p.
1082 3509 1168 3593 317).
1195 3513 1272 3576 Com
1287 3527 1324 3572 eo
1337 3507 1458 3592 compi·

146 3618 190 3684 ed
215 3633 326 3688 terrem
356 3631 492 3686 mactem
516 3617 689 3705 proiectae,
726 3615 773 3702 (in
830 3632 880 3686 rat
895 3617 1090 3706 geographus
1115 3614 1281 3682 inlaudata
1297 3609 1457 3683 Werlauf·

144 3725 563 3810 1aeouts,tttatiisymtetts
579 3749 611 3812 p.
634 3723 720 3808 143),
739 3727 772 3790 in
832 3727 873 3792 tio
909 3727 943 3794 iu
968 3722 1145 3812 prolusione
1174 3717 1342 3788 academice
1376 3739 1457 3784 anno

145 3837 253 3919 Cypro
272 3831 425 3897 demones
448 3833 553 3918 queris
573 3847 665 3900 nocte
684 3833 773 3898 ceda-
835 3829 915 3898 1821
940 3830 1040 3894 editur
1062 3829 1106 3912 (p.
1121 3823 1189 3908 27),
1216 3825 1259 3890 ite
1282 3840 1395 3904 tamea,
1422 3837 1457 3888 ut

143 3959 220 4007 rere
238 3940 332 4004 burno
346 3937 469 4004 condita
483 3939 606 4022 ejecisse
623 3953 654 4004 et
670 3940 702 4004 in
718 3937 773 4003 do·
834 3937 992 4003 castellum
1012 3939 1139 3998 Beream
1164 3933 1316 4012 nominet,
1354 3929 1457 3994 addite

141 4067 213 4112 moe
227 4047 378 4126 retulisse,
401 4042 499 4112 donee
517 4046 691 4133 imperatrix
711 4050 775 4110 He·
835 4039 1059 4121 observatione,
1067 4036 1458 4124 praeeidimuBarangorum
1545 4085 1551 4100 .

141 4155 231 4234 lene,
259 4173 329 4218 cum
348 4171 438 4216 cruce
458 4151 572 4217 Christi
589 4152 627 4216 ad
645 4153 774 4216 insulam
834 4150 886 4214 hic
902 4147 994 4212 fuisse
1014 4145 1209 4224 collocatum,
1230 4141 1314 4230 quod
1333 4139 1458 4228 quidem

140 4259 294 4348 appulae,
331 4278 390 4344 ope
415 4269 529 4322 sancte
553 4255 651 4324 crocia
678 4257 773 4320 insul·
833 4257 974 4342 explicat,
996 4273 1051 4318 cur
1068 4271 1122 4316 rex
1144 4251 1176 4314 in
1193 4251 1288 4316 hocce
1305 4249 1392 4314 littus
1405 4247 1457 4314 de-

138 4379 195 4431 tua
217 4365 424 4430 demoniacos
447 4361 613 4429 evertisset.
661 4361 774 4457 Quem·
834 4360 979 4428 accudere
1016 4359 1157 4438 voluerit.
1228 4361 1317 4422 Bene
1347 4352 1459 4442 urbere

138 4471 314 4538 admodum
341 4471 437 4556 igitur
459 4466 595 4554 Noa-regi
622 4466 655 4528 iu
686 4484 774 4552 reges
836 4466 994 4534 Corneliae
1008 4460 1170 4538 Hamefort
1182 4465 1396 4550 Fameguetam
1409 4457 1460 4524 fu·

137 4599 217 4644 moe
229 4575 473 4663 peregrinantes,
493 4574 662 4642 Haraldum
685 4573 776 4640 Sere·
835 4574 893 4638 isse
923 4571 1105 4637 existimarit
1127 4568 1254 4658 (script.
1292 4587 1352 4634 rer.
1379 4570 1457 4634 Dete

138 4705 216 4749 rum
232 4696 266 4748 et
282 4681 446 4768 Sigmdum
462 4680 778 4766 Hierosolymipetem‚
824 4678 926 4754 'volt
938 4698 969 4761 p.
984 4673 1050 4756 39).
1089 4680 1315 4748 Mortumrero
1329 4685 1376 4758 est
1389 4671 1461 4738 Eri·

141 4793 233 4856 raria
249 4791 474 4858 mundabat
492 4788 530 4856 de
552 4785 777 4876 aliisprineipi-
841 4803 893 4848 cus
910 4803 991 4848 anuo
1006 4779 1095 4850 1103
