3536 5462
359 283 435 356 sss
534 283 539 298 ·
714 257 888 354 usion.
906 281 1011 353 oxu.
1029 281 1170 352 trusu
1186 283 1276 356 xiv.

274 573 281 590 ,
307 512 409 570 antea
426 519 447 564 a
462 492 656 589 conjuratis
671 493 706 566 io
724 494 886 585 Scantiam
902 493 1150 566 transmissum
1168 491 1288 583 fuisse,
1314 491 1343 563 si
1360 489 1458 562 fratri
1473 511 1625 590 propo-

306 623 414 706 situm
430 641 473 690 ex
489 617 660 689 sententia
674 615 854 704 cessisset,
879 611 927 687 ad
948 612 1211 713 exstirpandam
1230 612 1326 712 regis
1342 610 1510 686 sobolem
1528 615 1628 687 ami-

307 761 435 814 corum
449 737 578 809 auxilia
594 753 871 822 contracturum.
923 735 993 810 Sed
1016 761 1063 808 ne
1086 732 1304 835 sicquidem
1322 737 1507 814 Kauutum
1527 757 1627 836 pro-

307 863 425 962 posito
440 858 568 934 cedere
585 858 761 951 voluisse,
784 858 897 957 quod,
923 857 1022 957 apud
1038 860 1200 932 Fioniam
1223 857 1558 950 sustinentium,
1587 867 1629 932 in

308 987 432 1060 Scanit
455 983 583 1081 majori
598 1007 685 1082 pum
711 983 977 1078 opportunitate
994 1005 1245 1057 consummare
1265 985 1441 1081 speravit,
1469 979 1629 1056 Walde-

309 1133 448 1182 marum
464 1104 512 1178 ad
528 1103 781 1203 llelsingorum
797 1103 928 1178 urbem
942 1108 957 1151 ¹
976 1090 1201 1203 praecurrere
1212 1102 1629 1203 rmturando,'eamqoe,

310 1241 393 1304 crim
410 1233 567 1329 primum
583 1224 716 1300 Scaniae
734 1225 903 1300 advectus
922 1244 997 1300 rate
1010 1227 1207 1317 excederet,
1221 1227 1405 1302 incautum
1419 1231 1631 1328 opprimere
1757 1315 1758 1318 Ἴ

252 1354 256 1363 ’
310 1351 504 1443 moliendo,
527 1376 637 1449 quern
655 1365 739 1448 post
753 1347 881 1423 diurna
894 1351 1089 1424 venationis
1104 1353 1285 1441 exercitia,
1308 1355 1503 1450 praemissis
1519 1351 1629 1425 arbi-

311 1483 390 1570 tris,
418 1500 461 1548 eo
477 1473 545 1546 loci
562 1472 712 1572 parvula
735 1489 812 1546 rate
832 1471 1045 1572 crepusculo
1061 1477 1209 1546 transire
1225 1472 1391 1565 solitum,
1416 1499 1489 1547 non
1512 1479 1630 1574 igno-

311 1614 413 1674 raret.
467 1601 584 1689 Quam
599 1593 895 1670 machinationem
909 1595 1062 1670 fortuitis
1077 1597 1289 1670 necessitatis
1303 1598 1474 1696 praesidiis
1488 1595 1632 1670 elusam

314 1721 441 1814 luisse;
455 1739 537 1790 nam
553 1735 677 1808 ratem,
692 1743 776 1816 quae
793 1717 920 1816 regerit
937 1717 1104 1812 vehebat,
1117 1721 1300 1794 cumforte
1313 1719 1451 1821 glaciali
1469 1718 1633 1819 impulsu

313 1842 441 1946 paeocul
459 1867 480 1914 a
497 1847 688 1945 concupito
705 1839 820 1914 littore
835 1839 1125 1940 detorqueretur,
1149 1842 1300 1917 militum
1329 1849 1409 1945 ejus
1430 1843 1632 1918 adveutum

313 1964 595 2066 prestolandum
615 1963 748 2062 ingenti
776 1961 925 2036 cohorte
944 1981 1125 2064 exceptam
1151 1965 1277 2060 luisse,
1301 1954 1633 2068 eamque'manum

315 2088 507 2166 necessitati
534 2085 724 2160 subvenire
755 2103 937 2176 conatam,
968 2089 1240 2186 conjuratorum
1274 2090 1409 2166 insidiis
1439 2091 1633 2166 obstitisse.

298 2220 366 2324 ‘lta
377 2213 563 2286 Kanutum
578 2225 614 2282 et
628 2206 810 2298 Carolum,
827 2209 885 2284 bis
903 2211 1078 2308 propositi
1092 2235 1223 2303 cassos,
1246 2213 1389 2305 loricas,
1413 2234 1504 2312 qaas
1518 2211 1634 2287 iove·-

291 2339 296 2350 '
318 2336 428 2412 dendi
442 2335 535 2434 regis
551 2334 664 2433 gratia
680 2330 751 2404 sub
769 2332 897 2404 tunicis
911 2331 1108 2430 gestabant,
1130 2333 1295 2433 hospitiis
1308 2335 1516 2411 reddidisse.
1543 2339 1635 2410 llo-
1759 2379 1760 2382 =

274 2451 278 2458 ⁵
317 2488 411 2538 rum
432 2474 552 2534 autem
572 2460 731 2528 omniurn
757 2452 1029 2528 admirationem
1056 2462 1214 2552 vincere,
1248 2459 1354 2558 quod
1379 2459 1636 2538 Waldernarns

319 2590 425 2662 unius
441 2608 483 2656 ex
499 2581 714 2677 conjuratis,
738 2576 807 2652 sibi
820 2577 1087 2676 perfamiliaris,
1108 2599 1316 2681 suspectum
1331 2588 1476 2658 minime
1492 2583 1638 2660 lenum

319 2711 430 2785 vitare
451 2705 623 2804 potuerit,
649 2702 730 2799 qui,
750 2725 835 2774 cum
853 2705 947 2800 regi,
977 2729 1044 2802 per
1057 2704 1208 2782 rhedam
1224 2706 1421 2810 auottpium
1443 2713 1638 2801 exercenti,

240 2919 246 2930 ,
318 2829 495 2908 solitarius
516 2849 633 2899 comes
648 2828 846 2922 aurigaque
861 2827 1008 2898 existere
1025 2827 1167 2919 soleret,
1190 2825 1436 2904 deficientibus
1454 2833 1639 2931 conjura-

319 2955 424 3028 tionis
445 2947 664 3040 auetoribus,
686 2943 901 3045 parricidale
917 2947 1146 3022 ministerium
1165 2952 1258 3024 circa
1272 2952 1404 3049 ipsum,
1425 2975 1520 3045 cum,
1538 2978 1640 3053 pre-
1760 2935 1761 2956 ¹

319 3076 460 3150 hensa²
480 3097 557 3163 ave,
580 3097 690 3143 curru
706 3067 889 3166 delapsus,
902 3069 1050 3168 juvandi
1071 3073 1244 3172 accipitris
1258 3098 1383 3148 curam
1401 3079 1528 3150 intenta
1540 3103 1641 3152 cor-

322 3198 420 3296 poris
446 3193 667 3267 inclinatione
686 3208 867 3283 tractaret,
902 3218 967 3266 sua
996 3218 1107 3268 manu
1130 3195 1385 3296 peragendum¹
1399 3201 1641 3298 promiserat3

321 3319 499 3394 fortunam
514 3333 630 3390 tamen
645 3317 682 3388 in
699 3330 793 3387 tanta
808 3331 955 3414 tamque
972 3316 1068 3392 facili
1086 3318 1274 3393 insidiandi
1290 3323 1435 3394 materia
1450 3325 1644 3421 promissis

322 3437 504 3542 parricidii
522 3438 683 3537 partibus
699 3435 836 3512 aditum
854 3441 929 3511 non
944 3437 1096 3516 dedisse.
1147 3445 1286 3544 llorunx
1301 3443 1422 3543 itaque
1441 3459 1645 3524 eventuum

323 3561 505 3638 miraculis
529 3560 687 3660 liquere,
716 3560 855 3635 mortali
876 3587 986 3636 manu
1010 3587 1134 3663 regem
1159 3571 1277 3667 perire
1293 3591 1366 3642 non
1379 3591 1504 3667 posse,
1529 3572 1645 3671 cujus

312 3685 474 3762 ‚satutem
505 3685 593 3756 inter
609 3699 661 3757 tot
683 3685 831 3759 exitiosa
853 3709 1056 3786 arcanaque
1079 3689 1242 3786 pericula
1273 3715 1348 3764 non
1371 3689 1543 3768 industria
1557 3691 1644 3770 hu-

323 3835 448 3902 mana,
474 3806 539 3882 sed
554 3804 708 3881 coelestis
725 3815 914 3907 protexerit
930 3807 1121 3909 diligentia.
1172 3814 1273 3884 Hanc
1287 3809 1471 3912 hospitum
1485 3813 1644 3890 relatio—

324 3960 428 4022 nem,
450 3955 608 4004 areram
623 3928 855 4008 admiratione
869 3932 1079 4030 profectam,
1104 3936 1269 4024 eremita,
1294 3934 1446 4035 perinde
1467 3959 1511 4009 ac
1532 3937 1640 4011 sibi³

325 4057 493 4136 divinitus
508 4052 580 4126 dati
597 4051 714 4124 indicii
736 4056 965 4153 mysterium,
987 4065 1195 4150 veneratus,
1218 4055 1363 4130 cuidam
1378 4055 1648 4138 monachorum

237 4281 239 4288 .
326 4181 457 4255 rectori
466 4182 487 4226 ⁴*
502 4176 552 4250 ad
564 4202 604 4251 se
621 4177 773 4252 venienti
788 4180 937 4252 memori
951 4177 1150 4254 narratione
1167 4180 1349 4282 replicuit,
1376 4185 1480 4283 jusso
1504 4183 1647 4262 horum

375 4497 607 4580 ¹Helst'ugorum
619 4489 729 4574 urbem]
746 4499 954 4584 Helsingborg.
1010 4495 1058 4560 ed.
1076 4518 1125 4582 pr.
1142 4521 1177 4561 ae
1197 4502 1232 4560 si.

372 4603 385 4638 ²
405 4601 487 4679 Cum,
505 4601 664 4688 prehensa]
682 4601 864 4668 Emendatio
888 4605 957 4668 Ste·
1055 4601 1204 4665 ‘Cnidum
1287 4598 1407 4684 rectori]
1423 4601 1515 4666 Haud
1535 4599 1647 4671 imme·

321 4705 442 4792 phasii.
472 4707 529 4770 Ed
543 4725 595 4795 pn·
606 4709 698 4774 hebet
717 4712 937 4799 comprehenso.
1010 4706 1072 4770 rito
1089 4705 1246 4772 Submium
1262 4705 1298 4787 (l.
1317 4726 1345 4770 c.
1359 4709 1426 4789 Vll,
1439 4698 1517 4789 445)
1538 4705 1650 4774 offen·

376 4815 533 4878 ³Perirrde
553 4841 588 4884 oc
616 4813 685 4896 st'bt]
714 4819 759 4882 lte
784 4816 889 4902 Steph.
921 4819 956 4882 lo
1011 4813 1071 4898 dit,
1099 4813 1183 4899 ‚qnod
1211 4815 1334 4880 nomina
1363 4813 1535 4880 delatorum
1557 4821 1647 4903 quasi
