3508 5460
609 315 937 390 wttnstttttus
958 317 982 386 l.
1344 321 1415 392 775

140 524 223 600 duae
237 521 420 624 religionis
436 537 566 598 statum
583 524 685 617 serre,
701 523 947 619 asseverabat3
971 529 1211 602 neutritamen
1225 536 1316 628 parti
1334 531 1460 604 accla-

139 665 342 740 matorum,
372 645 496 744 quoad
526 647 717 744 publicum
751 649 909 725 ecclesiae
934 647 1116 724 decretum
1145 655 1343 749 acceperit;
1375 668 1460 726 tunc

7 751 32 862 Ν,
140 771 289 846 demum
307 773 356 862 ei,
379 795 491 870 quarn
509 773 757 846 universorum
779 774 948 846 sententia
967 773 1193 870 probaverit,
1219 799 1459 848 assensurum.

139 899 178 968 ln
198 895 307 993 arjos
329 895 379 965 rei
414 891 694 990 speculationem
723 919 840 992 nuper
855 919 876 966 a
891 919 930 968 se
946 897 1054 968 totius
1074 893 1183 968 ltaliae
1198 899 1352 994 majores
1364 923 1457 970 con·-

138 1016 209 1090 cilii
228 1017 372 1088 nomine
387 1032 588 1090 contractos
602 1017 721 1090 fuisse.
766 1019 1001 1090 Octavianum
1018 1019 1191 1114 aequitatis
1207 1017 1339 1092 fiducia
1363 1045 1459 1092 cau·-

139 1162 217 1212 sam
231 1161 336 1210 suam
354 1135 532 1210 humiliter
547 1139 723 1238 generalis
739 1137 900 1212 ecclesiae
917 1136 1054 1236 judicio
1072 1138 1325 1233 substravisse3
1350 1141 1456 1214 Rod-

138 1260 309 1334 laudum²
336 1284 433 1351 vero,
454 1262 637 1358 pravitatis
651 1264 1059 1354 conscientiaretusum,
1083 1288 1156 1336 non
1179 1245 1298 1336 solum
1320 1281 1457 1336 contu-
1485 1287 1488 1296 ·

136 1385 282 1458 maciter
298 1381 554 1480 supersedisse,
575 1383 752 1458 sedetiam
769 1383 909 1475 dixisse,
923 1385 1099 1483 majorem
1116 1410 1155 1458 se
1169 1410 1268 1478 esse,
1292 1411 1401 1482 quarn
1419 1401 1458 1458 ut
1474 1409 1483 1424 ’

139 1508 342 1605 cujuspiam
364 1528 522 1578 censurae
538 1531 666 1604 parere
691 1505 829 1580 debeat.
884 1509 998 1604 Cujus
1022 1511 1274 1582 controversiae
1290 1507 1456 1580 finiendae

139 1632 254 1730 gratia
279 1644 452 1700 terrarum
476 1653 579 1728 reges
596 1653 722 1702 secum
740 1629 867 1704 adesse
886 1647 1073 1728 oportere,
1099 1629 1256 1729 publice
1273 1629 1455 1731 religionis

137 1753 321 1852 negotium
344 1751 598 1825 communibus
618 1750 744 1825 studiis
761 1755 992 1853 inspecturos.
1041 1758 1072 1825 E
1092 1752 1227 1852 quibus
1243 1777 1348 1850 paene
1368 1777 1456 1824 om-

136 1899 200 1950 nes
215 1877 253 1946 in
269 1872 428 1948 adversae
452 1879 564 1970 partis
588 1876 795 1973 praesidium
820 1879 1056 1968 concessisse,
1082 1877 1151 1952 sibi
1169 1901 1257 1949 vero
1275 1885 1455 1949 nemiuem

138 2023 179 2071 ex
196 1997 254 2071 bis
273 1995 525 2096 suffragiorum
543 2001 749 2074 societatem
777 2000 952 2099 praebere.
1012 1999 1259 2091 Quamobrem
1284 2022 1323 2072 se
1345 2024 1455 2098 mag-

136 2145 273 2218 nopere
287 2115 551 2216 prudentissimi
567 2123 753 2196 Danorum
771 2125 866 2222 regis
882 2122 1082 2222 alloquium
1099 2122 1274 2212 affectare,
1300 2128 1456 2220 partium

137 2267 287 2319 suarum
318 2240 598 2316 moderationem
638 2249 720 2344 ejus
751 2249 975 2345 potissimum
1010 2247 1190 2320 sententiae
1225 2243 1455 2334 crediturum,

136 2369 278 2468 quippe
296 2389 406 2462 quem
433 2367 540 2436 animi
560 2369 672 2442 virtus
698 2385 733 2440 et
757 2374 897 2468 generis
929 2371 1093 2443 sanctitas
1108 2384 1213 2442 tantm
1227 2374 1275 2441 rei
1295 2367 1454 2467 judicem

136 2489 344 2587 deposcant.
403 2491 577 2562 Praeterea
600 2487 852 2564 attendendum
875 2515 971 2583 csse,
998 2508 1173 2589 quantum
1197 2493 1335 2590 pietatis
1361 2515 1455 2589 opus

135 2610 265 2702 ederet,
290 2614 318 2682 si
335 2625 387 2684 tot
401 2617 600 2685 animarum
617 2611 779 2705 salutem,
788 2617 931 2714 ancipiti
947 2612 1082 2712 judicio
1097 2613 1337 2705 fluctuantem,
1364 2641 1453 2688 sen-

135 2735 254 2807 tentiae
280 2756 356 2805 suae
378 2735 566 2834 sagacitate
580 2752 745 2810 servaret.
796 2739 913 2836 Super
930 2738 1009 2810 haec
1032 2739 1163 2826 omnia,
1187 2739 1216 2810 si
1235 2754 1306 2812 tarn
1325 2739 1453 2837 religi-

135 2859 187 2930 osi
199 2857 330 2928 itineris
343 2854 508 2930 laborem
522 2864 711 2957 suscipiat,
735 2883 774 2932 se
797 2863 830 2930 ei
852 2862 888 2930 in
909 2867 1096 2957 praemium
1113 2861 1327 2959 fatigationis
1343 2887 1452 2935 unam

135 3007 177 3053 ex
194 2977 306 3052 ltaliae
322 2981 514 3075 provinciis
529 3007 611 3054 curn
629 2987 733 3054 totius
751 2980 897 3054 Sclavtae
914 2983 1129 3080 praefectura
1147 2982 1323 3058 daturum.
1374 2989 1452 3056 'l'a-

134 3102 230 3176 libus
245 3100 480 3200 Radulphum
501 3107 623 3176 Caesar
643 3102 873 3178 hortamentis
891 3131 1103 3205 aggressus,
1130 3135 1200 3181 non
1215 3109 1386 3206 pauciora
1403 3107 1453 3179 li-

134 3228 236 3318 tel-is,
261 3250 355 3324 quas
379 3251 447 3324 per
471 3253 556 3298 eum
571 3234 605 3298 in
626 3228 778 3300 Daniarn
792 3226 1003 3321 destinarat,
1029 3231 1239 3331 complexus
1257 3247 1317 3304 est.
1372 3233 1451 3302 Re-

132 3373 279 3448 gressus
303 3347 387 3421 inde
411 3347 646 3449 Radulphus,
683 3355 832 3424 Caesaris
856 3353 1113 3452 Octaviauique
1137 3361 1319 3428 caritatem
1334 3356 1369 3424 in
1386 3379 1452 3426 re-

132 3497 215 3573 gern
238 3471 458 3545 uberrimam
484 3472 713 3572 predicabat.
778 3477 865 3566 Rex,
878 3481 1081 3571 promptius
1104 3503 1216 3576 quam
1241 3475 1452 3576 prudentius

131 3595 316 3670 familiaris
343 3596 533 3670 assertione
557 3612 743 3692 suscepta,
769 3620 837 3667 uec
853 3613 928 3676 tarn
944 3597 1102 3699 religioni
1128 3599 1315 3674 consulere
1341 3621 1452 3696 quam

130 3738 332 3794 exterarum
346 3721 506 3819 gentium
523 3743 640 3792 mores
656 3743 873 3818 cognoscere
888 3720 1033 3812 aridus,
1056 3720 1198 3818 petendi
1216 3725 1366 3795 Caesaris
1381 3747 1451 3794 cu·-

129 3841 290 3943 pidinem
308 3843 479 3940 concepit

214 4001 215 4004 ¹
263 3969 316 4038 Ea
340 3981 551 4064 tempestate
564 3965 769 4039 Bernardus
793 3963 951 4064 quidam,
974 3965 1022 4038 ab
1043 3968 1234 4038 Octaviano
1259 3966 1396 4064 legatus
1417 3967 1452 4036 in

124 4091 282 4162 Daniam
307 4088 508 4188 profectos,
543 4092 755 4188 pontificum
773 4089 951 4190 suffragiis
976 4089 1144 4163 inhiabat.
1200 4091 1331 4162 Verum
1351 4111 1475 4186 pau--

122 4237 259 4284 eorum
278 4212 402 4284 favore
426 4232 613 4309 exceptus,
639 4230 677 4286 ut
699 4220 886 4287 universos
908 4213 1139 4302 adscisceret,
1165 4209 1254 4284 datis
1271 4235 1338 4308 per
1353 4236 1448 4309 pro·-

119 4335 281 4408 vinciam
298 4335 468 4433 epistolis,
489 4337 680 4410 concilium
703 4334 854 4412 simulat
918 4334 1026 4427 Quod
1044 4339 1140 4409 tenni
1161 4334 1360 4433 frequentia
1376 4334 1450 4406 ha-

115 4459 264 4552 biturn,
288 4459 428 4557 majore
451 4456 608 4533 ludibrio
631 4485 740 4557 quam
765 4458 879 4560 gloria
903 4458 1109 4532 celebravit.
1180 4461 1236 4530 Eo
1262 4483 1325 4530 rer
1351 4457 1451 4554 apud

175 4785 400 4870 ιΙίοιὶὶιιιιιίιιιη]
426 4785 585 4854 Rolaudus
612 4801 677 4852 erat
706 4809 760 4854 no·
819 4805 890 4848 meu
906 4783 1068 4856 Alexandri
1091 4787 1191 4864 tertii,
1220 4797 1382 4872 antequam
1405 4779 1449 4848 di·

820 4893 966 4978 gnitatem
978 4895 1120 4980 papalem
1133 4893 1260 4980 adeptus
1274 4904 1328 4956 est.
