3524 5460
504 305 650 378 SVENO
665 309 721 380 lll.
780 305 988 380 canutus
1006 310 1048 381 V.
1306 312 1383 386 dild’

131 513 200 590 ullo
219 513 392 588 momenti
404 513 523 611 spatio
534 539 695 591 recreare
708 516 926 616 quivissent,
960 514 1156 616 despernt'u
1180 521 1304 616 rebus,
1321 521 1432 600 dedi-

131 634 208 710 dere
222 659 263 712 se
278 636 367 736 regi.
426 637 541 735 Cujus
558 636 669 712 fidem
685 655 795 738 atque
817 637 1062 730 clementiam,
1085 640 1178 715 ultra
1197 669 1242 716 ac
1263 645 1333 718 rati
1344 646 1433 720 fue-

130 773 212 850 rant,
237 757 373 858 experti
390 772 481 830 sunt
542 761 636 834 Tum
653 785 741 836 vero
754 785 817 834 rer
833 776 867 834 et
883 761 921 834 in
935 761 1060 860 Plogo',
1087 769 1153 860 qui
1166 769 1312 840 Ericum
1331 774 1432 842 coei-

130 881 241 972 derat,
271 877 451 980 singulare
473 882 613 980 pietatis
638 883 820 981 specimen
835 881 942 956 dedit.
1008 887 1136 983 Neque
1160 893 1255 960 enim
1276 913 1300 962 at
1324 892 1433 987 patris

129 1001 347 1078 interfectore
362 1027 491 1100 poenas
506 1006 646 1104 exigere
662 1003 784 1093 voluit,
809 1004 893 1104 plus
918 1003 1109 1082 deditionis
1133 1009 1296 1085 moribus
1322 1037 1433 1111 quam

129 1124 267 1200 ultionis
282 1125 418 1202 aculeis
436 1124 630 1200 debiturus.
690 1128 847 1202 Caeteros
870 1152 1021 1226 quoque
1041 1151 1107 1200 uec
1132 1147 1247 1206 morte
1268 1157 1337 1208 nec
1363 1157 1432 1206 co-

129 1252 246 1346 ptione
270 1248 457 1324 mulctatos
478 1248 619 1349 absque
639 1247 884 1350 redemptione
905 1248 1062 1340 dimittit,
1096 1253 1279 1349 praelatus,
1301 1277 1341 1332 se
1361 1277 1432 1330 eo-

128 1395 204 1444 rurn
221 1369 398 1470 obsequie
412 1393 455 1446 ac
468 1369 550 1446 odie
564 1373 664 1469 juxta
680 1373 943 1446 aeafimaturum.
995 1370 1089 1444 Nihil
1107 1373 1199 1448 enim
1212 1377 1255 1452 iia
1273 1401 1433 1476 prospe-

127 1515 162 1564 re
177 1515 375 1588 cessnrum,
400 1499 461 1592 qui
483 1498 586 1569 toties
610 1492 736 1568 mobili
751 1492 824 1566 fide
847 1509 882 1567 et
902 1511 1126 1570 sacramento
1150 1495 1304 1570 tuinent.
1361 1500 1432 1572 Di-

128 1619 219 1692 missi
237 1639 322 1690 cnm
335 1614 427 1690 duce
444 1614 586 1690 erilium
601 1615 872 1714 amplectuntur.
923 1613 965 1688 Id
986 1621 1080 1690 enim
1095 1617 1216 1717 gratie
1231 1616 1332 1716 apud
1347 1643 1432 1696 euos

127 1741 286 1812 Kanntm
310 1735 490 1828 babebat,
518 1754 559 1813 ut
587 1737 678 1836 nulli
700 1761 863 1836 unquam
889 1735 1033 1811 fortuna
1061 1740 1139 1837 ojus
1165 1738 1304 1816 fastidio
1327 1758 1431 1816 esset.

127 1867 169 1934 At
184 1862 362 1936 Fresonee
376 1860 518 1936 mulctae
533 1861 677 1934 nomine
692 1858 768 1934 duo
786 1855 882 1932 milia
896 1855 1093 1934 librarum¹
1124 1867 1199 1962 regi
1223 1887 1308 1936 cum
1325 1862 1432 1936 obei-

126 1979 233 2056 dibus
247 1979 419 2080 pendunt.
471 1986 554 2056 Post
566 1980 657 2076 haee,
670 1983 747 2058 sive
761 1979 898 2056 rubore
917 1979 1014 2079 fugae
1038 1983 1113 2058 sive
1130 1999 1266 2060 naturae
1289 1982 1432 2058 stolidi-

125 2119 192 2178 tate
210 2108 431 2202 compuncti,
455 2105 724 2196 Waldentarum
742 2101 949 2194 obsecrant,
981 2118 1147 2199 precetur
1172 2131 1314 2203 regem,
1346 2106 1432 2180 bel·-

124 2225 197 2300 lum
216 2252 304 2302 cunt
317 2230 366 2304 eis
389 2227 459 2306 bac
475 2229 556 2330 lege
575 2229 684 2318 iteret,
705 2242 745 2300 ut
761 2230 872 2301 victor
889 2249 1033 2322 aequam
1050 2227 1160 2323 priori
1176 2251 1354 2304 summam
1366 2253 1432 2302 ra-.

124 2349 248 2448 cipiet,
273 2350 389 2428 vietus
414 2377 457 2426 ex
482 2352 593 2427 veteri
611 2353 800 2448 pensione,
832 2364 1004 2446 quantum
1036 2349 1195 2422 Canutus
1213 2349 1431 2448 spoponde-

122 2489 190 2566 rat,
218 2478 384 2548 remittat.
461 2473 526 2548 llle
547 2473 771 2573 precantium
799 2469 1028 2544 temeritatem
1051 2470 1276 2570 incertosque
1299 2497 1431 2573 pugnae

122 2611 272 2670 eventus
287 2593 452 2670 solertius
467 2595 662 2686 estimans,
694 2609 860 2668 extremae
878 2587 1064 2664 dementiae
1087 2613 1194 2664 voces
1216 2593 1352 2668 consilii
1376 2597 1432 2670 sui

120 2717 327 2794 salubritate
342 2716 513 2808 cohibuit,
537 2742 716 2817 perquam
732 2715 878 2792 stultum
896 2709 1120 2804 affirmando,
1136 2712 1249 2790 victos
1271 2741 1294 2790 a
1310 2717 1431 2790 victo·-

122 2865 160 2915 ιιι
171 2847 299 2920 noxias
312 2839 401 2918 belli
417 2839 638 2917 conditiones
655 2854 826 2938 expetere.
893 2841 1030 2912 Interea
1043 2835 1202 2910 Canutne
1217 2836 1317 2936 apud
1333 2842 1431 2914 Ger-

168 3173 260 3234 ¹Duo
279 3171 372 3234 militia
396 3165 744 3247 librarom1Diffienlta·
808 3155 1025 3247 conloquendi
1047 3157 1085 3224 ad
1102 3159 1273 3248 exemplum
1285 3165 1429 3230 Holsato-

123 3287 185 3340 tem
211 3275 346 3361 aliquam
377 3274 472 3338 babet
507 3295 568 3340 ror
597 3277 745 3340 birrorum.
807 3291 877 3334 rum
901 3281 932 3332 et
950 3269 1174 3334 Ditmarsorum
1199 3279 1338 3352 retento,
1365 3285 1432 3332 eam

122 3385 201 3450 lien
210 3380 750 3446 indelereamorteSvenonisEstri·
809 3375 918 3440 libram
941 3375 1098 3452 etiamtum
1120 3376 1305 3461 appellasse,
1341 3395 1433 3461 quam

122 3490 159 3554 tii
176 3483 406 3568 edoceantur,
425 3498 612 3573 qooeanter,
625 3498 660 3549 nt
674 3488 750 3551 Get·
809 3481 890 3546 Dani
903 3501 1044 3544 marcam.
1084 3480 1146 3548 Sed
1168 3480 1334 3546 duomilia
1355 3505 1434 3546 maa

120 3595 216 3674 meni,
243 3594 333 3659 libre
352 3593 476 3658 nomine
498 3589 752 3678 significaverant,
810 3611 911 3652 aarum
936 3589 1121 3650 denariorum
1154 3591 1306 3652 Bonorum
1338 3607 1434 3670 quen·

121 3727 255 3766 rrarcam
282 3697 493 3786 appellabant3
539 3696 676 3782 pondera
697 3721 751 3764 au·
809 3706 852 3758 tte
872 3713 997 3756 summe
1021 3704 1136 3756 nostrae
1153 3692 1290 3778 pecuniae
1307 3711 1435 3778 respon·

119 3817 186 3870 tem
214 3807 281 3870 auri
313 3817 345 3868 et
369 3803 489 3890 argenti
508 3823 626 3890 tempu
650 3826 752 3872 marca
813 3795 893 3876 deat,
921 3795 1032 3862 dificile
1054 3809 1100 3862 est
1117 3796 1235 3880 dicere,
1255 3794 1339 3882 quod
1360 3816 1434 3859 con·

119 3911 325 3976 estimabant.
382 3915 446 3976 Pro
466 3930 503 3974 eo
523 3910 645 3974 nomina
672 3915 751 3978 Saxo
810 3915 881 3983 etat,
900 3903 947 3966 bis
964 3901 1053 3966 bellis
1078 3897 1215 3966 civilibus
1237 3920 1302 3964 rem
1328 3919 1434 3964 mone-

118 4021 267 4082 talerrtum
290 4037 406 4103 ponere
429 4015 517 4081 solet.
568 4015 671 4082 Libros
696 4018 753 4104 igi.
809 4009 918 4074 turim
936 4003 1109 4072 foedissime
1128 4017 1304 4092 corruptam
1330 4003 1433 4086 fuisse,

119 4133 174 4186 tnr
191 4123 255 4188 boc
275 4125 348 4188 loeo
371 4121 531 4212 (moniam
554 4131 674 4209 argenti
688 4145 752 4188 non
810 4117 853 4180 ita
865 4129 901 4180 ut
915 4111 977 4178 240
997 4113 1122 4194 denarii,
1143 4111 1198 4198 qui
1216 4133 1243 4175 e.
1266 4107 1346 4178 1147
1367 4109 1433 4176 l'ere

121 4227 265 4310 edditnr)
285 4242 358 4294 eunt
379 4229 589 4308 denumerans,
618 4229 753 4296 ridetur-
808 4219 943 4288 mareon
969 4223 1088 4308 argenti
1107 4217 1272 4298 baberent,
1302 4239 1329 4280 a.
1352 4213 1434 4281 1157

118 4353 183 4418 qne
201 4337 281 4400 Saxo
295 4334 466 4402 Frisiorum
486 4335 685 4421 computandi
708 4360 756 4402 ra·
806 4329 857 4397 rix
873 4329 997 4394 tertiam
1016 4338 1135 4412 partem
1156 4323 1277 4410 argenti
1296 4321 1433 4388 contine

120 4440 243 4506 dunen
253 4456 375 4509 cecatus
388 4461 608 4530 accedentum
623 4440 753 4510 foetura
810 4447 890 4500 rent
939 4437 1144 4508 flectuum
1158 4443 1204 4496 0³1
1217 4449 1338 4512 emm,
1363 4449 1434 4516 (1¹1⁸

120 4541 205 4628 ipsas
225 4547 329 4616 literar
349 4547 477 4614 viderat.
540 4543 633 4612 Frisii
655 4556 756 4608 autern
812 4537 887 4604 mibi
916 4538 1087 4604 consulenti
1110 4533 1270 4624 respondit
1298 4535 1347 4604 tir
1379 4535 1434 4600 ba·

121 4664 179 4716 eut
202 4656 368 4742 peregrino
392 4675 517 4718 nummo
542 4651 588 4716 nai
612 4649 755 4715 videntur
812 4667 881 4712 rtttu
901 4665 1004 4710 rerum
1023 4641 1275 4730 peritissimus,1.
1296 4645 1337 4708 Μ.
1360 4642 1434 4714 Vel·

119 4767 196 4840 ant,
223 4761 368 4850 qnoniam
388 4761 451 4826 boc
477 4760 576 4825 minue
592 4755 754 4844 probabile
812 4751 928 4834 mbow,
949 4747 1113 4816 Proteoor
1125 4745 1316 4814 Haunienris.

118 4873 254 4932 estnec
277 4863 398 4932 aliunde
420 4863 636 4946 confirmetur,
660 4859 759 4931 veteri

149 4984 498 5040 summatum
623 5021 629 5032 .
1165 4954 1242 5052 (44)
