3524 5460
370 301 444 376 6³8
702 299 878 372 HISTOR.
895 301 1000 370 DAN.
1017 301 1154 371 LIBER
1172 303 1262 376 Xlll.

202 569 207 580 .
318 509 456 600 soluto,
495 517 583 582 sacri
608 512 779 608 temporis
801 507 986 582 residuum
1012 506 1161 583 dividuo
1183 531 1358 608 peregere
1382 509 1629 582 contubernio.

317 631 452 706 Eodem
475 631 567 703 sorte
590 649 751 728 tempore
775 629 922 730 quidam
948 635 1086 704 Cannto
1119 629 1315 706 admodum
1342 633 1513 729 sangvine
1535 655 1631 704 oon-

316 759 458 856 junctus
474 755 509 824 in
535 755 613 849 ejus
629 767 824 850 conspectu
850 753 1076 826 dissidentem
1103 777 1226 828 secum
1248 753 1396 826 militem
1417 752 1511 828 fuste
1535 777 1628 851 per—

316 903 462 952 cussum
479 876 663 966 interemit,
678 890 784 972 atque
803 873 852 946 ob
870 875 907 946 id
923 883 1021 947 curia
1049 876 1147 949 abire
1159 878 1291 975 jussus,
1305 881 1479 973 Magnum
1493 877 1627 971 petivit

316 999 511 1075 Providens
530 1011 650 1068 autem
664 999 828 1094 Magnus,
853 1023 897 1068 ne
912 1023 978 1095 per
993 1023 1076 1070 eum
1095 997 1208 1071 ullum
1225 997 1361 1072 consilii
1385 1003 1439 1070 sui
1459 995 1626 1070 inditium

315 1123 360 1195 ad
375 1125 555 1192 Canutum
570 1135 737 1209 manaret,
761 1137 877 1210 nocte,
894 1146 966 1217 qna
989 1120 1036 1191 ad
1050 1118 1258 1194 detestabile
1270 1119 1447 1192 camilicls
1462 1121 1625 1190 ministe-

313 1251 405 1318 rium
421 1240 667 1342 peragendum
684 1241 878 1332 contendit,
901 1244 1034 1315 caeteris
1054 1246 1213 1341 sesequi
1232 1243 1359 1340 jussis,
1376 1241 1494 1314 solum
1517 1239 1625 1332 hunc,

311 1371 458 1466 pristina
474 1367 599 1436 Canuti
617 1363 851 1438 familiaritate
867 1380 1085 1462 suspectum,
1110 1371 1275 1438 comitem
1292 1369 1478 1438 recusavit
1518 1365 1622 1434 Con·-

312 1489 376 1562 silii
399 1484 529 1560 deinde
551 1489 743 1585 participes
763 1486 1002 1587 jurejurando
1025 1488 1211 1562 obstrictos
1232 1487 1342 1561 fidem
1366 1489 1486 1561 facere
1512 1511 1623 1559 com-

311 1611 412 1711 pulit,
428 1609 566 1682 silentio
583 1633 621 1682 se
636 1625 759 1682 cuncta
776 1624 939 1684 tectnros.
999 1613 1081 1684 Post
1096 1611 1175 1684 haec
1199 1612 1345 1685 militem
1362 1609 1497 1682 latebra
1512 1607 1623 1680 clau-

311 1734 364 1808 dit
389 1730 614 1827 insidiasque,
628 1737 882 1830 circumspecta
898 1732 1057 1807 locorum
1078 1733 1304 1823 obscuritate,
1319 1729 1483 1831 disponit·
1537 1733 1622 1804 Mox

310 1861 501 1945 Canutum,
518 1853 615 1952 apud
634 1853 811 1953 oppidum
828 1853 1111 1929 Haralstadium¹
1131 1857 1179 1928 ab
1203 1857 1321 1948 Erico,
1346 1856 1502 1930 Falsttiae
1517 1879 1619 1952 prm-

310 1982 458 2054 secturae
475 1981 564 2070 viro,
578 1978 678 2050 domi
694 1994 893 2076 exceptum,
910 2005 977 2078 per
994 1981 1261 2076 conjuratorum
1283 1976 1475 2075 quendam,
1491 2000 1620 2078 genere

310 2107 496 2192 Saxonem,
521 2115 596 2173 arte
620 2115 818 2191 cantorem,
843 2104 918 2175 siue
933 2102 1073 2176 arbitris
1096 2101 1164 2175 sibi
1188 2102 1339 2175 obvium
1367 2104 1488 2175 venire
1506 2101 1617 2199 jubet.

309 2231 492 2300 Occursus
508 2221 628 2296 locum
653 2223 751 2319 apud
776 2225 934 2297 citimum
959 2225 1052 2299 villae
1069 2251 1197 2298 nemus
1213 2225 1411 2298 denunciat
1458 2221 1532 2313 llle,
1554 2227 1615 2294 ui-

310 2346 359 2421 htl
373 2354 410 2418 in
434 2373 474 2420 re
492 2346 565 2420 doli
581 2354 791 2446 suspicatus,
808 2347 954 2421 duobus
971 2364 1105 2422 tantum
1121 2347 1278 2422 militaris
1300 2345 1435 2420 ordinis
1454 2348 1538 2419 viris
1553 2362 1616 2418 to·

308 2469 489 2568 tidemque
518 2471 751 2569 equisonibus
791 2472 827 2542 in
858 2473 1062 2545 comitatum
1092 2473 1303 2568 assumptis,
1341 2473 1449 2542 armis
1481 2493 1617 2544 vacuus

307 2620 443 2694 equum
459 2596 594 2692 petivit,
620 2618 737 2691 neque
752 2592 855 2666 lateri
869 2619 936 2667 suo
956 2594 1037 2667 serri
1052 2597 1310 2668 munimentum
1326 2590 1522 2668 adsciscere
1544 2617 1615 2664 cu-

305 2717 505 2791 rehabuit.
558 2719 675 2807 Quem
692 2741 775 2786 cum
795 2741 814 2788 e
829 2716 971 2790 famulis
987 2717 1135 2816 quidam
1153 2715 1275 2815 gladio
1296 2741 1449 2789 vacuum
1466 2715 1615 2788 incede-

306 2865 345 2914 re
367 2839 552 2929 vetuisset,
577 2859 804 2933 nequaquam
832 2863 871 2941 se
889 2842 924 2911 in
950 2839 1072 2913 salutis
1090 2838 1235 2911 tutelam
1249 2839 1344 2913 ferro
1357 2865 1452 2936 opus
1471 2837 1614 2928 habere,

305 2961 500 3060 respoudit.
554 2964 707 3031 'lantum
724 2961 818 3033 enim
834 2960 976 3035 fiduciae
994 2979 1028 3033 et
1044 2963 1143 3058 pacis
1160 2963 1194 3033 in
1219 2963 1340 3060 Magni
1364 2963 1531 3034 societate
1552 2985 1613 3032 re-

230 3115 234 3136 ·
304 3101 487 3186 posuerat,
513 3099 551 3156 ut
573 3083 609 3153 iu
626 3107 815 3155 occursum
835 3086 914 3181 ejus
931 3109 976 3156 ne
993 3109 1077 3156 ense
1093 3081 1240 3182 quidem
1266 3082 1439 3156 utendum
1464 3099 1612 3182 putaret.

303 3209 479 3280 Monitore
505 3231 612 3294 vern,
645 3231 690 3278 ne
720 3205 853 3278 ferrum
879 3208 1072 3296 omitteret,
1109 3208 1305 3300 insistente,
1334 3232 1427 3308 aegre
1453 3204 1612 3305 gladium

303 3331 465 3428 sumpsit.
490 3331 591 3402 Tunc
606 3344 740 3420 cantor,
757 3327 856 3425 quod
872 3331 1048 3401 Canutnm
1063 3331 1226 3434 ¹Saronici
1243 3347 1276 3404 et
1296 3334 1382 3406 ritus
1408 3345 1445 3403 et
1459 3329 1611 3402 nominis

302 3454 580 3526 amantissimum
596 3457 734 3542 scisset,
760 3451 897 3524 cantela
914 3455 1045 3526 sensim
1061 3459 1234 3527 instruere
1252 3458 1412 3553 cupiens,
1438 3477 1523 3526 oum
1542 3453 1610 3548 ju-

301 3572 491 3650 risiurandi
512 3573 655 3673 religio,
681 3580 889 3672 quominus
913 3573 949 3645 id
972 3591 1109 3672 ageret,
1143 3574 1285 3648 obstare
1300 3575 1497 3664 videretur,
1524 3580 1608 3671 quia

299 3695 437 3798 liquido
454 3697 554 3769 nelas
571 3695 737 3786 ducebat,
760 3696 831 3770 sub
846 3694 1031 3769 involucro
1046 3719 1122 3768 rem
1137 3697 1293 3794 prodere
1308 3697 1520 3790 conabatur,
1547 3703 1609 3768 in-

298 3825 494 3921 tegritatem
507 3843 608 3892 suam
624 3821 713 3892 inter
726 3818 840 3893 fidum
857 3821 975 3892 arcani
1000 3835 1034 3891 et
1049 3825 1151 3916 pium
1168 3822 1375 3893 innocentiae
1392 3837 1606 3896 servatorem

297 3943 457 4040 partitus.
521 3944 630 4042 lgitur
646 3945 893 4040 speciosissimi
915 3942 1078 4014 carminis
1098 3957 1261 4016 contextu
1284 3949 1501 4018 notissimam
1520 3945 1607 4015 Gri-

296 4063 417 4137 mildae
443 4087 528 4162 erga
551 4063 676 4136 fratres
701 4063 910 4161 perfidiam²
944 4063 989 4136 de
1010 4063 1182 4140 industria
1219 4087 1417 4140 memorare
1444 4065 1607 4154 adorsus,

296 4187 444 4262 samosae
462 4183 599 4260 lraudis
620 4184 783 4286 exemplo
807 4186 974 4260 similium
996 4192 1027 4260 ei
1054 4205 1190 4263 metum
1214 4191 1421 4288 ingenerare
1442 4188 1606 4263 tentabat.

295 4307 364 4381 Sed
386 4307 490 4382 nullis
507 4310 725 4383 monitorum
741 4309 957 4408 amhagibus
972 4312 1171 4386 securitatis
1189 4313 1268 4409 ejus
1291 4309 1457 4386 columen
1488 4333 1605 4409 quas-

340 4555 351 4588 ¹
369 4547 610 4628 Haralstodiom]
627 4553 714 4615 Nunc
738 4552 918 4632 Harrested,
979 4551 1082 4615 mitte
1095 4553 1230 4637 pertinet
1249 4551 1287 4615 sd
1305 4531 1421 4635 cyclum
1436 4549 1605 4615 sarmium

292 4677 389 4744 pagus
410 4657 442 4718 in
455 4655 613 4739 toparchia
625 4657 858 4742 Ringstadiensi.
978 4659 1069 4722 etiam
1096 4669 1200 4722 nostra
1228 4671 1319 4724 astate
1341 4659 1531 4723 notissimam
1565 4655 1608 4720 dc

337 4767 544 4831 ²Noa'sstmam
559 4765 709 4827 Gramildoe
719 4791 792 4851 erga
799 4767 920 4852 fratres
977 4763 1126 4848 Nlllungls
1147 4763 1214 4844 (das
1226 4763 1527 4852 Niebelttngettllttd)3
1541 4763 1607 4827 vld.

287 4868 458 4958 perfidiam]
482 4869 625 4966 Narratio
646 4867 684 4934 ds
700 4871 827 4958 pertidia
848 4875 918 4938 Gri-
976 4883 1040 4935 not.
1061 4870 1146 4935 aber.
