3582 5466
377 295 452 374 604
711 297 891 372 'ltlsrott
910 299 1016 370 ortt.
1030 299 1167 370 LIBER
1185 301 1256 370 xlt

325 511 406 586 satis
428 463 722 604 Dythmersisuue
741 491 908 622 subactis,
932 529 978 579 eo
994 503 1074 596 luci,
1095 503 1158 576 ubi
1174 503 1380 578 wermundi
1396 503 1508 580 liliam
1527 504 1631 580 offo-

326 657 408 705 nem
434 655 516 702 cnm
530 628 678 704 duobus
704 629 883 702 Saronicae
897 631 1012 726 gentis
1034 627 1224 704 leotioeimis
1251 651 1397 701 manum
1407 625 1529 700 ‘duelli
1556 619 1630 702 nei-

326 753 419 826 mine
432 755 651 828 conseruisse
668 749 849 850 proditum
865 765 936 839 est,
972 752 1203 826 munitionem
1221 748 1425 824 inhibendae
1450 747 1629 824 decaro-

186 865 192 874 ’
326 879 381 950 nis
396 890 502 950 causa
517 873 670 964 molitus,
696 872 791 947 vallo
806 873 975 971 fossaque
992 871 1143 946 insulam
1159 875 1274 946 cinxit.
1328 872 1441 970 Cujus
1457 872 1628 946 domina-

325 999 456 1071 tionem
475 995 704 1095 popularium
725 987 872 1094 quidam
894 996 1059 1094 privatim
1079 1019 1250 1094 perosus,
1275 998 1519 1070 concionantis
1534 993 1628 1068 latos

326 1119 427 1194 hasta
442 1117 619 1192 transfixit.

455 1245 508 1316 Ea
524 1234 948 1340 tempestateSelarornm
962 1238 1153 1330 insolentia,
1173 1238 1234 1312 din
1251 1240 1396 1314 Danicae
1415 1239 1464 1312 rei
1480 1239 1626 1312 miseriis

326 1365 419 1457 alita,
435 1363 583 1464 (quippe
600 1364 711 1462 magis
730 1365 808 1438 otiis
825 1362 923 1436 Olavi
941 1379 1129 1462 provecta,
1155 1387 1265 1461 qnam
1287 1361 1367 1436 ullis
1383 1366 1461 1463 ejus
1477 1362 1627 1461 negotiis

326 1501 443 1564 retusa
461 1485 609 1579 iuerat,)
634 1487 779 1584 piratica
795 1501 935 1560 nostrus
952 1487 1123 1560 acerrime
1141 1486 1347 1562 lacessebat
1399 1485 1468 1560 Sed
1491 1502 1527 1558 et
1543 1489 1625 1558 Ao-

326 1629 443 1684 tonem
459 1606 650 1706 quendam,
666 1605 952 1706 splendidissimo
968 1606 1050 1680 loeo
1067 1625 1198 1700 natum,
1214 1610 1397 1686 Falstriam
1413 1635 1434 1682 e
1450 1605 1623 1686 Sialndia

325 1747 488 1822 etentem,
505 1734 696 1828 pmorique
709 1753 817 1828 qoam
836 1731 995 1828 intercipi
1017 1747 1285 1830 praeoptantem,
1306 1729 1446 1806 uncidin
1495 1731 1624 1802 Enim·-

327 1877 415 1932 vero
431 1858 585 1954 ingenita
603 1853 739 1926 Danico
757 1853 916 1952 sangnini
941 1857 1052 1926 virtus
1074 1855 1281 1951 captivitatis
1296 1867 1425 1928 sortem
1438 1856 1534 1925 omui
1554 1851 1627 1922 fato

200 2039 207 2046 .
325 1981 513 2054 tristiorem
529 1975 709 2050 existimat.
768 1979 882 2068 Quam
908 1999 982 2048 rem
1010 1974 1163 2048 Slrialmo
1189 1957 1392 2067 Candidos,
1424 1974 1545 2069 (irater
1565 1971 1625 2046 bic

275 2141 278 2148 =
326 2105 473 2176 botonis
486 2097 584 2192 ereb)
611 2089 645 2170 in
671 2095 907 2172 celeberrimis
921 2101 1107 2170 Danorum
1131 2098 1288 2174 conciliis
1302 2099 1527 2199 querelarum
1544 2097 1622 2168 sre-

326 2227 469 2326 quentia
491 2234 706 2321 prosecutus
738 2220 891 2310 extudit,
929 2236 969 2294 ut
993 2225 1198 2292 auctoritate
1225 2223 1304 2318 ejus
1333 2237 1469 2298 motum
1492 2216 1624 2318 vulgus

274 2339 280 2352 ⁸
325 2351 559 2422 uniusneoem
574 2343 734 2415 omnium
750 2367 856 2418 manu
874 2339 1112 2418 ulciscendam
1130 2341 1345 2420 decerneret.
1373 2335 1473 2418 Adeo
1487 2343 1625 2441 quippe

325 2469 421 2570 reg'n
436 2470 601 2566 majestas
616 2465 829 2564 popularem
845 2470 1042 2553 evexerat¹,
1072 2483 1110 2540 ot
1132 2467 1164 2537 ei
1179 2465 1484 2542 decernendarum
1506 2485 1623 2562 expe-

326 2591 499 2666 ditionum
524 2591 584 2688 jus
600 2606 713 2677 esset,
745 2593 923 2688 armisque
948 2587 1102 2689 publicis
1134 2613 1206 2661 non
1231 2585 1416 2689 imperium
1443 2587 1621 2688 principis,

324 2713 390 2790 sed
417 2713 533 2815 plebis
557 2711 742 2786 arbitrium
765 2710 975 2809 praesideret.
1028 2716 1197 2784 Prtctereu
1221 2712 1287 2786 Alli
1310 2729 1344 2786 et
1362 2714 1477 2802 Heni,
1491 2709 1622 2782 Scaniae

324 2835 485 2926 oriundi,
515 2831 579 2908 sed
600 2835 678 2930 ejus
696 2857 799 2906 usum
813 2831 1028 2906 facinoribus
1049 2833 1244 2927 demeriti²‚
1275 2835 1444 2929 Julinnm,
1464 2831 1621 2908 certissi-

325 2985 424 3036 mum
437 2961 621 3032 Dacorum
639 2955 1168 3055 prologiunr³,proscriptorum
1182 2957 1284 3032 titulo
1300 2965 1507 3057 petiverunt.
1541 2960 1620 3028 Cu-

324 3085 385 3182 jus
406 3083 506 3156 enixe
529 3079 667 3178 negotia
700 3095 937 3154 consectantes
971 3082 1239 3182 maritimisque*
1253 3065 1403 3179 patriam
1436 3078 1623 3154 latrociniis

326 3399 454 3466 Beronis
470 3397 535 3460 sire
553 3393 714 3458 Biornonis
733 3399 943 3462 tantummodo
1003 3399 1167 3464 aedicere
1199 3399 1312 3476 voluit,
1372 3399 1460 3466 Olari
1492 3397 1623 3461 famelici

329 3505 379 3569 bio
395 3503 537 3568 occurrit.
558 3505 635 3564 Eum
654 3521 752 3564 arcem
772 3505 964 3604 exstruxisse
1000 3508 1047 3568 vel
1086 3506 1223 3569 socordia
1270 3509 1315 3570 rel
1354 3505 1523 3569 infortunio
1577 3503 1622 3565 sa-

326 3607 570 3692 Reinboldsburg
590 3628 625 3670 eo
642 3609 672 3670 in
691 3609 776 3684 loco,
798 3611 849 3672 ubi
867 3633 946 3674 nurrc
999 3621 1092 3689 ctum,
1107 3623 1141 3674 ut
1152 3611 1282 3688 comitia,
1297 3633 1368 3698 rege
1379 3611 1456 3674 baud
1470 3611 1621 3686 consulto,

325 3741 379 3780 arr
389 3713 563 3798 liemburgi
581 3715 638 3776 sits
656 3726 717 3792 est,
745 3739 851 3802 magna
878 3741 946 3782 cum
1001 3719 1047 3802 jos
1071 3719 1143 3782 belii
1163 3717 1342 3783 decernendi
1358 3717 1414 3780 sibi
1434 3729 1621 3800 arrogarent.

324 3822 487 3909 sagacitate
505 3819 608 3882 docuit
630 3823 769 3885 Carstens
788 3825 947 3898 (Schlesw.
1000 3826 1106 3902 (Plura
1123 3824 1161 3887 de
1175 3824 1310 3889 hocloco
1327 3824 1386 3888 rid.
1397 3825 1428 3885 in
1443 3835 1506 3885 not.
1522 3822 1621 3899 uber.)

250 3951 252 3958 ’
325 3931 426 3994 Helui.
447 3929 596 4012 dnaeiget·
612 3925 689 3992 1757
701 3933 736 3992 Ν.
756 3927 820 4010 lli.)
876 3931 944 3996 l'ld.
1045 3933 1128 3994 *Sed
1145 3933 1208 4014 ejus
1228 3957 1308 3992 usum
1320 3933 1505 4016 facilioribus
1528 3931 1622 3992 deme·

324 4057 415 4122 supra
430 4059 460 4120 p.
476 4031 544 4098 173.
1001 4033 1065 4114 riri]
1095 4037 1274 4099 Rarissimus
1308 4035 1364 4098 bae
1402 4035 1622 4120 significatione
1656 4041 1661 4048 '

371 4133 477 4207 'Adeo
506 4145 611 4228 quippe
635 4143 715 4224 regie
737 4145 874 4224 majestas
891 4169 945 4230 po·
1001 4141 1084 4203 rrrbl
1105 4142 1193 4226 hujus
1216 4155 1260 4206 est
1280 4163 1366 4218 usur,
1387 4161 1462 4231 pro:
1483 4165 1539 4203 non
1561 4167 1621 4204 anr-

321 4253 454 4337 pclarem
474 4245 621 4323 erexerat]
638 4245 819 4331 dieplranlm
842 4249 873 4309 ln
891 4271 942 4311 sua
994 4249 1075 4336 plius
1104 4247 1166 4312 sire
1190 4251 1264 4312 male
1286 4253 1390 4312 meriti.
1437 4249 1621 4332 Propositiu

325 4351 457 4418 editione
486 4365 556 4438 post
577 4355 750 4440 popularem
788 4351 943 4416 addiderat
998 4367 1097 4416 autem
1118 4358 1154 4418 de
1188 4367 1221 4418 ut
1238 4353 1367 4436 augendi
1388 4366 1418 4416 et
1432 4351 1621 4428 intendendi,

325 4463 494 4524 libertatem.
554 4461 632 4523 Saxo
669 4471 767 4522 autem
795 4457 944 4523 intellexit
997 4461 1143 4522 sicetiam
1163 4459 1317 4548 minuendi
1332 4459 1390 4522 rim
1409 4457 1519 4535 babet,
1541 4481 1620 4544 quo·

325 4567 524 4656 majestatem,
562 4585 630 4648 que
679 4585 736 4628 vox
788 4565 944 4650 precedit.
998 4566 1088 4630 modo
1111 4567 1141 4628 ln
1167 4564 1265 4628 verbis
1285 4569 1496 4639 dememr'msse,
1522 4569 1620 4630 clerae·

324 4677 435 4740 Semne
462 4683 524 4735 est:
561 4672 749 4735 connivente
771 4675 838 4756 ipso
872 4693 943 4757 ruge
998 4671 1266 4755 reerectidgenur
1282 4673 1355 4734 aliis.
1371 4669 1422 4750 (S)

324 4790 460 4846 creverat
505 4775 645 4860 majestas
683 4780 838 4862 popularis
881 4780 943 4841 sire
1043 4773 1255 4862 ⁸Projugicm]
1278 4778 1383 4862 Steph.
1408 4776 1499 4840 babet
1516 4779 1623 4866 persa·

324 4887 469 4953 autoritas
500 4885 615 4972 populi.
664 4883 753 4948 Haud
789 4883 944 4951 dubieSa·
1001 4888 1090 4966 pium.
