3538 5460
358 289 435 364 978
685 287 862 361 HISTOR.
881 287 988 359 ΒΑΝ.
1006 287 1146 392 LlBER
1161 287 1254 399 XVl.

303 495 476 572 concione
492 499 691 584 contractis,
714 492 913 567 Abealonici
927 495 1050 593 operis
1065 510 1232 567 eventum
1251 491 1362 594 digno
1378 493 1563 567 relationis
1577 493 1633 566 of·

304 619 391 696 finio
406 633 665 718 repraesentare
677 620 866 715 praecepit,
891 615 1128 716 expeditionis
1142 618 1327 692 hortatore
1338 642 1492 709 usurus,
1518 642 1631 714 quem
1748 621 1749 634 ²

304 745 422 818 nuntii
437 757 618 816 auctorem
635 739 819 814 babuerat.
873 743 956 832 Quo
974 738 1081 831 facto,
1107 742 1268 814 omnium
1287 742 1413 822 animis
1436 745 1629 813 maximum
1748 795 1749 820 t

305 864 504 942 educendae
522 863 644 957 plessis
659 889 783 937 curam
799 863 1026 961 ingeneravit.

404 991 450 1060 At
467 990 601 1077 Caesar,
616 1003 722 1061 tantae
735 985 987 1060 cladis'nuntio
1003 1001 1169 1086 recepto,
1193 1005 1388 1088 postquam
1406 984 1487 1060 solo
1504 983 1631 1058 Absa—
1748 1041 1749 1074 t

305 1110 399 1186 lonis
420 1111 534 1185 ductu
558 1137 634 1184 reru
654 1126 791 1210 gestam
805 1112 991 1210 cognorit,
1022 1135 1168 1184 omnem
1184 1138 1256 1186 uon
1276 1112 1397 1186 solum
1422 1105 1632 1182 obtinendae

306 1237 433 1310 Danioe
459 1259 582 1334 spem,
614 1259 739 1306 verum
764 1233 870 1306 etiam
892 1231 1105 1306 attentandoe
1125 1234 1294 1308 fiduciam
1316 1248 1434 1308 ruente
1450 1229 1632 1328 deposuit,
1748 1227 1749 1302 3

305 1358 473 1458 proprias
497 1361 591 1430 vires
624 1355 850 1447 damnando,
890 1353 992 1454 quod
1022 1355 1144 1432 alienis
1167 1383 1299 1458 parum
1324 1357 1514 1430 efficaciter
1543 1377 1632 1428 usus

190 1593 192 1600 ἲ
304 1483 438 1556 fuisset.
487 1479 650 1554 Eandem
665 1480 852 1552 victoriam
868 1503 971 1552 suam
984 1479 1145 1554 Absalon
1164 1482 1264 1582 apud
1281 1485 1490 1580 Byzantium
1506 1480 1631 1552 incre·
1748 1479 1749 1482 ’

306 1605 410 1680 dibili
432 1603 538 1678 farooe
560 1601 745 1676 velocitate
769 1602 971 1700 vulgatam,
1005 1603 1242 1703 postmodum
1267 1605 1315 1676 ab
1339 1601 1524 1702 equitibus
1546 1605 1630 1691 suis,

306 1747 395 1804 tunc
410 1732 582 1824 temporis
597 1728 633 1798 in
649 1749 691 1797 ea
706 1723 799 1797 urbe
809 1723 986 1820 stipendia
994 1727 1252 1819 merentibus¹,
1262 1728 1410 1824 accepit.
1436 1725 1508 1800 Sed
1525 1749 1630 1798 noro
1693 1744 1694 1752 ¹

305 1851 423 1952 frugis
437 1853 591 1922 accessio
606 1847 809 1920 labentibus
825 1845 981 1920 boatium
998 1848 1172 1924 alimentis
1196 1850 1368 1951 opitulata
1383 1855 1480 1941 est²,
1502 1848 1630 1922 iisdem

307 2001 352 2048 ox
368 1979 479 2074 regite
496 1971 750 2070 profectionis³
767 1971 992 2042 cunctatione
1009 1973 1303 2048 instruendorum
1324 1973 1507 2049 frumento
1526 1976 1630 2046 vico-

307 2123 389 2172 rum
403 2119 580 2196 perquam
597 2093 684 2168 utile
699 2092 769 2166 sibi
786 2092 1029 2166 laxamentum
1053 2096 1291 2172 sumentibus.
1341 2098 1456 2169 Huius
1474 2093 1630 2193 expedi-

307 2221 412 2294 tionis
434 2218 603 2318 opiuione
633 2216 757 2316 perciti
785 2214 1098 2316 Walogastenses,
1136 2216 1376 2319 profundiora
1401 2220 1488 2290 Peni
1516 2223 1629 2290 amnis

306 2342 388 2418 loen
405 2341 538 2416 crebro
558 2339 682 2440 lapide
697 2338 911 2438 complent,
937 2344 1121 2415 moenium
1146 2365 1296 2416 suornm
1318 2339 1456 2415 aditum
1480 2342 1631 2440 navigiis

265 2527 267 2532 ,
306 2471 481 2566 negaturi.
550 2466 652 2556 Quos
678 2462 840 2537 Absalou
872 2463 999 2536 iisdem
1032 2463 1125 2540 alvei
1154 2465 1241 2539 locis
1269 2489 1417 2566 egerere
1446 2467 1629 2561 cupiens*‚

307 2585 493 2662 trahendae
518 2609 642 2660 secum
666 2588 861 2684 juventutis
883 2588 997 2686 gratia
1013 2611 1147 2685 corpus
1178 2591 1282 2688 aquis
1312 2591 1529 2686 immergere
1556 2615 1632 2661 uon

307 2709 495 2798 dubitavit,
509 2709 845 2808 easquelapidibus
860 2709 1149 2803 uacuefaciendo,
1164 2727 1337 2811 quantum
1353 2711 1630 2786 transmittendae

308 2833 413 2910 classi
439 2835 523 2906 satis
552 2849 646 2923 erat,
686 2833 734 2906 ad
762 2833 956 2931 patientem
992 2837 1227 2934 navigationis
1251 2833 1416 2910 habitum
1446 2835 1628 2934 perduxit,

307 2983 523 3060 quanquam
545 2956 718 3054 oppidani
742 2955 926 3030 machinas
947 2981 1032 3032 suas
1051 2957 1114 3032 tali
1130 2973 1413 3055 temperamento
1429 2957 1632 3048 librasseut,

306 3099 348 3157 ut
359 3081 488 3175 eaderp
508 3085 623 3154 amnis
643 3081 758 3178 spatia
781 3083 884 3154 certis
904 3080 1032 3154 ictibus
1055 3079 1277 3174 destinarent
1337 3083 1479 3175 Quibus
1500 3081 1633 3155 obsta·-

307 3201 398 3278 culis
421 3206 569 3278 nansitu
591 3202 820 3297 vacuefacto,
847 3203 987 3276 facilem
1008 3207 1111 3276 sociis
1127 3202 1293 3300 petendae
1310 3203 1633 3280 circumsideudae-

306 3347 382 3427 quc
396 3327 500 3400 urbis
516 3324 651 3400 aditum
665 3331 798 3397 struxit
850 3325 1048 3400 Obsidione
1064 3343 1204 3424 coepta,
1230 3327 1329 3400 refixi
1345 3328 1416 3404 sub
1441 3335 1545 3426 aquis
1561 3333 1634 3403 sti-

304 3451 421 3550 pites,
443 3471 600 3548 quornm
622 3447 822 3548 frequentia
846 3447 1028 3548 oppidum
1054 3465 1129 3522 erat
1152 3449 1342 3541 vallatum,
1367 3457 1512 3552 navigia
1534 3435 1634 3551 pro-

305 3578 392 3674 pina
415 3555 602 3675 appellere
627 3575 725 3675 passi
748 3597 823 3645 non
848 3587 940 3647 suut.
997 3577 1100 3646 liano
1128 3577 1406 3675 oppugnationis
1431 3573 1637 3648 difficulta-

352 3879 362 3912 ¹
384 3869 431 3940 Ab
451 3873 622 3960 equitibus.
643 3915 673 3934 ..
693 3873 877 3954 merentibus]
901 3877 936 3937 ln
1004 3851 1474 3960 (Petramessudagl‘vehementi
1487 3873 1634 3958 quodam,

305 3983 454 4066 praetoria
482 3981 626 4043 nimirum
655 3979 786 4041 cohorte
806 3979 936 4064 impera·
1002 3981 1056 4046 sed
1080 3983 1182 4046 inutili
1201 3983 1233 4045 in
1254 3985 1457 4068 Valagostum
1480 3977 1635 4066 oppidum

306 4088 383 4154 toris
400 4091 542 4170 Romani,
564 4109 634 4174 qnae
649 4086 845 4152 scandinavia
864 4108 937 4151 con·
1002 4087 1086 4154 facto
1105 4090 1224 4178 impetu
1244 4090 1371 4174 insignia
1388 4099 1462 4150 eret.

305 4195 414 4262 stabnt.

579 4309 586 4322 .
753 4306 760 4320 .
1049 4241 1062 4277 ³
1085 4243 1186 4323 Ilegr'oe
1203 4231 1413 4326 profectionis]
1432 4235 1637 4322 Profissiom's

351 4307 364 4340 ²
385 4309 479 4367 Nom
489 4304 599 4390 frug&
617 4347 625 4366 '
644 4347 680 4366 '⁰
707 4305 855 4392 ‘'paula“
876 4302 933 4383 Μ]
1003 4344 1035 4408 in
1050 4345 1269 4430 edStepbanii
1289 4355 1335 4406 est
1355 4339 1466 4404 menda
1486 4353 1635 4424 typogra-

305 4411 469 4534 E¹petllli⁰
487 4424 600 4491 tamen,
624 4410 662 4473 ‘1²
680 4432 739 4495 ‘1¹¹³
756 4409 807 4472 ΜΩ
824 4409 935 4532 wilfi*
1002 4453 1077 4537 phi,
1099 4473 1169 4536 quae
1190 4453 1222 4514 in
1241 4448 1376 4513 editione
1391 4447 1564 4522 lllotaiana‚
1586 4447 1636 4509 uti

307 4527 421 4580 artata
451 4532 593 4606 tempore
626 4529 697 4580 anto
728 4535 856 4578 messem
888 4539 934 4578 ιιι·
1000 4560 1098 4637 solet,
1118 4561 1256 4628 iteratur·

307 4633 439 4706 ceptam,
460 4625 614 4690 mensibus
633 4624 716 4687 Julio
734 4637 766 4688 et
784 4625 933 4709 Augusto,
1283 4695 1287 4702 r

271 4791 278 4804 ,
305 4729 389 4796 facte
407 4743 461 4796 est
489 4737 580 4796 Teste
598 4743 722 4796 auctore
740 4730 811 4794 hic.
830 4731 932 4814 Rnytl.
1045 4733 1060 4768 ⁴
1084 4732 1168 4815 Quos
1192 4773 1201 4792 .
1225 4739 1235 4792 :
1260 4773 1271 4792 .
1293 4751 1410 4814 egerere
1428 4721 1560 4816 cupae'em]
1584 4725 1638 4787 lta

306 4859 331 4905 e
357 4836 418 4906 129
445 4837 509 4905 diet
529 4837 646 4927 primus
673 4837 784 4903 mentis
803 4838 933 4923 Augusti
999 4836 1106 4922 steph.
1128 4839 1163 4900 ln
1181 4836 1228 4900 ed.
1248 4859 1296 4922 pr.
1316 4860 1400 4922 quas.
