<?xml version="1.0" encoding="UTF-8"?>
<!DOCTYPE html PUBLIC "-//W3C//DTD XHTML 1.0 Transitional//EN"
    "http://www.w3.org/TR/xhtml1/DTD/xhtml1-transitional.dtd">
<html xmlns="http://www.w3.org/1999/xhtml" xml:lang="en" lang="en">
 <head>
  <title>
</title>
<meta http-equiv="Content-Type" content="text/html;charset=utf-8" />
  <meta name='ocr-system' content='tesseract 3.04.00' />
  <meta name='ocr-capabilities' content='ocr_page ocr_carea ocr_par ocr_line ocrx_word'/>
</head>
<body>
  <div class='ocr_page' id='page_1' title='image "./historiadanica01velsgoog_0057.png"; bbox 0 0 3582 5466; ppageno 0'>
   <div class='ocr_carea' id='block_1_1' title="bbox 329 277 1230 354">
    <p class='ocr_par' dir='ltr' id='par_1_1' title="bbox 329 277 1230 354">
     <span class='ocr_line' id='line_1_1' title="bbox 329 277 1230 354; baseline -0.002 -2"><span class='ocrx_word' id='word_1_1' title='bbox 329 297 331 302; x_wconf 84' lang='lat'>&#39;</span> <span class='ocrx_word' id='word_1_2' title='bbox 371 277 446 354; x_wconf 75' lang='grc'><strong>594</strong></span> <span class='ocrx_word' id='word_1_3' title='bbox 707 280 881 352; x_wconf 76' lang='lat' dir='ltr'><strong>lllS&#39;lOli.</strong></span> <span class='ocrx_word' id='word_1_4' title='bbox 896 281 1004 352; x_wconf 62' lang='grc' dir='ltr'><strong>ΒΑΝ·</strong></span> <span class='ocrx_word' id='word_1_5' title='bbox 1018 279 1157 352; x_wconf 83' lang='lat' dir='ltr'>LIBER</span> <span class='ocrx_word' id='word_1_6' title='bbox 1171 283 1230 352; x_wconf 88' lang='lat' dir='ltr'><strong>xt.</strong></span> 
     </span>
    </p>
   </div>
   <div class='ocr_carea' id='block_1_2' title="bbox 317 489 1731 1081">
    <p class='ocr_par' dir='ltr' id='par_1_2' title="bbox 317 489 1731 1081">
     <span class='ocr_line' id='line_1_2' title="bbox 321 489 1630 592; baseline -0.002 -26"><span class='ocrx_word' id='word_1_7' title='bbox 321 494 477 592; x_wconf 86' lang='lat' dir='ltr'><strong>primum</strong></span> <span class='ocrx_word' id='word_1_8' title='bbox 494 490 674 583; x_wconf 80' lang='lat' dir='ltr'><strong>aeivibus</strong></span> <span class='ocrx_word' id='word_1_9' title='bbox 686 505 865 588; x_wconf 79' lang='lat' dir='ltr'><strong>exceptus,</strong></span> <span class='ocrx_word' id='word_1_10' title='bbox 880 489 1053 588; x_wconf 82' lang='lat' dir='ltr'><strong>paulatim</strong></span> <span class='ocrx_word' id='word_1_11' title='bbox 1067 494 1103 562; x_wconf 91' lang='lat' dir='ltr'><strong>in</strong></span> <span class='ocrx_word' id='word_1_12' title='bbox 1116 515 1310 566; x_wconf 81' lang='lat' dir='ltr'><strong>commune</strong></span> <span class='ocrx_word' id='word_1_13' title='bbox 1329 491 1514 591; x_wconf 81' lang='lat' dir='ltr'><strong>prorepsit.</strong></span> <span class='ocrx_word' id='word_1_14' title='bbox 1547 492 1630 564; x_wconf 80' lang='lat' dir='ltr'><strong>Cu-</strong></span> 
     </span>
     <span class='ocr_line' id='line_1_3' title="bbox 317 610 1731 713; baseline 0 -25"><span class='ocrx_word' id='word_1_15' title='bbox 317 616 458 710; x_wconf 86' lang='lat' dir='ltr'><strong>justam</strong></span> <span class='ocrx_word' id='word_1_16' title='bbox 473 619 554 686; x_wconf 75' lang='lat' dir='ltr'><strong>vite</strong></span> <span class='ocrx_word' id='word_1_17' title='bbox 569 635 679 713; x_wconf 88' lang='lat' dir='ltr'><strong>quam</strong></span> <span class='ocrx_word' id='word_1_18' title='bbox 697 610 953 685; x_wconf 77' lang='lat' dir='ltr'><strong>miraculorum</strong></span> <span class='ocrx_word' id='word_1_19' title='bbox 969 615 1145 705; x_wconf 85' lang='lat' dir='ltr'><strong>virtutem,</strong></span> <span class='ocrx_word' id='word_1_20' title='bbox 1169 616 1334 713; x_wconf 81' lang='lat' dir='ltr'><strong>privatim</strong></span> <span class='ocrx_word' id='word_1_21' title='bbox 1352 611 1630 688; x_wconf 83' lang='lat' dir='ltr'><strong>Othoniensibus</strong></span> <span class='ocrx_word' id='word_1_22' title='bbox 1723 639 1731 650; x_wconf 87' lang='grc'><strong>’</strong></span> 
     </span>
     <span class='ocr_line' id='line_1_4' title="bbox 319 731 1631 838; baseline -0.001 -27"><span class='ocrx_word' id='word_1_23' title='bbox 319 734 569 826; x_wconf 75' lang='lat' dir='ltr'><strong>reamandum,</strong></span> <span class='ocrx_word' id='word_1_24' title='bbox 585 731 732 838; x_wconf 80' lang='lat' dir='ltr'><strong>publiea</strong></span> <span class='ocrx_word' id='word_1_25' title='bbox 748 735 874 806; x_wconf 84' lang='lat' dir='ltr'><strong>etiam²</strong></span> <span class='ocrx_word' id='word_1_26' title='bbox 891 733 1016 834; x_wconf 90' lang='lat' dir='ltr'><strong>religio</strong></span> <span class='ocrx_word' id='word_1_27' title='bbox 1030 739 1260 812; x_wconf 81' lang='lat' dir='ltr'><strong>eomeoravit.</strong></span> <span class='ocrx_word' id='word_1_28' title='bbox 1312 733 1383 808; x_wconf 87' lang='lat' dir='ltr'><strong>Sed</strong></span> <span class='ocrx_word' id='word_1_29' title='bbox 1397 750 1431 808; x_wconf 88' lang='lat' dir='ltr'><strong>et</strong></span> <span class='ocrx_word' id='word_1_30' title='bbox 1447 731 1631 810; x_wconf 83' lang='lat' dir='ltr'><strong>eoelastem</strong></span> 
     </span>
     <span class='ocr_line' id='line_1_5' title="bbox 320 854 1630 960; baseline -0.002 -26"><span class='ocrx_word' id='word_1_31' title='bbox 320 861 400 958; x_wconf 85' lang='lat' dir='ltr'><strong>ejus</strong></span> <span class='ocrx_word' id='word_1_32' title='bbox 413 859 575 956; x_wconf 88' lang='lat' dir='ltr'><strong>spiritum</strong></span> <span class='ocrx_word' id='word_1_33' title='bbox 589 854 635 928; x_wconf 87' lang='lat' dir='ltr'><strong>ad</strong></span> <span class='ocrx_word' id='word_1_34' title='bbox 651 854 722 928; x_wconf 89' lang='lat' dir='ltr'><strong>hoo</strong></span> <span class='ocrx_word' id='word_1_35' title='bbox 737 879 852 952; x_wconf 85' lang='lat' dir='ltr'><strong>nsque</strong></span> <span class='ocrx_word' id='word_1_36' title='bbox 866 872 1010 954; x_wconf 88' lang='lat' dir='ltr'><strong>tempus</strong></span> <span class='ocrx_word' id='word_1_37' title='bbox 1025 858 1108 934; x_wconf 79' lang='lat' dir='ltr'><strong>felix</strong></span> <span class='ocrx_word' id='word_1_38' title='bbox 1122 865 1304 960; x_wconf 87' lang='lat' dir='ltr'><strong>signorum</strong></span> <span class='ocrx_word' id='word_1_39' title='bbox 1327 860 1469 932; x_wconf 83' lang='lat' dir='ltr'><strong>fortuna</strong></span> <span class='ocrx_word' id='word_1_40' title='bbox 1495 880 1630 954; x_wconf 84' lang='lat' dir='ltr'><strong>proae-</strong></span> 
     </span>
     <span class='ocr_line' id='line_1_6' title="bbox 320 976 1630 1081; baseline 0 -27"><span class='ocrx_word' id='word_1_41' title='bbox 320 985 452 1081; x_wconf 83' lang='lat' dir='ltr'><strong>quitur.</strong></span> <span class='ocrx_word' id='word_1_42' title='bbox 505 981 596 1052; x_wconf 85' lang='lat' dir='ltr'><strong>lliuc</strong></span> <span class='ocrx_word' id='word_1_43' title='bbox 621 994 686 1068; x_wconf 88' lang='lat' dir='ltr'><strong>eat,</strong></span> <span class='ocrx_word' id='word_1_44' title='bbox 710 976 812 1077; x_wconf 90' lang='lat' dir='ltr'><strong>quod</strong></span> <span class='ocrx_word' id='word_1_45' title='bbox 833 981 1004 1072; x_wconf 86' lang='lat' dir='ltr'><strong>Canutus‚</strong></span> <span class='ocrx_word' id='word_1_46' title='bbox 1018 980 1127 1055; x_wconf 84' lang='lat' dir='ltr'><strong>divini</strong></span> <span class='ocrx_word' id='word_1_47' title='bbox 1152 985 1226 1081; x_wconf 89' lang='lat' dir='ltr'><strong>jam</strong></span> <span class='ocrx_word' id='word_1_48' title='bbox 1250 981 1356 1056; x_wconf 87' lang='lat' dir='ltr'><strong>animi</strong></span> <span class='ocrx_word' id='word_1_49' title='bbox 1369 978 1630 1054; x_wconf 80' lang='lat' dir='ltr'><strong>immortalitate</strong></span> 
     </span>
    </p>
   </div>
   <div class='ocr_carea' id='block_1_3' title="bbox 263 1100 1639 2058">
    <p class='ocr_par' dir='ltr' id='par_1_3' title="bbox 263 1100 1639 2058">
     <span class='ocr_line' id='line_1_7' title="bbox 319 1100 1628 1202; baseline 0.003 -26"><span class='ocrx_word' id='word_1_50' title='bbox 319 1106 461 1202; x_wconf 89' lang='lat' dir='ltr'><strong>potitus,</strong></span> <span class='ocrx_word' id='word_1_51' title='bbox 475 1118 515 1176; x_wconf 93' lang='lat' dir='ltr'><strong>ut</strong></span> <span class='ocrx_word' id='word_1_52' title='bbox 529 1100 913 1198; x_wconf 83' lang='lat' dir='ltr'><strong>terrestribuspatriam</strong></span> <span class='ocrx_word' id='word_1_53' title='bbox 930 1105 1132 1202; x_wconf 80' lang='lat' dir='ltr'><strong>patrociniis</strong></span> <span class='ocrx_word' id='word_1_54' title='bbox 1149 1103 1308 1178; x_wconf 80' lang='lat' dir='ltr'><strong>attollere</strong></span> <span class='ocrx_word' id='word_1_55' title='bbox 1323 1103 1470 1196; x_wconf 82' lang='lat' dir='ltr'><strong>studuit,</strong></span> <span class='ocrx_word' id='word_1_56' title='bbox 1483 1108 1628 1180; x_wconf 83' lang='lat' dir='ltr'><strong>iu&#39;ooe-</strong></span> 
     </span>
     <span class='ocr_line' id='line_1_8' title="bbox 263 1220 1629 1326; baseline 0.001 -25"><span class='ocrx_word' id='word_1_57' title='bbox 263 1249 274 1262; x_wconf 82' lang='lat'><strong><em>‘</em></strong></span> <span class='ocrx_word' id='word_1_58' title='bbox 319 1225 466 1302; x_wconf 85' lang='lat' dir='ltr'><strong>lestibus</strong></span> <span class='ocrx_word' id='word_1_59' title='bbox 481 1241 673 1324; x_wconf 80' lang='lat' dir='ltr'><strong>protegere</strong></span> <span class='ocrx_word' id='word_1_60' title='bbox 694 1247 767 1296; x_wconf 89' lang='lat' dir='ltr'><strong>uon</strong></span> <span class='ocrx_word' id='word_1_61' title='bbox 790 1220 944 1319; x_wconf 86' lang='lat' dir='ltr'><strong>desistit;</strong></span> <span class='ocrx_word' id='word_1_62' title='bbox 969 1225 1125 1324; x_wconf 86' lang='lat' dir='ltr'><strong>ideoque</strong></span> <span class='ocrx_word' id='word_1_63' title='bbox 1149 1230 1315 1301; x_wconf 88' lang='lat' dir='ltr'><strong>sanctitas</strong></span> <span class='ocrx_word' id='word_1_64' title='bbox 1336 1228 1428 1324; x_wconf 85' lang='lat' dir='ltr'><strong>ejus,</strong></span> <span class='ocrx_word' id='word_1_65' title='bbox 1450 1226 1575 1326; x_wconf 83' lang='lat' dir='ltr'><strong>glorie</strong></span> <span class='ocrx_word' id='word_1_66' title='bbox 1593 1243 1629 1302; x_wconf 86' lang='lat' dir='ltr'><strong>et</strong></span> 
     </span>
     <span class='ocr_line' id='line_1_9' title="bbox 319 1344 1627 1446; baseline 0.001 -22"><span class='ocrx_word' id='word_1_67' title='bbox 319 1349 530 1424; x_wconf 86' lang='lat' dir='ltr'><strong>eelebritatis</strong></span> <span class='ocrx_word' id='word_1_68' title='bbox 546 1345 664 1419; x_wconf 84' lang='lat' dir='ltr'><strong>fructu</strong></span> <span class='ocrx_word' id='word_1_69' title='bbox 679 1344 954 1444; x_wconf 84' lang='lat' dir='ltr'><strong>opulentissima,</strong></span> <span class='ocrx_word' id='word_1_70' title='bbox 969 1347 1199 1446; x_wconf 88' lang='lat' dir='ltr'><strong>splendidum</strong></span> <span class='ocrx_word' id='word_1_71' title='bbox 1226 1353 1260 1421; x_wconf 90' lang='lat' dir='ltr'><strong>iu</strong></span> <span class='ocrx_word' id='word_1_72' title='bbox 1286 1349 1382 1426; x_wconf 87' lang='lat' dir='ltr'><strong>lastis</strong></span> <span class='ocrx_word' id='word_1_73' title='bbox 1406 1348 1528 1424; x_wconf 85' lang='lat' dir='ltr'><strong>locum</strong></span> <span class='ocrx_word' id='word_1_74' title='bbox 1549 1348 1627 1425; x_wconf 90' lang='lat' dir='ltr'><strong>ob-</strong></span> 
     </span>
     <span class='ocr_line' id='line_1_10' title="bbox 318 1468 1629 1569; baseline -0.001 -22"><span class='ocrx_word' id='word_1_75' title='bbox 318 1475 439 1547; x_wconf 88' lang='lat' dir='ltr'><strong>tinet².</strong></span> <span class='ocrx_word' id='word_1_76' title='bbox 489 1469 702 1561; x_wconf 86' lang='lat' dir='ltr'><strong>Quinetiam</strong></span> <span class='ocrx_word' id='word_1_77' title='bbox 717 1468 887 1544; x_wconf 87' lang='lat' dir='ltr'><strong>salutares</strong></span> <span class='ocrx_word' id='word_1_78' title='bbox 905 1471 1147 1544; x_wconf 79' lang='lat' dir='ltr'><strong>affeetussuos</strong></span> <span class='ocrx_word' id='word_1_79' title='bbox 1172 1470 1388 1569; x_wconf 84' lang='lat' dir='ltr'><strong>quotidianis</strong></span> <span class='ocrx_word' id='word_1_80' title='bbox 1408 1470 1629 1546; x_wconf 83' lang='lat' dir='ltr'><strong>administrat</strong></span> 
     </span>
     <span class='ocr_line' id='line_1_11' title="bbox 318 1589 1626 1692; baseline 0.002 -24"><span class='ocrx_word' id='word_1_81' title='bbox 318 1593 452 1668; x_wconf 82' lang='lat' dir='ltr'><strong>iudiciis</strong></span> <span class='ocrx_word' id='word_1_82' title='bbox 472 1589 713 1688; x_wconf 75' lang='lat' dir='ltr'><strong>malitiamque</strong></span> <span class='ocrx_word' id='word_1_83' title='bbox 726 1594 848 1688; x_wconf 84' lang='lat' dir='ltr'><strong>patriae</strong></span> <span class='ocrx_word' id='word_1_84' title='bbox 864 1591 1045 1668; x_wconf 85' lang='lat' dir='ltr'><strong>benefieiis</strong></span> <span class='ocrx_word' id='word_1_85' title='bbox 1058 1608 1191 1692; x_wconf 84' lang='lat' dir='ltr'><strong>pensat.</strong></span> <span class='ocrx_word' id='word_1_86' title='bbox 1251 1595 1342 1666; x_wconf 86' lang='lat' dir='ltr'><strong>Nam</strong></span> <span class='ocrx_word' id='word_1_87' title='bbox 1357 1595 1529 1668; x_wconf 81' lang='lat' dir='ltr'><strong>virtutum</strong></span> <span class='ocrx_word' id='word_1_88' title='bbox 1546 1597 1626 1692; x_wconf 83' lang='lat' dir='ltr'><strong>ejus</strong></span> 
     </span>
     <span class='ocr_line' id='line_1_12' title="bbox 317 1711 1627 1814; baseline 0 -22"><span class='ocrx_word' id='word_1_89' title='bbox 317 1711 516 1813; x_wconf 72' lang='lat' dir='ltr'><strong>insignibus</strong></span> <span class='ocrx_word' id='word_1_90' title='bbox 538 1715 653 1786; x_wconf 88' lang='lat' dir='ltr'><strong>omnis</strong></span> <span class='ocrx_word' id='word_1_91' title='bbox 679 1730 764 1788; x_wconf 84' lang='lat' dir='ltr'><strong>aetas</strong></span> <span class='ocrx_word' id='word_1_92' title='bbox 781 1716 915 1788; x_wconf 90' lang='lat' dir='ltr'><strong>Danica</strong></span> <span class='ocrx_word' id='word_1_93' title='bbox 934 1713 1156 1814; x_wconf 78' lang='lat' dir='ltr'><strong>gloriabitur.</strong></span> <span class='ocrx_word' id='word_1_94' title='bbox 1215 1716 1364 1791; x_wconf 86' lang='lat' dir='ltr'><strong>Talibus</strong></span> <span class='ocrx_word' id='word_1_95' title='bbox 1386 1715 1627 1794; x_wconf 76' lang='lat' dir='ltr'><strong>illustrationis</strong></span> 
     </span>
     <span class='ocr_line' id='line_1_13' title="bbox 318 1835 1639 1938; baseline 0.002 -24"><span class='ocrx_word' id='word_1_96' title='bbox 318 1837 426 1914; x_wconf 82' lang='lat' dir='ltr'><strong>radiis</strong></span> <span class='ocrx_word' id='word_1_97' title='bbox 447 1853 652 1912; x_wconf 84' lang='lat' dir='ltr'><strong>sanctornm</strong></span> <span class='ocrx_word' id='word_1_98' title='bbox 677 1835 756 1911; x_wconf 86' lang='lat' dir='ltr'><strong>latis</strong></span> <span class='ocrx_word' id='word_1_99' title='bbox 778 1835 917 1911; x_wconf 84' lang='lat' dir='ltr'><strong>claritas</strong></span> <span class='ocrx_word' id='word_1_100' title='bbox 947 1855 1134 1938; x_wconf 84' lang='lat' dir='ltr'><strong>erogatur,</strong></span> <span class='ocrx_word' id='word_1_101' title='bbox 1183 1865 1267 1912; x_wconf 88' lang='lat' dir='ltr'><strong>oum</strong></span> <span class='ocrx_word' id='word_1_102' title='bbox 1294 1837 1425 1916; x_wconf 76' lang='lat' dir='ltr'><strong>calesti</strong></span> <span class='ocrx_word' id='word_1_103' title='bbox 1449 1839 1639 1916; x_wconf 35' lang='lat' dir='ltr'><strong>beneficio*</strong></span> 
     </span>
     <span class='ocr_line' id='line_1_14' title="bbox 320 1958 931 2058; baseline -0.015 -19"><span class='ocrx_word' id='word_1_104' title='bbox 320 1958 480 2040; x_wconf 83' lang='lat' dir='ltr'><strong>mortalis</strong></span> <span class='ocrx_word' id='word_1_105' title='bbox 497 1958 591 2034; x_wconf 83' lang='lat' dir='ltr'><strong>livor</strong></span> <span class='ocrx_word' id='word_1_106' title='bbox 605 1961 810 2058; x_wconf 82' lang='lat' dir='ltr'><strong>opponitur.</strong></span> <span class='ocrx_word' id='word_1_107' title='bbox 927 1987 931 1996; x_wconf 65' lang='lat'><strong><em>¹</em></strong></span> 
     </span>
    </p>
   </div>
   <div class='ocr_carea' id='block_1_4' title="bbox 319 2217 1625 2628">
    <p class='ocr_par' dir='ltr' id='par_1_4' title="bbox 319 2217 1625 2521">
     <span class='ocr_line' id='line_1_15' title="bbox 366 2217 1625 2306; baseline 0.004 -20"><span class='ocrx_word' id='word_1_108' title='bbox 366 2217 491 2299; x_wconf 58' lang='grc' dir='ltr'><strong>Ἕω]</strong></span> <span class='ocrx_word' id='word_1_109' title='bbox 508 2222 554 2284; x_wconf 85' lang='lat' dir='ltr'><strong>lta</strong></span> <span class='ocrx_word' id='word_1_110' title='bbox 566 2219 674 2305; x_wconf 78' lang='lat' dir='ltr'><strong>steph.</strong></span> <span class='ocrx_word' id='word_1_111' title='bbox 687 2219 871 2305; x_wconf 83' lang='lat' dir='ltr'><strong>eorrigeudo</strong></span> <span class='ocrx_word' id='word_1_112' title='bbox 888 2241 944 2306; x_wconf 79' lang='lat' dir='ltr'><strong>po·</strong></span> <span class='ocrx_word' id='word_1_113' title='bbox 1000 2219 1063 2302; x_wconf 78' lang='lat' dir='ltr'><strong>net]</strong></span> <span class='ocrx_word' id='word_1_114' title='bbox 1076 2221 1226 2290; x_wconf 78' lang='lat' dir='ltr'><strong>videlieet</strong></span> <span class='ocrx_word' id='word_1_115' title='bbox 1241 2221 1279 2288; x_wconf 78' lang='lat' dir='ltr'><strong>etl</strong></span> <span class='ocrx_word' id='word_1_116' title='bbox 1304 2221 1431 2288; x_wconf 75' lang='lat' dir='ltr'><strong>xdiaru</strong></span> <span class='ocrx_word' id='word_1_117' title='bbox 1450 2223 1625 2290; x_wconf 73' lang='lat' dir='ltr'><strong>mutusn-</strong></span> 
     </span>
     <span class='ocr_line' id='line_1_16' title="bbox 319 2319 1625 2426; baseline 0.005 -32"><span class='ocrx_word' id='word_1_118' title='bbox 319 2328 388 2400; x_wconf 78' lang='lat' dir='ltr'><strong>auit.</strong></span> <span class='ocrx_word' id='word_1_119' title='bbox 430 2319 488 2390; x_wconf 65' lang='lat' dir='ltr'><strong>Edss</strong></span> <span class='ocrx_word' id='word_1_120' title='bbox 502 2347 549 2411; x_wconf 78' lang='lat' dir='ltr'><strong>pr.</strong></span> <span class='ocrx_word' id='word_1_121' title='bbox 564 2325 742 2390; x_wconf 80' lang='lat' dir='ltr'><strong>habeteam.</strong></span> <span class='ocrx_word' id='word_1_122' title='bbox 774 2416 778 2426; x_wconf 32' lang='grc' dir='ltr'>Ι</span> <span class='ocrx_word' id='word_1_123' title='bbox 1000 2328 1042 2392; x_wconf 83' lang='lat' dir='ltr'><strong>lii.</strong></span> <span class='ocrx_word' id='word_1_124' title='bbox 1094 2329 1187 2394; x_wconf 87' lang='lat' dir='ltr'><strong>Plura</strong></span> <span class='ocrx_word' id='word_1_125' title='bbox 1206 2327 1244 2390; x_wconf 87' lang='lat' dir='ltr'><strong>de</strong></span> <span class='ocrx_word' id='word_1_126' title='bbox 1274 2328 1503 2394; x_wconf 72' lang='lat' dir='ltr'><strong>canonizatione</strong></span> <span class='ocrx_word' id='word_1_127' title='bbox 1533 2331 1625 2416; x_wconf 78' lang='lat' dir='ltr'><strong>hujus</strong></span> 
     </span>
     <span class='ocr_line' id='line_1_17' title="bbox 1000 2431 1624 2521; baseline 0.01 -23"><span class='ocrx_word' id='word_1_128' title='bbox 1000 2434 1237 2520; x_wconf 82' lang='lat' dir='ltr'><strong>Protomartyris</strong></span> <span class='ocrx_word' id='word_1_129' title='bbox 1247 2435 1354 2500; x_wconf 88' lang='lat' dir='ltr'><strong>Dauiei</strong></span> <span class='ocrx_word' id='word_1_130' title='bbox 1368 2446 1399 2496; x_wconf 87' lang='lat' dir='ltr'><strong>et</strong></span> <span class='ocrx_word' id='word_1_131' title='bbox 1414 2431 1452 2497; x_wconf 80' lang='lat' dir='ltr'><strong>tle</strong></span> <span class='ocrx_word' id='word_1_132' title='bbox 1463 2431 1544 2518; x_wconf 77' lang='lat' dir='ltr'><strong>fatis,</strong></span> <span class='ocrx_word' id='word_1_133' title='bbox 1553 2458 1624 2521; x_wconf 66' lang='lat' dir='ltr'><strong>qnae</strong></span> 
     </span>
    </p>

    <p class='ocr_par' dir='ltr' id='par_1_5' title="bbox 365 2537 1622 2628">
     <span class='ocr_line' id='line_1_18' title="bbox 365 2537 1622 2628; baseline 0.003 -25"><span class='ocrx_word' id='word_1_134' title='bbox 365 2540 575 2628; x_wconf 76' lang='lat' dir='ltr'><strong>’Splendidam</strong></span> <span class='ocrx_word' id='word_1_135' title='bbox 592 2543 621 2600; x_wconf 80' lang='lat' dir='ltr'><strong>iu</strong></span> <span class='ocrx_word' id='word_1_136' title='bbox 633 2540 732 2624; x_wconf 80' lang='lat' dir='ltr'><strong>sestis</strong></span> <span class='ocrx_word' id='word_1_137' title='bbox 753 2545 844 2604; x_wconf 82' lang='lat' dir='ltr'><strong>locum</strong></span> <span class='ocrx_word' id='word_1_138' title='bbox 867 2545 940 2606; x_wconf 81' lang='lat' dir='ltr'><strong>obti-</strong></span> <span class='ocrx_word' id='word_1_139' title='bbox 995 2563 1061 2605; x_wconf 85' lang='lat' dir='ltr'><strong>ossa</strong></span> <span class='ocrx_word' id='word_1_140' title='bbox 1072 2542 1137 2626; x_wconf 83' lang='lat' dir='ltr'><strong>ejas</strong></span> <span class='ocrx_word' id='word_1_141' title='bbox 1150 2554 1275 2628; x_wconf 84' lang='lat' dir='ltr'><strong>experta</strong></span> <span class='ocrx_word' id='word_1_142' title='bbox 1287 2553 1369 2621; x_wconf 85' lang='lat' dir='ltr'><strong>eunt,</strong></span> <span class='ocrx_word' id='word_1_143' title='bbox 1378 2537 1439 2603; x_wconf 76' lang='lat' dir='ltr'><strong>vil.</strong></span> <span class='ocrx_word' id='word_1_144' title='bbox 1453 2540 1484 2604; x_wconf 91' lang='lat' dir='ltr'><strong>in</strong></span> <span class='ocrx_word' id='word_1_145' title='bbox 1499 2555 1563 2607; x_wconf 91' lang='lat' dir='ltr'><strong>not.</strong></span> <span class='ocrx_word' id='word_1_146' title='bbox 1570 2543 1622 2608; x_wconf 90' lang='lat' dir='ltr'><strong>ub.</strong></span> 
     </span>
    </p>
   </div>
   <div class='ocr_carea' id='block_1_5' title="bbox 769 2673 1179 2767">
    <p class='ocr_par' dir='ltr' id='par_1_6' title="bbox 769 2673 1179 2767">
     <span class='ocr_line' id='line_1_19' title="bbox 769 2673 1179 2767; baseline 0 -5"><span class='ocrx_word' id='word_1_147' title='bbox 769 2694 863 2766; x_wconf 88' lang='lat' dir='ltr'><strong>Finis</strong></span> <span class='ocrx_word' id='word_1_148' title='bbox 888 2673 967 2764; x_wconf 84' lang='lat' dir='ltr'><strong>lib&#39;ri</strong></span> <span class='ocrx_word' id='word_1_149' title='bbox 992 2690 1179 2767; x_wconf 85' lang='lat' dir='ltr'><strong>undecimi.</strong></span> 
     </span>
    </p>
   </div>
   <div class='ocr_carea' id='block_1_6' title="bbox 0 0 1796 5466">
    <p class='ocr_par' dir='ltr' id='par_1_7' title="bbox 0 0 1796 5466">
     <span class='ocr_line' id='line_1_20' title="bbox 0 0 1796 5466; baseline 0 2"><span class='ocrx_word' id='word_1_150' title='bbox 0 0 1796 5466; x_wconf 95' lang='lat' dir='ltr'><strong> </strong></span> 
     </span>
    </p>
   </div>
  </div>
 </body>
</html>
