3536 5462
360 281 437 358 sen
696 276 874 352 auron.
896 275 1004 352 nan.
1025 275 1165 352 anna
1173 255 1265 396 xpi.

312 515 448 592 arege,
472 489 632 566 vinorum
652 486 824 562 incendiis
846 488 1048 582 insistente,
1083 487 1284 566 revertendi
1310 489 1502 592 imperium
1519 515 1629 566 acoe-
1672 591 1674 597 .
1763 473 1764 490 Ν

312 623 435 720 pisset,
462 613 642 686 caritatem
656 609 871 688 obedientiae
884 608 1052 710 praetulit,
1071 614 1332 714 Magnumque,
1355 613 1485 714 partim
1499 611 1630 706 marli,

311 745 442 842 partim
476 735 634 836 equestri
669 730 828 810 bostium
857 734 980 808 militia
1010 734 1208 810 arctissimo
1234 737 1271 809 iu
1293 735 1378 812 loco
1405 735 1629 826 conclusum,

313 860 500 960 evestigio
524 855 868 957 concitato'agmine
888 858 1156 956 superveniens,
1182 859 1400 936 imminentis
1416 862 1510 934 exitii
1525 861 1629 959 perl-

311 983 398 1060 oulo
418 981 591 1056 liberarit.
642 981 717 1052 Neo
740 983 903 1080 ingratus
923 978 1046 1054 auxilii
1061 959 1228 1082 Magnus*
1241 979 1394 1058 salutem
1413 1005 1519 1058 suam
1538 1003 1580 1056 se
1594 981 1629 1054 ei

310 1107 445 1182 debere
470 1103 654 1180 confessus
676 1117 738 1177 est.
779 1100 835 1178 Ad
860 1100 941 1178 baec
964 1103 1127 1204 ingentes
1141 1108 1313 1180 servatori
1329 1118 1446 1206 grates
1463 1100 1628 1196 exsolvit,

309 1255 424 1330 seque
440 1228 543 1302 ffinm
553 1225 726 1326 spirltum
743 1249 862 1318 suurn,
885 1226 917 1298 si
931 1241 1074 1300 necesse
1089 1225 1193 1320 foret,
1218 1227 1297 1328 ejus
1311 1226 1418 1302 saluti
1434 1232 1628 1328 impensu-

214 1387 217 1392 *
310 1379 393 1429 rum
409 1354 584 1451 promisit.
637 1350 770 1424 Verum
800 1345 972 1439 absalon,
996 1373 1139 1424 memor
1161 1347 1257 1424 hano
1279 1373 1390 1456 opem
1406 1375 1435 1424 n
1458 1375 1499 1428 se
1519 1349 1627 1426 latam

311 1473 505 1553 adversum
524 1472 618 1574 regis
633 1470 827 1572 imperium
846 1493 934 1562 esse,
952 1497 1003 1546 ne
1026 1475 1218 1548 tristiorem
1241 1475 1323 1574 ejus
1347 1471 1488 1549 vultum
1507 1494 1626 1572 expe-

311 1601 449 1690 riretur,
474 1595 636 1696 gratim,
662 1617 774 1694 quam
790 1607 998 1694 contemptu
1013 1592 1166 1698 laeserat,
1189 1595 1323 1696 praedae
1341 1590 1485 1698 objectu
1512 1619 1625 1670 recu-

310 1743 441 1822 perare
465 1717 652 1792 constituit
703 1718 816 1818 Igitur
837 1741 1009 1816 pecorum
1032 1717 1174 1794 ordines
1193 1743 1270 1820 prae
1287 1743 1328 1795 se
1357 1717 1416 1821 agi
1440 1723 1628 1817 captivos-

311 1849 445 1948 quein
467 1857 585 1917 castra
607 1838 811 1940 praeoedere
831 1841 953 1938 jussit,
981 1865 1102 1940 eoque
1125 1859 1277 1943 aspectu
1296 1841 1505 1944 permultos
1530 1841 1627 1940 regis

311 1966 439 2045 oculos
453 1970 491 2037 in
513 1962 709 2039 adventum
728 1988 836 2039 suum
851 1963 1049 2038 sereniores
1068 1963 1194 2040 effecit.
1246 1969 1465 2065 leuemque,
1479 1965 1628 2065 cognitis

310 2087 500 2167 absalonis
522 2085 695 2186 operibus
718 2084 915 2186 spoliisque
942 2087 1161 2186 conspectis,
1184 2087 1288 2182 bam,
1314 2110 1426 2189 quam
1459 2101 1627 2164 contem-

310 2216 391 2318 ptui
406 2210 539 2303 inflixit,
556 2207 675 2285 virtuti
689 2212 832 2302 remisit,
847 2233 1004 2307 eumque
1019 2206 1091 2284 levi
1104 2208 1395 2311 reprehensionis
1409 2233 1543 2312 genere
1556 2233 1624 2283 re-

310 2345 465 2414 nientem
482 2332 646 2432 excipere
662 2347 849 2406 contentus
864 2329 940 2406 fuit.
964 2333 1126 2432 Repetite
1141 2331 1266 2427 classe,
1283 2323 1415 2434 anceps
1429 2327 1628 2404 educendae

311 2461 390 2560 ejus
412 2452 600 2532 consilium
614 2429 692 2530 init.
742 2452 810 2528 Alii
826 2451 1007 2552 siquidem
1033 2453 1171 2530 medias
1196 2455 1355 2530 lancium
1375 2454 1556 2554 angantias
1581 2451 1629 2528 nd

310 2574 544 2659 commodum
575 2579 810 2678 navigationis
832 2575 1019 2678 ligonibus
1046 2576 1296 2675 patefacere¹,
1322 2578 1532 2678 striotasque
1547 2577 1624 2652 llu-

308 2707 358 2782 vii
381 2717 500 2805 partes
520 2699 702 2782 fossorum
719 2725 831 2801 opera
846 2697 1072 2799 ampliandas
1091 2699 1295 2776 censebant.
1339 2698 1419 2808 ded
1434 2703 1521 2800 qnia
1537 2724 1624 2774 ma-

307 2827 477 2904 nifestum
501 2839 597 2916 erat,
631 2823 805 2916 futurum,
830 2839 871 2897 ut
896 2827 1012 2897 arenis
1029 2825 1207 2897 maritimo
1230 2837 1321 2900 aestu
1342 2821 1506 2924 appulsis
1528 2821 1627 2898 fossa

308 2951 566 3039 obstureretur‚
580 2971 688 3046 ,opus
703 2961 913 3021 attentatum
935 2968 1010 3017 non
1024 2960 1088 3018 est.
1139 2943 1204 3020 tta
1219 2967 1342 3039 qaam,
1356 2946 1530 3045 subjectis
1545 2961 1626 3020 tra-

309 3073 438 3164 bibus,
463 3076 645 3146 communi
678 3075 724 3146 vi.
745 3070 783 3142 in
804 3084 956 3168 pontum
985 3066 1245 3165 pertrahendos
1275 3065 1431 3163 duxere,
1462 3075 1626 3169 equitatu

308 3201 479 3296 utrinque
497 3193 595 3293 ripas
619 3207 750 3266 tuente.
767 3213 781 3280 ᾗ
803 3192 974 3291 Rugianis
987 3189 1073 3266 solis
1087 3209 1149 3265 sex
1165 3191 1335 3288 parvulas
1351 3208 1447 3266 rates
1463 3190 1535 3266 hac
1548 3207 1627 3266 arte

308 3318 467 3396 educere
476 3316 630 3414 contigit,
650 3329 797 3388 caeteras
813 3337 909 3407 vero,
927 3313 1096 3390 oneribus
1116 3313 1312 3390 admodum
1326 3313 1528 3416 impeditas,
1543 3314 1629 3392 dis-

307 3441 409 3542 iungi
435 3463 548 3539 quam
576 3432 733 3512 abstrahi
750 3435 888 3514 facilius
904 3435 980 3514 suit.
1018 3439 1130 3536 lgitur
1143 3463 1225 3514 cum
1242 3441 1356 3514 nostri
1371 3437 1510 3514 infinito
1526 3463 1627 3539 pro-

307 3559 462 3640 cedendi
488 3558 619 3634 ardore
645 3557 866 3660 aliquamdiu
893 3560 1017 3636 fauces
1039 3559 1179 3636 frustra
1194 3563 1405 3653 tentassent,
1429 3577 1628 3637 revocante

307 3695 405 3790 rege,
429 3707 527 3785 aegre
548 3697 668 3783 coepto
685 3699 871 3758 oessenmt
923 3685 1039 3758 Tanta
1067 3683 1201 3758 omnes
1215 3681 1454 3792 (Absalonem
1469 3685 1629 3786 excipio)

306 3809 380 3886 boc
394 3809 489 3882 exitu
505 3804 626 3881 utendi
645 3804 793 3882 aviditas
812 3806 1029 3882 stimulabat.
1068 3810 1103 3882 Is
1116 3831 1285 3907 namque,
1302 3805 1492 3906 explorato
1506 3833 1629 3900 amne,

305 3931 464 4009 laudum
479 3927 758 4028 profunditatem
778 3931 929 4030 navigiis
944 3935 1162 4006 inaccessam
1176 3932 1255 4006 lore
1272 3945 1504 4028 compererat.
1556 3935 1627 4006 In-

305 4073 403 4132 terea
426 4055 649 4145 Kazimarus,
679 4053 842 4150 imperita
867 4070 1074 4129 nostrorum
1096 4059 1299 4130 secessione
1320 4036 1486 4154 gavisus,
1511 4050 1625 4128 clan-

305 4177 415 4256 dendi
436 4181 551 4253 amnis
577 4177 690 4280 gotia
720 4173 977 4278 quinquaginta
991 4178 1139 4258 navium
1152 4177 1305 4256 classem
1319 4179 1401 4280 ejus
1416 4177 1626 4318 prinqipio²

305 4517 354 4570 ter
372 4505 520 4572 hauriam
539 4521 593 4573 aut
611 4505 798 4593 typographi
822 4519 874 4572 aut
898 4505 934 4570 tt·
987 4505 1074 4585 nius,
1098 4517 1135 4572 ut
1163 4505 1263 4572 oratio
1282 4503 1412 4572 Saxonis
1440 4503 1631 4570 counanim-

197 4648 199 4656 ·
304 4609 401 4678 brarii
421 4612 454 4676 in
468 4625 557 4680 textu
575 4613 620 4678 ed.
637 4634 687 4698 pr.
707 4611 802 4680 deest
990 4615 1143 4695 eraderet,
1158 4611 1283 4698 scripsit
1294 4611 1535 4701 patefaciendas.

1037 4726 1050 4760 ²
1072 4723 1146 4805 Ejus
1179 4715 1342 4809 prittoipio]
1370 4717 1431 4784 Ubi
1456 4735 1551 4802 snpra
1585 4714 1634 4781 de

350 4825 566 4915 'PatefacereJ
591 4829 637 4894 tn
665 4825 713 4893 cd·
735 4839 782 4913 pt·
802 4825 934 4914 stepha·
989 4831 1143 4916 principiis
1178 4824 1270 4913 hujus
1297 4823 1384 4894 fluvii
1411 4843 1515 4917 cerno
1543 4835 1632 4904 erat,
1749 4886 1755 4899 ,
