3508 5460
616 289 943 363 WALDEMARUS
960 291 986 360 l.
1321 289 1396 363 607

127 517 234 577 retur.
288 500 410 592 Quum
424 493 472 568 ad
489 495 586 570 littus
604 505 769 595 venisset,
795 501 945 576 classem
961 505 996 571 in
1012 494 1123 568 alium
1147 491 1291 594 portum
1306 499 1445 599 appul-

125 649 203 700 sam
224 625 410 721 comperit.
475 623 588 693 Tanta
609 639 731 696 autem
759 624 910 724 hyberni
933 621 1075 722 frigoris
1090 623 1222 695 saevitia
1256 623 1379 715 extitit,
1404 639 1445 698 ut

125 762 244 822 nautae
260 768 378 844 equos
393 767 498 842 paene
512 741 647 843 frigore
660 752 831 824 extinctos
854 744 1004 822 defossis
1031 742 1131 817 humi
1147 743 1332 843 specubus
1348 769 1443 818 eon-

126 871 261 961 duent,
284 891 466 966 nemoque
484 892 526 940 ex
542 881 617 940 toto
643 872 800 944 exercitu
819 875 1046 969 reperiretur,
1072 871 1134 966 qni
1152 874 1287 965 pariter
1302 883 1443 942 utram-

124 1019 194 1094 que
213 1015 362 1065 manum
377 992 587 1064 necessariis
604 991 729 1066 usibus
746 1010 871 1092 aptare
897 1009 1025 1091 posset.
1076 993 1153 1066 Illic
1171 989 1289 1066 crebri
1305 1013 1442 1088 angues
1566 1041 1569 1052 ·

124 1115 307 1218 ligonibus
329 1115 463 1211 reperti
492 1116 608 1212 magis
631 1113 855 1190 admirationi
881 1139 991 1215 quam
1016 1122 1125 1190 metui
1152 1112 1351 1189 visentibus
1374 1112 1441 1186 lu-

122 1267 192 1314 ere.
242 1241 332 1310 Nam
349 1235 481 1335 algoris
496 1239 714 1311 immensitas
731 1245 824 1312 vires
849 1264 976 1312 eorum
994 1263 1037 1311 ac
1058 1239 1222 1336 spiritum
1236 1235 1439 1310 hebetave*

122 1381 187 1438 rat.
208 1373 210 1382 ’
239 1361 457 1448 scanienses,
483 1375 570 1433 tunc
588 1362 887 1462 prosperantibus
903 1363 1027 1451 ventis,
1053 1359 1277 1433 discessionis
1293 1356 1439 1430 licenti-

121 1513 181 1560 am
204 1484 337 1583 adepti,
362 1509 457 1574 mox,
482 1483 608 1566 iisdem
626 1489 818 1579 contrariis,
834 1485 1057 1585 navigatione
1080 1483 1260 1583 prohibiti,
1285 1479 1439 1570 tandem,

122 1613 186 1684 toti
204 1607 308 1682 classi
326 1605 467 1679 favente
485 1605 592 1700 coelo,
615 1607 920 1683 sialandensesac
934 1609 1080 1680 Fionios
1095 1603 1300 1705 repetendae
1315 1607 1438 1704 patriae

120 1737 271 1808 comites
287 1727 502 1802 habuerunt
556 1735 638 1804 Post
654 1729 734 1804 baec
750 1757 812 1804 rex
827 1735 969 1804 Petrum
985 1745 1020 1802 et
1042 1728 1249 1830 Selgretium
1269 1728 1437 1802 Christo-

120 1855 241 1956 pboro
259 1849 480 1953 pedagogos
497 1845 679 1945 adsciscit,
704 1855 767 1954 qui
789 1851 1037 1928 adolescentiae
1060 1854 1139 1951 ejus
1165 1837 1367 1927 rudimenta
1391 1848 1440 1922 ad
1476 1899 1480 1904 -

119 1980 313 2054 honestatis
330 1997 449 2048 mores
463 1975 693 2074 exequendos
708 1975 824 2075 plenis
849 1979 1030 2078 sapientiae
1057 1977 1282 2053 documentis
1299 1978 1436 2049 iustru-

119 2117 225 2176 erent.
285 2103 417 2172 AEstate
432 2094 559 2170 deinde
582 2098 841 2198 expeditionem
857 2102 1038 2174 instaurat
1090 2101 1237 2198 Quippe
1258 2099 1437 2198 Waloga-

117 2243 254 2304 stenses
276 2219 465 2320 dupliciter
496 2220 605 2294 ictum
627 2220 748 2298 foedus
772 2237 1016 2320 corruperant
1066 2226 1168 2295 'Nam
1194 2239 1229 2295 et
1242 2225 1436 2322 Regiones,

117 2352 293 2424 moenium
307 2345 437 2433 socios,
452 2365 519 2440 per
534 2341 628 2416 lurta
645 2343 735 2416 urbe
752 2347 942 2444 ejecerant,
967 2361 1002 2418 et
1027 2346 1149 2442 piratis
1170 2345 1255 2416 Peni
1280 2344 1435 2417 fluminis

118 2473 207 2547 ostia
226 2483 353 2570 patere
368 2467 616 2566 permiserant.-
658 2469 770 2566 lgitur
784 2467 874 2540 dum
887 2469 1076 2540 Leutitios¹
1096 2482 1242 2565 peteret,
1268 2467 1316 2540 ab
1332 2471 1435 2540 Heu-

115 2599 190 2670 rieo
205 2594 326 2666 missae
340 2587 452 2661 literae
467 2591 723 2688 superveniunt
747 2587 998 2684 admonentes,
1022 2603 1146 2663 utres
1171 2587 1316 2664 iusidias
1340 2613 1436 2688 pro-

114 2721 255 2819 pinqui,
270 2710 418 2814 perinde
435 2737 477 2786 ac
494 2739 646 2813 regnum
663 2711 869 2804 affectantis,
884 2729 1034 2804 careret,
1059 2689 1339 2812 inducentesque,
1356 2715 1436 2783 Be-

114 2845 240 2915 risium
258 2863 342 2910 cum
359 2836 665 2938 Norvagieusibns
686 2835 916 2938 opprimendi
942 2838 1020 2935 ejus
1046 2833 1234 2908 consilium
1254 2833 1436 2922 habuisse,

115 2962 332 3059 iisdemque,
357 2958 445 3042 dum
470 2957 647 3057 expeditio
672 2976 929 3050 reverteretur,
957 2982 1147 3032 occursum
1164 2956 1351 3056 pollicitis,
1375 2972 1437 3030 aut

115 3093 236 3184 ipsum
259 3108 380 3182 regem
414 3099 476 3156 aut
501 3081 642 3180 regium
665 3105 799 3154 nomeu
825 3082 1078 3182 occupandum
1103 3081 1254 3156 duxisse.
1322 3081 1436 3180 Cujus

114 3214 162 3280 rei
183 3205 420 3280 certissimum
434 3205 718 3302 experimentum
737 3203 826 3296 sore,
844 3207 873 3278 si
883 3223 1151 3280 revertentema
1166 3203 1303 3278 Selavis
1318 3227 1435 3302 expe-

111 3330 287 3404 ditionem
296 3329 497 3426 Norvagica
514 3327 635 3401 elassis
651 3330 852 3454 exciperet·
861 3326 1002 3401 Eodem
1018 3353 1133 3426 paene
1148 3343 1331 3400 momento
1347 3349 1434 3400 sus-

112 3468 222 3552 cepta
253 3451 548 3550 Nervagiensium
582 3447 734 3550 epistola
765 3475 834 3548 par
865 3450 1076 3550 proditionis
1108 3451 1277 3524 indicium
1315 3447 1435 3522 edidit.

113 3573 227 3670 Quod
249 3599 331 3648 cum
354 3597 415 3644 rex
438 3577 562 3671 paucis
591 3573 753 3664 arbitris,
795 3579 998 3671 suppressis
1029 3574 1186 3649 iudicum
1215 3572 1434 3661 nominibus,

108 3693 345 3796 prodidisset,
371 3701 467 3770 auxit
500 3700 550 3769 rei
577 3697 819 3793 suspicionem
846 3694 1030 3795 fidemque
1058 3695 1164 3770 literis
1195 3695 1332 3768 addidit
1355 3699 1435 3768 Το-

108 3819 232 3908 lt'onis,
257 3817 536 3892 Wendilensium
560 3817 759 3918 pontificis,
785 3835 1024 3892 consentanea
1049 3817 1249 3909 affirmatio,
1275 3816 1439 3913 dicentis,

106 3942 240 4018 Burisii
258 3921 384 4016 milites
414 3941 465 4014 ab
488 3967 531 4014 eo
545 3943 669 4039 jurare
692 3959 845 4034 coactos
872 3939 1050 4040 quiequid
1074 3944 1152 4040 ipse
1178 3947 1435 4042 auspicaretur,

105 4089 190 4140 esse
212 4083 482 4164 prosecuturos.
557 4067 610 4138 Re
634 4082 754 4138 tamen
779 4063 1041 4140 dissimulanter
1064 4063 1205 4157 habita,
1231 4063 1279 4137 ad
1302 4063 1436 4155 locum,

103 4189 168 4262 cui
197 4212 332 4260 nomen
363 4191 574 4278 our-ozam,
607 4187 713 4260 citata
742 4189 969 4289 navigatione
994 4189 1196 4288 profectus,
1238 4185 1436 4288 profligatis

156 4381 166 4416 ¹
182 4373 342 4456 laetitios]
358 4379 480 4440 lautitii
497 4369 551 4455 (ita
567 4373 695 4439 sortasse
711 4377 744 4438 iu
806 4377 897 4460 burgi
910 4377 1050 4461 regiones
1066 4375 1250 4440 incolebant.
1272 4379 1339 4457 (V.)

100 4495 200 4550 textu
236 4503 349 4546 nomen
392 4481 555 4567 legendum
593 4483 671 4560 erat)
712 4494 744 4544 et
851 4481 1037 4564 ²Osrruzn0]
1072 4483 1225 4548 Observat
1251 4483 1435 4545 Submissi.

96 4593 213 4654 Wdu‘
246 4590 400 4652 communi
439 4589 513 4651 olim
554 4587 743 4652 vocabantur
806 4611 831 4652 e.
851 4587 971 4675 puta,
990 4591 1072 4652 hune
1092 4591 1193 4653 locum
1223 4589 1367 4654 voeariin
1391 4588 1436 4650 di-

92 4697 236 4762 nomine
264 4695 419 4760 numerosi
445 4695 494 4758 illi
524 4693 633 4780 populi
661 4695 746 4758 Scia·
805 4696 991 4780 plumatibus
1010 4699 1213 4768 Wostrosuu‚
1238 4695 1385 4758 Ostrusuu
1404 4705 1436 4758 et

93 4802 495 4887 viet‚qui1²omersniim
518 4802 693 4866 citeriorem
716 4815 747 4865 et
776 4877 785 4898 ·
808 4806 992 4876 Wstrostii15
1021 4802 1116 4886 igitur
1139 4802 1219 4866 haud
1246 4800 1337 4864 dubie
1370 4819 1435 4862 esse

90 4908 265 4998 proximas
280 4907 516 4993 brandenburgi
533 4923 565 4973 et
592 4908 744 4972 Meeblen·
807 4911 1020 4974 Westerlmsen
1047 4910 1078 4975 in
1100 4907 1282 4974 Pomerania
1312 4904 1434 4968 citerio-
