3536 5462
619 283 944 354 wauunatatttts
963 285 985 354 l.
1330 291 1404 364 899

140 487 418 566 iudicandorum
443 495 556 592 gratia
583 493 631 568 ad
652 518 774 592 regem
802 497 987 569 transitum
1012 517 1085 566 non
1110 493 1262 570 differre.
1316 499 1455 592 Quibus

141 617 300 714 acceptis
315 642 396 707 rex,
422 643 506 690 cum
524 641 567 688 ex
584 615 788 690 definitione
813 615 975 712 locorum
1003 621 1292 718 argumentisque
1308 637 1456 722 tempo-

138 763 221 810 rum
254 765 323 812 nec
346 765 422 814 uon
443 741 609 814 itinerum
629 764 778 814 suorum
797 741 1067 814 circumstantiis
1083 739 1193 814 fidem
1218 752 1358 818 assertis
1383 745 1455 818 ba-

140 859 232 934 bere
251 866 434 962 erupisset,
459 863 667 936 conminus
687 861 755 935 sibi
770 859 919 935 subsidii
937 861 1046 938 deum
1060 867 1095 934 in
1112 863 1307 962 prodendis
1324 867 1457 942 insidiis

139 986 365 1081 praestitisse,
388 1011 500 1086 quarn
513 986 550 1056 in
566 981 776 1059 frustrandis
791 983 981 1076 tribuisset,
1006 986 1205 1086 gratulatus
1227 1003 1289 1061 est.
1342 991 1458 1088 Cujus

139 1109 193 1178 rei
218 1111 416 1208 ignorantia
436 1081 601 1197 Carolus,
620 1107 766 1204 pristina
791 1105 911 1178 adbuc
935 1111 1120 1182 securitate
1141 1112 1357 1203 succinctus,
1382 1115 1456 1188 sive

142 1227 287 1330 tegendi
308 1229 525 1331 parricidalis
545 1228 717 1326 propositi
751 1226 942 1302 calliditate
975 1253 1039 1303 seu
1060 1234 1254 1332 peragendi
1278 1223 1457 1336 despera-

143 1357 262 1444 tione,
287 1352 518 1443 Absalonern,
539 1349 591 1454 ob
614 1352 833 1449 cognationis
854 1350 1025 1424 fiduciam
1048 1361 1214 1451 petitum,
1246 1342 1459 1458 impetrandi

142 1476 214 1550 sibi
232 1503 253 1550 a
271 1501 358 1582 rege
378 1472 606 1574 provincialis
630 1469 790 1546 beneficii
816 1472 1012 1548 adiutorem
1037 1475 1208 1574 deposcit.
1260 1483 1342 1573 Quo
1361 1507 1456 1581 pro-

143 1603 273 1698 pinqui
289 1624 413 1700 preces
430 1603 596 1672 attentius
619 1612 835 1694 exequente,
867 1596 1132 1689 Waldemarus,
1159 1601 1379 1677 dissimulata
1395 1606 1457 1676 in-

145 1721 317 1796 sidiarum
333 1723 553 1820 cognitione,
578 1743 621 1792 ex
640 1717 730 1794 fisco
752 1744 820 1793 suo
842 1745 881 1794 se
903 1721 1078 1820 stipendia
1095 1723 1227 1797 Carolo
1251 1723 1456 1802 soluturum

146 1849 330 1945 promittit,
355 1842 478 1943 quoad
498 1841 644 1914 honoris
660 1845 693 1914 ei
708 1843 930 1940 impertiendi
944 1844 1092 1920 incultus
1110 1847 1288 1921 incideret.
1341 1853 1459 1923 Cum·
1528 1854 1534 1865 '

147 1992 222 2068 que
236 1966 459 2042 Roslrildiarn
477 1966 618 2038 veniens
636 1967 672 2036 in
687 1963 765 2038 oede
781 1969 938 2044 trinitatis
962 1969 1107 2065 optimae
1131 1975 1294 2043 marimae
1319 1995 1459 2045 rnorem

146 2092 256 2164 sacris
270 2092 446 2188 gessisset,
468 2093 593 2162 amotis
609 2085 759 2178 arbitris,
777 2088 993 2162 Absalonem
1011 2091 1135 2166 adesse
1153 2097 1334 2192 praecepit.
1378 2099 1460 2190 Quo

147 2237 274 2288 mum
291 2209 512 2303 considente,
547 2209 698 2284 indicem
717 2207 920 2301 advocans,
946 2237 1029 2310 quae
1052 2213 1118 2286 sibi
1135 2215 1310 2307 detulerit,
1338 2223 1460 2291 iterato

148 2360 332 2433 exponere
350 2333 461 2432 jobet.
512 2329 576 2405 Ille
601 2333 878 2432 propinquitatis
902 2339 1042 2429 metu¹,
1068 2363 1138 2436 qua
1155 2338 1315 2412 ahsalon
1342 2343 1460 2415 nKa-

150 2459 228 2532 nnti
242 2457 351 2532 liliis²
371 2455 650 2556 contingebatur,
675 2452 799 2554 eloqui
819 2462 967 2546 veritus,
993 2474 1102 2558 atque
1117 2485 1158 2533 os
1177 2457 1311 2533 rubore
1328 2463 1461 2560 perfu-

149 2605 231 2667 sus,
257 2579 479 2679 aliquamdiu
496 2575 644 2678 plenum
662 2575 888 2652 baesitatiouis
908 2579 1084 2654 silentium
1109 2583 1187 2682 egit.
1240 2586 1354 2682 Cujus
1369 2588 1460 2658 taci-

151 2704 325 2778 turnitatis
340 2729 402 2778 rex
416 2702 512 2776 illico
528 2725 672 2774 causam
689 2702 903 2799 conjectans,
925 2703 1015 2791 Hoc,
1030 2708 1160 2802 inquit,
1185 2720 1218 2776 te
1232 2723 1327 2780 metu
1339 2709 1460 2781 Absa-

152 2980 194 3044 de
211 2981 359 3046 industria
386 2983 495 3048 omissa
515 2997 596 3049 sunt.
645 2985 778 3051 Crimina
833 2999 954 3044 munem
983 2981 1139 3070 utriusque
1170 2985 1273 3070 stirpis
1304 2999 1461 3052 auctorem

151 3101 266 3170 tamen,
286 3089 403 3154 etiamsi
425 3071 555 3154 fortasse
575 3093 703 3154 nonita
726 3091 777 3154 de·
832 3099 992 3150 veneratos
1021 3105 1103 3167 ease,
1132 3111 1159 3152 r.
1187 3093 1252 3155 Sor.
1280 3095 1353 3155 lter.
1381 3097 1460 3157 Dan.

152 3197 227 3274 lata,
240 3215 308 3258 non
323 3195 393 3260 ideo
412 3194 484 3261 licta
502 3211 573 3262 suot
594 3193 642 3278 (ut
659 3197 779 3262 Submi-
832 3197 919 3256 Tora.
937 3197 950 3255 Ι
969 3193 1032 3256 tab.
1053 3198 1169 3279 geneal.
1188 3198 1226 3260 ad
1245 3222 1277 3284 p.
1295 3197 1347 3280 43,
1372 3205 1463 3264 Tom.

153 3321 191 3364 us
210 3300 269 3365 alio
291 3299 371 3380 loco,
390 3300 432 3364 ib.
457 3324 488 3386 p.
506 3293 579 3380 443,
598 3303 779 3389 suspicatur,
832 3301 886 3380 tv,
903 3299 1006 3364 rant
1019 3299 1127 3367 et5ad
1144 3329 1177 3390 p.
1186 3303 1264 3384 ⁵453
1286 3304 1343 3370 cir.
1355 3308 1462 3372 Subur.

152 3403 212 3470 cir.
237 3430 268 3492 p.
295 3402 389 3486 469),
417 3409 532 3494 quippe
558 3431 628 3494 quar
652 3414 779 3494 Magnus
833 3407 885 3470 l.c.
904 3407 986 3487 TN,
1002 3407 1065 3472 tab.
1085 3409 1202 3494 grand
1222 3433 1254 3495 p.
1265 3411 1335 3493 109,
1352 3417 1464 3494 T.Vll,

153 3525 261 3599 postes
279 3512 311 3575 iu
328 3511 447 3600 publica
467 3513 625 3592 condona,
646 3515 695 3578 cui
710 3535 780 3600 per·
835 3508 885 3590 15,
903 3507 976 3592 446,
996 3507 1068 3576 494.
1277 3543 1279 3552 1

154 3619 260 3698 multi,
291 3641 383 3704 quum
417 3617 484 3682 brac
517 3619 665 3684 scriberet
691 3620 780 3697 Saxo,
880 3621 1019 3680 ²Konuti
1028 3617 1122 3702 filiis]
1142 3625 1250 3684 Utrum
1272 3624 1384 3686 rectius
1407 3628 1464 3689 Ca·

109 3776 112 3782 .
154 3727 321 3790 etiamnum
347 3730 541 3812 superstites,
565 3721 782 3806 interfuerunt,
835 3723 895 3785 roli
917 3723 967 3800 (ut
995 3721 1120 3806 snpra),
1148 3747 1185 3786 an
1206 3727 1318 3791 ilanuti
1345 3729 1398 3790 lilii
1419 3729 1464 3792 di·

154 3829 317 3896 conans
337 3831 389 3895 tit.
836 3840 943 3892 cantur
964 3838 1091 3914 nepotes
1123 3828 1359 3924 arcbiepiscopi,
1390 3855 1464 3917 pro·

205 3941 463 4027 'Propiuqor'rorir
483 3935 575 4018 mern]
594 3939 695 4030 Quam
712 3957 785 4024 pro·
838 3933 907 3998 bari
931 3934 1048 4020 nequit.
1107 3935 1278 4020 Diplomati
1304 3937 1394 4000 alicui
1426 3938 1464 4001 ab

157 4045 267 4132 pinqui
293 4043 408 4108 luerint
437 4045 618 4132 cqgnatious
638 4043 786 4108 Abraloni
840 4042 1069 4128 archiepiscopo
1081 4041 1161 4106 circa
1182 4043 1244 4106 boc
1263 4054 1383 4129 tompus
1404 4045 1467 4130 rig·

157 4151 414 4238 nepoteaEsltilli,
435 4172 497 4214 non
514 4153 619 4236 liquet.
666 4153 786 4236 Cogna-
840 4151 913 4212 nato
957 4147 1039 4213 iuter
1086 4161 1178 4214 testes
1219 4150 1399 4236 subscripsit
1434 4163 1467 4214 ct

156 4257 250 4320 tionis
270 4259 349 4322 enim
372 4260 534 4335 vinculum,
555 4253 638 4340 quod
659 4254 787 4320 delatori
842 4254 963 4338 quidem
985 4249 1100 4340 p'rirnus
1129 4257 1210 4318 inter
1247 4257 1339 4319 laicos
1366 4257 1468 4320 liunu-

158 4376 280 4427 tantum
291 4378 405 4428 metum
417 4365 552 4427 incutere
569 4375 683 4448 posset,
704 4373 788 4425 certe
841 4372 890 4422 tus
907 4352 1040 4444 quidam,
1062 4361 1166 4424 Caroli
1183 4359 1272 4438 lilius,
1291 4363 1342 4446 qui
1357 4361 1469 4426 fomes·

158 4473 271 4536 arctius
306 4484 389 4552 erat,
417 4496 524 4558 quam,
558 4468 641 4559 quod
668 4465 789 4532 aliunde
842 4486 874 4530 ss
907 4467 1018 4530 borum
1055 4465 1187 4529 fratrum
1216 4467 1293 4528 alter
1325 4480 1391 4531 erat
1424 4463 1467 4548 (r.

160 4579 320 4666 cognitum
340 4592 397 4659 est,
426 4581 576 4644 Esbillurn
603 4588 634 4639 et
660 4573 789 4638 Absalo·
842 4572 948 4636 Subur.
967 4573 987 4634 l.
1012 4592 1038 4634 c.
1064 4574 1129 4652 Vll,
1152 4567 1237 4655 425).
1289 4573 1468 4642 Verisimili·

159 4708 233 4752 nero
253 4687 482 4752 celeberrimum
499 4687 658 4750 'solonem
675 4681 789 4742 Paluo·
842 4701 877 4742 us
899 4679 993 4762 igitur
1013 4675 1110 4742 rideri
1131 4691 1245 4765 potest,
1267 4681 1411 4744 Carnium
1432 4679 1469 4740 iia

160 4793 210 4857 nir
224 4788 527 4878 liliumss’riurtoke)
547 4805 692 4879 tanquam
707 4809 790 4856 cout-
843 4797 962 4871 prtrem
984 4783 1084 4852 fuisse.

209 4917 265 4964 Ιιι.
279 4916 408 4966 omnum.
420 4917 481 4965 mur,
495 4917 553 4966 usa
1200 4885 1276 4984 (57)
