3508 5460
635 267 964 365 amanuncus
985 297 1008 364 1.
1363 291 1435 366 raa

156 501 383 578 commodius
398 516 602 576 executura.
630 503 775 602 Quippe
793 503 869 576 dies
885 501 1011 594 labori,
1028 519 1148 577 noctes
1165 507 1274 602 quieti
1289 503 1482 582 familiares

155 632 316 700 existere.
377 623 545 722 Cumque
575 624 714 698 nullum
741 625 789 698 ab
812 629 936 700 amicis
960 623 1173 724 responsum
1196 624 1358 718 daretur,
1385 631 1480 700 taci-

155 751 331 822 turnitatis
347 743 577 820 admiratione
593 765 792 846 permotus,
819 748 985 845 proferre
1004 774 1085 840 eos,
1111 775 1194 847 quae
1218 752 1379 840 sentiant,
1405 753 1481 824 inn-

155 887 270 971 perat.
337 867 409 960 llli,
447 893 530 968 quae
554 870 703 942 invicem
727 869 975 962 contulissent,
1016 869 1251 966 Absalonem,
1274 897 1481 971 proponere

154 995 294 1096 jubent.
356 996 451 1067 Tum
469 990 551 1083 ille,
575 992 672 1085 Quid
693 998 770 1066 miri
789 1011 853 1087 est,
879 995 1006 1090 inquit,
1032 1017 1159 1092 segnes
1181 993 1346 1068 haesitare
1363 1019 1479 1084 voces,

152 1143 244 1218 quas
264 1119 396 1216 ingenti
411 1124 577 1192 moeroris
602 1114 763 1216 pondere
784 1115 943 1206 obrutas,
971 1119 1076 1214 quasi
1098 1118 1202 1191 lance
1225 1114 1393 1207 obclusa,
1419 1117 1479 1189 la-

154 1259 230 1318 tens
245 1242 354 1312 animi
377 1241 575 1340 strangulat
595 1239 797 1340 aegritudo?
830 1241 1023 1312 Enimvero
1048 1241 1160 1310 vicem
1184 1256 1280 1312 tuam
1302 1236 1348 1310 ad
1369 1241 1478 1337 igno-

153 1365 300 1436 miniam
326 1389 473 1462 vergere
501 1366 763 1462 conspicientes
796 1364 931 1436 interno
956 1365 1082 1434 mentis
1098 1360 1196 1434 luctu
1220 1359 1477 1458 perfundimur.
1536 1361 1541 1372 “

154 1490 300 1586 Quippe
327 1489 467 1584 imperii
491 1489 551 1585 jus
578 1487 755 1584 obsequio
772 1501 910 1575 mutas,
950 1509 1142 1584 paresque,
1166 1484 1298 1582 quibus
1321 1509 1477 1582 praeesse

153 1609 344 1701 debueras,
372 1609 563 1685 utilissimis
581 1609 737 1686 consiliis
759 1609 1051 1704 spretis„eorum
1075 1613 1205 1681 monita
1225 1603 1477 1697 consectando,

155 1733 270 1830 quiin
285 1758 393 1830 aequo
410 1749 561 1832 ponunt,
586 1727 785 1831 pulchcrne
802 1755 922 1806 rerum
941 1752 1083 1808 tuarum
1099 1755 1226 1805 cursus
1242 1755 1287 1800 an
1304 1726 1476 1802 deformis

153 1855 288 1930 existat.
359 1860 414 1948 At,
448 1871 641 1953 postquam
665 1859 740 1928 sine
763 1853 902 1954 collega
926 1873 988 1928 ant
1010 1855 1142 1930 aemmo
1159 1879 1307 1953 regnare
1328 1853 1479 1948 coepisti,

151 1976 265 2050 altera
294 2003 390 2050 nunc
412 1977 588 2076 expeditio
610 1977 764 2078 geritur,
812 2003 876 2050 nec
902 1977 995 2054 illius
1026 1979 1188 2052 remissio
1223 2001 1333 2075 quarn
1364 1974 1476 2072 bujus

152 2098 288 2172 foedior
313 2120 473 2199 apparet.
547 2100 753 2200 Siquidem,
776 2123 914 2174 summa
947 2127 1067 2174 rerum
1093 2101 1360 2198 opportunitate
1381 2122 1474 2170 cou-

150 2240 302 2321 tempta,
344 2224 513 2322 parvulas
545 2241 809 2298 commeatuum
843 2222 1011 2324 reliquias
1042 2223 1218 2296 habentes
1250 2227 1372 2295 otiosis
1405 2245 1475 2292 na-

150 2348 338 2444 vigationis
362 2347 564 2422 excessibus
592 2348 833 2434 excusabilem
859 2351 1070 2420 reversionis
1096 2345 1234 2420 titulum
1271 2347 1475 2443 quaerimus,

150 2489 200 2564 et,
225 2497 307 2544 cnm
329 2467 436 2543 nullis
468 2497 664 2570 urgeamur
685 2469 901 2563 obstaculis,
941 2475 1120 2570 ignaviam
1149 2483 1307 2541 nostram
1342 2487 1473 2539 neces-

147 2594 259 2668 sitatis
285 2593 429 2666 nomine
455 2597 590 2668 censeri
616 2594 792 2692 cupimus.
842 2596 996 2668 Hiscene
1020 2597 1170 2693 patriam
1193 2589 1366 2690 operibus
1389 2589 1473 2662 vin-

147 2714 340 2790 dicandam
365 2713 542 2792 talibusne
578 2745 731 2816 rcgnnm
767 2718 916 2817 ingeniis
940 2713 1200 2814 auspicandum
1224 2713 1373 2786 duxisti?
1439 2713 1474 2781 Si

147 2865 242 2914 vero
268 2845 376 2914 maris
392 2846 527 2914 saevitia
545 2841 808 2940 navigationem
829 2838 1043 2938 interpellari
1061 2841 1267 2938 contigerit,
1292 2833 1381 2934 quid
1403 2858 1473 2906 su-

150 2979 291 3062 perest,
314 2964 377 3036 nisi
410 2979 460 3055 ut,
491 2965 708 3038 necessitatis
730 2965 882 3062 imperio
905 2978 1063 3062 cogente,
1082 2959 1210 3034 domos
1233 2957 1371 3058 inglorii
1400 2981 1473 3055 pe-

150 3101 282 3178 tamus,
305 3087 490 3158 teterrimis
504 3084 730 3158 elloeminatae
750 3087 875 3158 mentis
900 3083 1107 3182 opprobriis
1133 3081 1352 3158 insectandi?
1385 3063 1474 3154 Haec

148 3223 188 3280 ct
204 3204 342 3298 similia,
365 3223 441 3280 tum
465 3207 636 3284 molestiae
657 3207 825 3298 stimulis,
859 3225 933 3280 tum
956 3205 1090 3280 fiducia
1117 3205 1358 3300 familiaritatis
1384 3228 1473 3278 eve-

147 3345 252 3421 ctus,
304 3353 370 3427 per
411 3355 590 3404 summam
624 3331 823 3407 verborum
849 3331 1075 3404 acerbitatem
1106 3329 1206 3428 apud
1229 3331 1344 3429 regias
1368 3353 1473 3400 aures

145 3450 274 3548 eloqui
304 3477 377 3524 uon
404 3450 603 3528 dubitabat.
665 3459 881 3554 Quanquam
903 3470 1023 3528 autem
1045 3479 1105 3528 rex
1133 3453 1326 3527 adversum
1351 3449 1473 3524 ‹licto-

145 3599 237 3648 rum
252 3575 329 3673 ejus
346 3573 545 3650 libertatem
570 3585 687 3651 acuns
711 3583 914 3668 exarsisset,
941 3593 1072 3673 tamen,
1096 3603 1142 3649 ne
1169 3579 1380 3649 monitorem
1400 3579 1473 3643 im-

144 3694 346 3796 pudentius
374 3715 533 3772 avertere
564 3699 760 3791 videretur,
802 3699 1084 3799 magnitudinem
1112 3701 1193 3789 irae,
1232 3723 1341 3796 (quam
1373 3693 1474 3768 vultu

145 3833 243 3892 teste
258 3838 488 3918 conceperat,
522 3819 766 3896 moderatione
790 3847 855 3896 sna
878 3820 926 3895 ad
949 3823 1030 3896 leve
1051 3840 1085 3895 et
1107 3819 1292 3894 tolerabile
1317 3841 1473 3914 respon-

143 3967 236 4018 sum
261 3941 420 4037 deflexit,
462 3943 628 4036 dicendo,
660 3944 865 4044 complures
889 3972 1042 4045 operum
1064 3969 1214 4020 suorum
1241 3958 1347 4014 testes
1370 3955 1474 4010 exta-

142 4092 204 4155 re,
229 4065 390 4166 nihilque
407 4086 480 4142 tam
500 4069 636 4143 sortiter
652 4071 699 4142 ab
723 4070 904 4144 Absalone
927 4087 1087 4169 gestum,
1120 4065 1233 4174 quod,
1256 4069 1284 4138 si
1311 4060 1475 4135 nondum

142 4192 282 4262 virtute
305 4195 513 4291 aequaverit,
539 4192 660 4267 adhuc
678 4193 802 4268 sactts¹
831 4193 990 4268 aemulari
1005 4220 1078 4266 non
1101 4193 1221 4291 possit.
1273 4189 1345 4258 Nec
1367 4183 1475 4284 plura

139 4310 274 4412 eloqui
300 4339 441 4412 passus,
467 4315 600 4414 cymba
621 4319 803 4418 navigium
823 4319 996 4415 repetivit,
1022 4317 1266 4416 subjungente
1285 4306 1475 4398 Absalone,

138 4433 441 4538 haudquaquam
465 4463 548 4514 eum
578 4437 677 4514 utilia
699 4437 860 4512 svadenti
874 4465 1082 4515 succensere
1106 4437 1259 4530 debere,
1292 4459 1376 4506 cum
1401 4429 1472 4503 ali-

137 4575 288 4658 quanto
306 4567 417 4636 satius
431 4563 475 4636 sit
495 4565 628 4662 apertis
654 4564 852 4636 amicorum
868 4563 1011 4636 monitis
1029 4563 1151 4636 instrui
1187 4585 1297 4659 quam
1324 4554 1474 4630 occultis

133 4705 283 4759 amarae
299 4684 534 4786 sugillationis
552 4685 734 4760 morsibus
751 4683 953 4760 obtrectari.
1015 4691 1161 4761 Postera
1182 4699 1286 4758 nocte
1308 4684 1473 4755 concita-

194 4860 338 4945 'Faceta
351 4863 402 4934 Sin
427 4865 474 4930 od.
495 4887 543 4951 pr.
562 4863 670 4950 steph.
695 4870 779 4930 satta.
