3582 5466
788 291 947 366 SVENO.
1385 287 1463 364 att

201 509 379 583 &risores
396 503 533 597 babuit,
556 505 687 606 ingenit
704 500 936 578 admiratores
951 503 1092 576 inseruit.
1154 501 1417 580 Prunnm'mter
1426 527 1516 578 om-

202 655 267 705 ues
295 627 512 704 wilhelmus
543 627 644 728 apud
675 649 796 726 regem
824 624 1069 700 lanriliaritstis
1108 621 1232 698 locum
1266 643 1517 728 occuparem,

203 759 360 855 ejusque
381 755 503 853 gratim
520 769 645 828 mutus
670 748 776 822 animi
800 747 1043 822 uicissitudine
1066 746 1319 844 respondebat.
1376 751 1517 826 Etenim

204 879 254 950 ab
274 881 356 976 ipso
378 881 517 950 ceteris
538 874 736 974 impensius
770 867 888 944 cultus
921 875 1074 947 caritatis
1095 873 1331 974 dignationem
1346 873 1516 974 singulari

201 999 277 1074 lide
289 999 474 1098 pensabat.
525 1001 661 1071 Horum
676 995 760 1068 fidei
774 1017 837 1067 rer
859 1011 1030 1094 tanquam
1045 997 1226 1070 tutissimis
1249 996 1435 1096 obsequiis
1456 997 1517 1071 la·

204 1144 280 1198 tera
299 1147 366 1197 sna
383 1119 557 1222 cingenda
575 1122 813 1194 commiserat.

337 1245 409 1318 Sed
424 1259 458 1317 et
474 1266 629 1344 sequens
644 1265 750 1316 casus
768 1245 803 1314 in
831 1241 985 1312 antistite
1009 1241 1204 1316 severitatis
1227 1241 1519 1342 pulcherrimum,

207 1375 243 1442 in
264 1391 349 1468 rege
375 1369 610 1440 certissimum
644 1364 900 1438 moderationis
923 1360 1176 1439 documentum
1202 1365 1372 1442 exhibuit
1437 1371 1520 1468 lpse

202 1513 365 1590 namque
386 1513 491 1562 sacro
517 1486 796 1562 circumcisionis
819 1485 1005 1584 pervigilio
1026 1487 1163 1562 solenni
1186 1509 1394 1590 magnatum
1422 1519 1520 1570 con-

205 1614 304 1688 vivio
318 1611 475 1701 feriatus,
496 1633 578 1684 cnm
596 1607 825 1709 quorundam
839 1607 1038 1706 principum
1056 1610 1270 1688 clandestina
1287 1613 1522 1696 obtrectatio-

203 1761 253 1810 ne
271 1731 586 1835 parembonorste
604 1730 650 1804 de
665 1757 703 1806 se
718 1729 879 1804 habiturn
893 1738 1125 1830 comperisset
1153 1759 1363 1831 musonem,
1388 1743 1520 1819 occul.

204 1878 279 1935 tam
292 1881 420 1932 eorum
435 1853 623 1955 perfidiam
638 1853 851 1928 temulentiae
867 1853 1017 1931 lasciviis
1031 1856 1208 1932 deosum
1222 1860 1434 1956 existimans,
1459 1869 1520 1942 iam

205 1981 340 2058 aculeis
359 1995 460 2054 actus
485 1981 592 2071 misit,
614 1982 677 2075 qui
705 1982 804 2074 ipsos
828 1983 1019 2052 matutino¹
1048 1995 1210 2080 tempore
1235 1987 1325 2058 intra
1346 1988 1521 2067 Teutam

206 2105 322 2180 melem
335 2105 504 2178 iuraturos
514 2097 759 2192 conluderent,
773 2111 945 2198 tanquam
960 2103 997 2174 in
1015 2109 1125 2178 sacris
1141 2105 1384 2202 penetralibus
1404 2116 1522 2212 aptis-

200 2233 319 2305 simus
335 2227 575 2300 lrunranarnm
591 2220 748 2296 cladium
774 2219 877 2295 locus
901 2225 1071 2298 existeret
1137 2233 1264 2328 ltaque
1287 2247 1408 2307 amum
1434 2259 1521 2338 erga

206 2354 379 2426 convivas
395 2349 535 2422 lacinus
551 2343 741 2442 sscdlegio
761 2341 967 2442 duplicavit,
993 2353 1187 2449 ipsumque
1202 2353 1342 2451 pietatis
1364 2354 1522 2433 domici.

208 2475 299 2550 liuns
313 2469 531 2546 crudelitatis
548 2469 725 2543 olliciuam
744 2466 870 2558 ellecit,
895 2493 1014 2568 neque
1034 2469 1103 2544 loci
1127 2491 1191 2548 sut
1222 2481 1412 2576 temporis,
1444 2506 1521 2580 qtto

210 2605 327 2672 minus
344 2591 532 2692 cupiditati
548 2589 757 2690 indulgeret,
781 2609 984 2690 respectum
1006 2591 1145 2669 babuit.
1205 2600 1323 2690 Quam
1348 2627 1427 2676 reru
1448 2629 1521 2679 an-

207 2725 315 2810 tistes,
339 2715 464 2816 templi
479 2717 533 2813 (ut
546 2701 615 2813 pdr
630 2716 718 2812 erat)
734 2713 925 2790 actaeone
942 2732 1141 2814 permotus,
1159 2720 1330 2820 inprimis
1346 2723 1522 2802 dissimu-

209 2845 324 2918 lenter
339 2845 488 2938 excepit,
510 2863 632 2937 neque
645 2836 925 2938 indignationem
955 2863 1058 2913 suam
1081 2840 1156 2914 nlla
1181 2866 1226 2917 ex
1249 2860 1351 2944 parte
1368 2851 1523 2954 stipato-

206 2967 311 3043 ribus
328 2957 507 3066 patefecit,
533 2977 741 3060 opportuno
758 2962 950 3036 vindictam
972 2978 1135 3061 tempore
1152 2967 1380 3064 praebiturus
1432 2977 1523 3048 Nam

208 3113 326 3191 quum
341 3111 419 3162 rem
439 3085 600 3162 divinam
613 3083 803 3182 pontificali
820 3109 922 3160 more
939 3107 1113 3184 peragere
1127 3085 1326 3182 debuisset,
1355 3117 1429 3168 nou
1455 3119 1524 3170 so-

205 3217 287 3290 lum
302 3211 554 3288 dvenientem
569 3231 690 3308 regem
712 3205 922 3282 occurrendi
946 3211 1173 3284 veneratione
1195 3219 1358 3313 excipere
1383 3239 1522 3318 super-

207 3333 312 3429 sedit,
346 3332 533 3408 sedetiam
548 3332 745 3406 sucrsriom
768 3327 893 3403 subire
907 3331 1094 3404 connisum
1117 3339 1280 3432 sprimis
1293 3339 1374 3436 ejus
1389 3340 1522 3414 limini-

209 3461 280 3534 bus
301 3457 442 3555 absque
460 3472 628 3555 respectu
645 3451 906 3542 iamdiaritatis,
927 3451 1113 3528 sacerdotii
1144 3455 1342 3556 insignibus
1367 3477 1525 3557 ornatus,

209 3580 364 3671 baculo,
389 3601 466 3677 quo
490 3578 678 3669 utebatur,
703 3575 870 3666 exclusit,
895 3597 1080 3652 sacrorum
1104 3586 1285 3676 peuutmm
1301 3581 1400 3659 aditu
1425 3585 1525 3658 tudi-

208 3729 325 3806 guum
347 3701 534 3802 judicans,
560 3723 715 3800 qnorum
734 3695 943 3798 religionem
962 3722 1035 3772 non
1052 3701 1128 3774 sine
1144 3707 1366 3802 gravi.pacis
1389 3707 1526 3782 rubore

209 3826 305 3904 civili
330 3826 500 3925 sangvine
525 3823 756 3912 maculasset,
776 3845 1046 3921 suppressaque
1067 3821 1244 3922 dignitatis
1269 3833 1424 3923 nomine,
1450 3855 1525 3904 non

209 3975 334 4052 regem
357 3973 461 4039 eum,
503 3945 567 4021 sed
591 3944 737 4019 humaui
762 3947 900 4018 cruoris
931 3935 1136 4018 carnificem
1168 3948 1386 4048 appellabat
1451 3955 1525 4030 ttec

209 4097 314 4150 reum
331 4070 545 4172 objurgasse
574 4084 777 4162 cornutus,
806 4065 971 4142 aculeum
994 4069 1106 4168 virgae
1131 4069 1210 4168 ejus
1243 4076 1380 4171 pectori
1402 4073 1525 4169 infixit,

209 4213 465 4295 armatumque
485 4192 614 4268 duritia
633 4193 792 4266 animum
807 4193 969 4290 imperati
988 4189 1169 4290 parricidii
1190 4195 1362 4292 pffirlters
1381 4199 1524 4299 perdo-

210 4323 296 4396 cuit
349 4321 542 4394 Enimvero
559 4321 707 4417 privatae
723 4317 878 4392 societati
897 4313 1055 4414 publicae
1069 4311 1250 4414 religionis
1269 4321 1525 4398 verecundiam

210 4443 380 4544 praetrdit,
404 4467 478 4515 non
493 4445 651 4542 ignarus,
671 4435 740 4510 alia
755 4459 835 4512 esse
848 4435 1087 4510 familiaritatis
1101 4435 1230 4534 cilicis,
1254 4441 1322 4514 alis
1347 4445 1525 4522 ussedo-

262 4756 447 4840 ¹Mauuino]
467 4763 498 4821 lu
521 4755 567 4822 ed.
582 4775 629 4844 pr.
649 4759 763 4844 legitur
781 4764 935 4822 martirium
978 4760 1076 4822 lirror
1091 4772 1137 4822 est
1150 4759 1336 4828 manifestus.
