3538 5460
658 313 867 386 CANUTUS
893 313 949 386 vt.
1093 347 1099 356 ·
1337 315 1411 388 963

143 517 286 595 alternis
307 523 535 598 internunciis
559 530 732 598 contracti
756 521 915 622 fortique
939 523 1089 598 invicem
1122 521 1367 600 cohortatione
1396 525 1466 600 fir-

141 651 239 734 mati,
264 659 415 744 propter
428 627 627 722 Lummarn
648 649 811 722 amnem¹
838 663 954 721 castra
977 645 1202 738 constituunt,
1236 647 1314 722 aliis
1338 655 1468 748 regio-

141 791 225 840 rum
254 765 404 842 miiitum
434 793 502 866 per
529 771 737 869 ignorantiae
760 769 1023 845 simulationem
1047 745 1169 842 v'enire
1192 771 1468 869 supersedenti-

142 887 225 964 bus.
287 895 388 985 Quos
422 907 539 964 tantus
570 891 755 993 pugnandi
788 891 897 965 ardor
927 908 1091 990 ceperat,
1124 907 1164 966 ut
1190 918 1256 990 per
1282 919 1467 968 summum

143 1035 217 1084 non
249 1012 370 1087 solum
398 1014 667 1112 periculorum,
708 1014 775 1089 sed
808 1018 913 1088 etiam
944 1013 1180 1113 popularium
1218 1033 1466 1115 contemptum

142 1134 285 1233 absque
312 1139 500 1235 paucitatis
535 1161 612 1211 suae
643 1155 832 1237 respectu,
871 1154 908 1210 ut
941 1163 1126 1236 quemque
1160 1145 1243 1238 equi
1275 1137 1467 1238 pernicitas

142 1255 363 1356 adjuvabat,
402 1265 477 1334 sine
506 1257 658 1361 impe‘rio
687 1280 750 1336 nut
778 1259 904 1336 ordine
929 1259 1048 1352 effusis
1081 1259 1232 1335 habenis
1259 1267 1293 1334 in
1323 1261 1468 1336 hostem

141 1381 411 1456 contenderent.
470 1389 613 1482 inquo
649 1383 796 1484 quidem
835 1387 971 1483 impetu
1007 1387 1182 1484 majorem
1213 1387 1310 1462 venti
1342 1386 1468 1483 (quern

143 1501 235 1576 sorte
263 1503 456 1580 adversum
496 1507 695 1602 habebant)
732 1531 843 1606 quarn
876 1505 1051 1595 hostium,
1103 1532 1200 1606 quus
1232 1509 1468 1606 impetebant,

141 1629 313 1701 saevitiam
339 1636 474 1729 experti
499 1645 591 1705 sunt.
643 1629 707 1702 llle
730 1634 823 1704 enim
852 1627 1095 1732 magnitudine
1118 1655 1181 1704 sua
1204 1630 1352 1731 clypeos
1376 1659 1468 1705 cur-

142 1749 333 1825 sitantibus
357 1751 524 1842 decussit,
546 1754 584 1828 hi
608 1777 654 1826 ne
676 1769 823 1852 pectora
848 1753 997 1853 quidem
1021 1754 1303 1857 inrumpentibus
1327 1753 1468 1829 obver-

142 1891 220 1946 tere
240 1879 317 1947 ausi
335 1876 448 1951 fuere.
502 1881 551 1950 lta
575 1877 812 1976 popularium
835 1881 940 1972 acies,
966 1901 1120 1950 numero
1144 1875 1333 1950 hominum
1357 1903 1468 1976 quarn

24 2006 27 2020 “
142 1999 269 2070 animis
290 2008 526 2096 praestantior,
547 2007 773 2074 incruentam
796 1998 844 2074 de
865 2025 905 2074 se
928 2003 1110 2074 victoriam
1129 1998 1262 2094 dando,
1284 1999 1368 2100 pius
1394 2027 1468 2100 pc-

141 2119 245 2194 nenti
263 2145 309 2196 an
328 2126 531 2223 ignominiae
554 2129 720 2214 senserit,
754 2122 924 2198 dubietati
951 2125 1112 2224 subjecit.
1163 2126 1369 2216 Enimvero,
1391 2151 1469 2225 quo
1584 2187 1589 2194 .

139 2242 340 2342 expeditius
359 2245 492 2348 fugam,
515 2273 588 2347 qua
608 2272 769 2348 pugnarn
783 2249 1036 2347 praecurrebat,
1063 2247 1272 2337 intenderet,
1296 2273 1336 2322 se
1350 2251 1468 2347 ipsam

137 2368 248 2442 scutis
273 2391 402 2443 exuere
426 2397 500 2445 non
524 2371 685 2464 eruhuit,
721 2395 905 2445 armorum
929 2393 1020 2445 onus
1046 2368 1272 2471 abjiciendo,
1306 2396 1467 2470 quorum

139 2513 229 2564 usus
245 2493 397 2590 experiri
427 2495 563 2569 confisa
592 2521 663 2569 non
680 2495 806 2570 iuerat.
859 2497 936 2568 Hac
958 2495 1067 2594 igitur
1090 2495 1221 2594 partim
1241 2517 1344 2586 caesa,
1371 2519 1467 2594 par·-

140 2614 204 2685 tim
230 2630 347 2714 capta,
377 2615 559 2694 Haraldus
582 2645 665 2692 cum
683 2617 821 2710 Akone,
848 2643 958 2717 quem
978 2618 1127 2692 affectati
1152 2619 1254 2716 regni
1281 2637 1468 2696 auctorem

139 2732 336 2830 habuerat,
379 2742 531 2814 Suetium
562 2742 709 2844 refugus
735 2741 892 2843 petebat.
950 2746 995 2815 At
1016 2727 1248 2832 bundenses,
1284 2749 1470 2840 suspensis

139 2857 190 2932 ad
211 2858 300 2934 belii
318 2880 484 2936 eventum
506 2866 651 2957 animia,
682 2868 720 2938 in
740 2881 904 2940 neutram
930 2881 1069 2963 partem
1093 2865 1222 2940 auxilia
1248 2865 1469 2940 commoda-

138 2979 239 3076 bant,
256 2984 418 3060 favorem
435 2989 629 3063 victoribus
647 2995 835 3088 erogaturi.
888 2991 968 3080 Qui,
983 2993 1033 3061 rei
1050 2991 1242 3062 successu²
1261 3005 1470 3086 conspecto,

139 3105 294 3204 perinde
307 3131 351 3181 ac
370 3114 522 3187 victores
545 3114 643 3186 victis
658 3109 827 3186 insultare
846 3128 1052 3211 coeperunt,
1078 3108 1273 3209 cupiditate
1295 3109 1412 3184 laudis
1436 3125 1470 3185 et

141 3229 279 3327 praedae
307 3234 431 3307 alienis
459 3259 497 3308 se
526 3234 714 3310 virtutihus
743 3239 947 3309 inserentes.
1018 3237 1090 3306 Nec
1125 3236 1279 3305 contenti
1302 3233 1467 3334 popula·
1545 3277 1549 3286 ,

143 3351 237 3427 rium
255 3357 397 3454 specie³
417 3357 474 3432 bis
494 3357 633 3435 bellum
660 3359 871 3458 potentibus
905 3359 1082 3450 intulisse,
1116 3354 1260 3430 collecta
1295 3360 1471 3430 concione

82 3467 92 3478 ’
144 3481 290 3554 tertium
322 3478 514 3554 adversum
546 3479 694 3559 eosdem
724 3479 882 3554 indicere
905 3486 1042 3580 gravati
1072 3505 1145 3552 non
1175 3496 1278 3588 sunt,
1310 3480 1471 3578 suscepti

143 3601 305 3679 vulneris
343 3601 506 3678 dolorem
542 3605 836 3678 consternationis
877 3601 993 3676 furori
1031 3602 1249 3700 permixtum
1286 3604 1469 3678 communi

191 3985 201 4022 ¹
233 3985 363 4073 Propter
393 3988 544 4048 Lummnm
573 3981 698 4064 amnem]
729 3985 773 4048 tta
886 3983 898 4022 ³
927 3983 1121 4069 Populart‘um
1150 3975 1258 4068 specie]
1286 3983 1351 4043 Pro
1373 3987 1469 4068 specie

141 4089 266 4174 setiptii
286 4091 394 4178 steph.
414 4115 474 4177 pro
495 4095 648 4156 Lumt'ttom
672 4091 703 4156 itt
724 4091 773 4154 ed.
838 4087 1024 4174 stephanius
1039 4087 1162 4171 scripsit
1175 4093 1309 4176 spiritus,
1325 4107 1363 4152 ne
1383 4087 1468 4152 dcet·

142 4217 193 4282 pr.
209 4197 406 4261 Gheismerus
428 4212 585 4282 magnates
606 4197 690 4280 juxta
712 4219 773 4260 arn·
812 4222 815 4232 ¹
838 4207 894 4274 set,
917 4208 1004 4280 puto,
1028 4193 1098 4256 hnic
1117 4193 1276 4257 sententiae
1288 4193 1468 4278 subjectum.

142 4323 216 4368 nem
231 4301 362 4368 Lumoo”
382 4307 560 4368 convenisse
581 4303 664 4366 dicit.
707 4307 774 4366 Ho·
837 4305 880 4366 At
903 4303 1062 4368 arbitraria
1083 4301 1150 4364 haro
1173 4301 1300 4364 mutatio
1322 4321 1361 4364 ne
1383 4321 1469 4364 com·

142 4409 194 4474 die
213 4409 270 4477 iste
289 4411 421 4488 rivulus,
444 4413 475 4474 in
497 4410 612 4474 fretum
636 4407 772 4472 Oresun-
837 4409 962 4472 modum
984 4408 1106 4492 quidem
1123 4406 1243 4493 praebet
1257 4427 1385 4472 sensum.
1407 4413 1469 4475 Po·

142 4517 246 4580 dicum
266 4539 358 4602 aquas
377 4537 444 4582 suas
463 4515 616 4596 fundens,
643 4521 771 4578 Lemma·
837 4515 897 4578 tius
915 4513 1115 4593 crediderim,
1134 4513 1306 4596 subjectum
1327 4513 1470 4593 (rustico-

141 4625 185 4686 dn
204 4621 326 4689 dicitnr.
838 4643 906 4684 rum
927 4620 1113 4700 seductores,
1136 4621 1180 4682 uti
1196 4639 1287 4704 supra
1308 4633 1470 4698 vocantur,

187 4735 278 4798 ²1ta·
294 4733 438 4812 successa]
462 4735 506 4794 ita
534 4731 581 4794 ed.
601 4753 648 4816 pr.
666 4711 795 4814 Stepb.¹
830 4729 982 4816 sectionis
1013 4731 1116 4808 duces,
1156 4726 1194 4790 de
1226 4727 1336 4813 quibus
1364 4739 1470 4812 aperte
1534 4799 1538 4816 .

138 4835 235 4900 habet
257 4842 329 4922 regi.
842 4853 943 4896 sermo
963 4833 1022 4915 est)
1047 4846 1130 4898 textu
1151 4832 1304 4898 excidisse.

190 4963 244 5008 sn.
260 4964 387 5009 nnuma.
410 4964 471 5009 rna.
486 4963 543 5010 nau.
1198 4941 1276 5033 (tit)
