3524 5460
370 300 444 380 642
692 303 868 375 tttsaou
882 303 989 374 DAN.
1005 303 1143 376 Ltnuu
1161 302 1250 376 xttt.

321 521 483 598 sancius
502 517 641 606 Quen,
659 511 795 586 mebris
809 512 995 612 signorum
1012 507 1150 586 indiciis
1167 511 1311 610 prodita
1336 535 1380 586 ac
1395 511 1525 588 diuinis
1541 512 1631 588 vui-
1750 575 1751 590 ,

322 659 406 742 gata
426 635 618 728 miraculis,
645 633 841 708 incredibili
858 631 971 707 cladis
993 633 1075 730 ejus
1096 633 1397 732 conquestoribus
1414 633 1634 710 adminiculo

323 767 399 840 suit.
449 758 627 834 Haraldus
645 781 795 856 quoque
820 753 999 830 interdurn
1021 753 1240 830 declaratam
1259 755 1360 856 apud
1383 757 1633 857 Ringatadium

297 891 530 962 concionem
556 883 695 980 majore
719 882 823 980 regni
833 893 948 978 quiam
965 875 1110 952 ultionis
1132 877 1353 952 affectatione
1377 883 1521 978 petivit,
1554 881 1634 954 ilri-

322 1007 644 1112 quetristissimam
668 1002 832 1076 fraternas
855 1006 951 1076 necis
973 998 1158 1100 querelam
1179 1001 1328 1099 peregit.
1384 1003 1512 1076 Erious
1535 1027 1635 1097 verm

322 1131 560 1208 insularuma
583 1129 722 1200 Cannto
746 1129 959 1224 praetentum
981 1121 1152 1218 donatus,
1183 1121 1261 1198 noia
1286 1119 1451 1198 vindictae
1475 1123 1635 1200 medita-

322 1257 416 1332 tione
431 1251 591 1328 solicitus
607 1247 791 1322 aestuabat.
849 1253 894 1322 At
916 1246 1095 1340 Nicolaus,
1118 1245 1306 1344 popularis
1327 1247 1514 1322 inimicitiae
1537 1263 1635 1322 metu

320 1375 564 1478 periculosum
583 1371 765 1445 concionis
786 1369 924 1444 aditum
940 1373 1156 1468 suspicatus,
1182 1379 1359 1468 suamque
1372 1367 1429 1444 vel
1445 1367 1508 1442 filii
1525 1371 1634 1468 eopi-

323 1525 382 1574 am
396 1493 627 1572 multitudinis
644 1493 779 1568 viribus
801 1492 928 1567 offerre
944 1517 1018 1568 non
1044 1515 1173 1586 ausos,
1202 1491 1452 1568 Lundensium
1477 1494 1636 1568 somatis

323 1620 443 1698 dacem
460 1617 646 1694 consilium
662 1616 828 1691 advocat.
883 1621 967 1709 Qun
983 1613 1152 1706 edoctus,
1185 1617 1319 1716 Magno
1341 1613 1525 1690 Rosirildia
1543 1613 1635 1690 reli·-

324 1760 395 1836 eto,
420 1739 665 1840 Ringstadium
680 1743 778 1840 petit,
803 1763 965 1838 sperans,
981 1763 1020 1812 se
1037 1763 1104 1837 per
1122 1738 1317 1813 absentiam
1339 1737 1402 1812 filii
1416 1739 1635 1837 pacatiorem

322 1865 442 1964 plebis
458 1864 692 1962 frequentiam
708 1879 945 1960 reperturum.
1006 1863 1142 1936 Verum
1167 1863 1254 1961 quia
1277 1857 1481 1936 habendam
1497 1862 1534 1934 in
1550 1861 1636 1934 col·-

322 1987 419 2063 libns
439 1990 651 2062 concionem
665 2000 742 2060 tuto
760 1985 937 2082 petituros
952 2011 1027 2058 nou
1048 1982 1249 2077 videbatur,
1273 1985 1311 2056 in
1327 1983 1467 2085 oppido
1483 1989 1636 2083 acquie-

324 2133 427 2186 scere
450 2133 562 2208 quam
583 2110 751 2184 incertam
781 2105 910 2206 popuii
923 2106 1033 2180 fidem
1047 2104 1249 2182 discrimine
1267 2123 1486 2183 sustentare
1502 2103 1637 2180 maluit.

325 2237 493 2332 Cumque
506 2234 630 2306 Canuti
654 2231 781 2304 fratres
800 2228 913 2302 iatum
935 2231 1016 2328 ejus
1038 2228 1138 2328 apud
1162 2235 1372 2304 concionem
1388 2231 1468 2331 pari
1489 2229 1637 2306 firment

325 2359 549 2456 querimonia
565 2353 797 2453 prosequuti,
830 2349 992 2451 populus
1015 2351 1217 2450 lacrymosa
1238 2377 1363 2427 eorum
1386 2353 1525 2428 actione
1543 2379 1636 2452 per-

325 2495 442 2554 motus
465 2494 539 2551 tam
554 2477 699 2550 innocui
714 2480 894 2576 sanguinis
911 2474 1113 2550 carnificem
1127 2473 1273 2574 publica
1290 2472 1518 2550 damnatione
1533 2475 1638 2548 mui-

325 2607 451 2692 ctavit,
475 2599 756 2696 sententiamque
770 2623 874 2673 suam
890 2597 1083 2674 adversum
1104 2615 1176 2672 tam
1192 2599 1241 2696 pii
1265 2601 1410 2696 spiritus
1433 2623 1638 2699 oppresso-

325 2749 403 2800 rem
423 2723 614 2800 destrinxit.
665 2725 705 2794 ln
722 2745 844 2819 regem
867 2746 965 2807 vero,
979 2727 1126 2819 pristina
1142 2720 1262 2796 adhuc
1285 2720 1638 2798 fortunaveuerabi-
1753 2757 1754 2760 π

324 2846 407 2942 lem,
433 2863 604 2944 tanquam
617 2841 664 2916 de
680 2843 759 2940 ejus
773 2843 950 2916 incertus²
967 2867 1153 2935 consensu,
1166 2847 1326 2918 severius
1340 2841 1531 2918 consulere
1546 2867 1637 2942 pas-

326 2993 389 3044 sus
403 2991 477 3040 non
494 2981 559 3058 est,
582 2990 629 3038 ne
641 2989 772 3038 noxam
792 2981 827 3038 et
841 2943 1077 3040 innocentiani
1101 2971 1138 3040 in
1155 2990 1262 3066 aequo
1288 2990 1425 3064 ponere
1445 2963 1638 3040 videretur.

326 3094 452 3188 ltaque
472 3088 596 3186 patriae
620 3101 815 3185 parentem,
839 3085 986 3160 honoris
1009 3097 1140 3186 pariter
1162 3092 1243 3188 ejus
1266 3103 1376 3186 atque
1399 3093 1511 3162 aetatis
1537 3091 1639 3164 testi-
1676 3111 1679 3120 ·

326 3217 480 3286 motione
497 3207 733 3286 verecundius
751 3205 883 3299 habita,
908 3207 956 3280 ab
980 3207 1052 3284 hoc
1074 3208 1391 3284 animadversionis
1411 3235 1543 3312 genere
1564 3215 1640 3284 im-

327 3357 474 3410 munem
490 3331 642 3430 reliquit.
700 3333 787 3403 Orta
800 3329 945 3404 tandem
960 3329 1007 3406 de
1024 3339 1117 3434 regis
1138 3333 1299 3408 absentia
1314 3335 1509 3428 mentione,
1530 3334 1643 3410 subi·-

328 3461 372 3532 tis
393 3456 686 3530 consternationis
709 3452 811 3528 iuriis
826 3459 1006 3546 incitatus,
1037 3453 1154 3531 laxato
1173 3457 1352 3532 concionis
1371 3455 1516 3548 ordine,
1548 3465 1643 3534 intra

328 3603 414 3656 suos
431 3604 516 3654 eum
529 3591 675 3676 penates
689 3578 892 3676 opprimere
915 3577 1110 3676 gestiebat,
1136 3579 1321 3678 praefatus,
1339 3581 1435 3678 juste
1449 3597 1575 3680 regem
1592 3581 1643 3654 ab

328 3700 385 3776 his
409 3699 518 3791 adiri,
539 3725 633 3797 quos
645 3704 745 3799 prior
766 3701 845 3798 ipse
860 3716 982 3798 petere
999 3699 1184 3794 noluisset,
1207 3703 1407 3801 prasertim
1429 3727 1513 3776 cum
1534 3729 1645 3802 prae-

329 3826 474 3900 sentiam
491 3848 595 3897 suam
609 3823 793 3910 concioni,
813 3847 898 3921 quae
915 3847 983 3921 per
997 3847 1080 3896 eum
1096 3826 1217 3921 vigere
1231 3823 1423 3917 debuerat,
1453 3828 1492 3898 in
1515 3827 1648 3902 vicinia

328 3949 537 4024 constitutus
553 3957 727 4047 negasset.
796 3944 904 4040 Quod
919 3971 1002 4020 cum
1014 3969 1077 4018 rex
1092 3971 1135 4020 ex
1149 3945 1216 4042 his,
1239 3973 1335 4047 quos
1348 3947 1396 4022 ad
1410 3973 1646 4050 cognoscen-

329 4070 395 4147 das
419 4073 601 4146 concionis
624 4094 732 4145 voces
758 4067 952 4159 direxerat,
977 4070 1190 4166 accepisset,
1213 4075 1388 4145 Asoernm
1413 4077 1553 4165 emittit,
1576 4077 1648 4171 qui

329 4177 560 4270 reverentiam
578 4207 614 4266 et
638 4189 812 4266 nobilitati
837 4213 913 4264 suae
940 4203 975 4262 et
989 4190 1192 4268 sacerdotio
1207 4191 1365 4269 debitam
1381 4196 1444 4270 irae
1462 4193 1563 4293 vulgi
1585 4195 1649 4268 ir-

330 4322 526 4416 rumpentis
541 4315 752 4415 opponeret.
805 4311 868 4386 ttte
885 4311 1001 4412 plebis
1016 4316 1054 4388 in
1069 4339 1263 4392 occursum
1280 4317 1516 4408 contendens,
1545 4341 1650 4392 con-

331 4455 457 4538 specto
483 4441 611 4531 Erico,
647 4437 830 4512 dexteram
859 4433 1009 4510 habenis
1042 4439 1121 4538 ejus
1150 4465 1248 4540 equo
1285 4438 1458 4538 delapsus
1483 4439 1652 4514 inseruit.

379 4669 590 4751 ‘Iasnlnmnj
614 4671 705 4736 Hand
729 4669 820 4734 dubie
843 4689 956 4750 aarum,
1061 4615 1232 4754 ²dncertns]
1254 4671 1313 4742 Ed.
1331 4697 1379 4761 pr.
1405 4673 1499 4740 habet
1517 4660 1657 4750 ιἰκὲνεα,

331 4801 400 4870 quaa
415 4777 454 4843 ad
467 4777 611 4842 ducatum
623 4777 842 4844 Slcsrieenaean
863 4777 958 4864 perti·
1015 4777 1100 4864 qnod
1120 4777 1271 4846 vitiosam.

182 4905 193 4926 ⁸
331 4897 474 4953 rinmunt.
