3536 5462
562 357 565 364 λ
604 307 934 382 WALDEMARUS
947 311 973 380 l.
1083 304 1089 314 ’
1319 311 1395 386 879

134 523 414 620 demque-suam
428 517 601 618 juvenilia
616 517 839 622 quandoque
859 523 1010 619 experiri
1027 523 1217 620 permittat
1268 525 1342 596 Nec
1356 547 1447 626 seg-

133 648 225 718 niter
233 641 508 742 promptissimis
518 641 762 718 scaniensium
776 639 1158 735 delectiqsbolonem
1168 659 1322 737 soentus,
1336 671 1446 722 com-

133 767 236 840 muni
258 767 486 866 navigatione
508 764 648 864 appulit
667 763 889 838 lalandiam.
939 763 1015 840 lllic
1030 767 1158 842 nostris
1176 765 1293 840 obvia
1309 785 1448 868 septem

134 881 380 988 Rngianorun'r
406 905 501 962 rates
533 887 642 962 suere.
705 886 809 962 Unde
833 913 916 964 cum
940 905 1051 964 noctu
1078 887 1287 980 solvissent,
1319 897 1448 970 erroris

134 1027 232 1085 metu
246 1013 400 1110 peritum
421 1012 652 1112 navigationis
674 1036 716 1086 ex
742 1009 927 1086 Absalone
960 1009 1132 1111 deposcit.
1184 1015 1267 1106 Quo
1291 1031 1448 1112 recepto,

135 1157 315 1232 prospero
332 1159 442 1208 cursu
459 1132 620 1208 destinati
638 1151 766 1232 portus
782 1132 1040 1242 compendium
1057 1139 1241 1210 assecutus
1258 1150 1319 1208 est.
1362 1137 1447 1210 Ab·

136 1256 296 1332 solonem
322 1281 409 1330 vero
440 1257 552 1330 noctis
574 1256 731 1352 opacitas
758 1254 947 1355 aliquantis
979 1257 1210 1358 navigationis
1241 1258 1447 1334 excessibus

136 1377 380 1454 errabundum
399 1379 520 1454 effecit.
558 1377 629 1452 Sed
648 1377 978 1454 necSialandenses
994 1381 1126 1454 erroris
1145 1401 1295 1478 prorsus
1310 1405 1446 1480 expar-
1502 1439 1509 1454 .

136 1521 187 1578 tes
211 1502 362 1602 reliquit.
415 1507 483 1576 Par·
507 1507 705 1602 ignorantia
730 1503 892 1602 Rugiana
916 1525 1066 1601 quoque
1092 1504 1234 1601 navigia
1257 1498 1392 1596 fefellit,
1412 1521 1447 1578 et

134 1626 225 1701 sorte
240 1628 278 1698 in
292 1651 380 1702 enm
391 1624 514 1700 locum
528 1622 735 1718 inciderant,
760 1649 878 1722 prope
892 1649 1000 1722 quem
1021 1625 1324 1700 Brammesiorum
1346 1624 1447 1702 clas·-

134 1753 182 1824 sis
198 1749 384 1848 piraticam
407 1763 531 1821 actura
554 1746 697 1820 coierat
749 1747 861 1844 Cujus
883 1747 934 1820 rei
956 1748 1057 1822 inscii
1070 1749 1238 1846 Regiani,
1262 1771 1346 1823 cum
1364 1763 1447 1848 prt-

136 1895 237 1944 mum
254 1867 316 1943 lux
330 1869 439 1962 affuit,
463 1884 667 1944 nostrornm
690 1891 730 1942 se
749 1871 861 1969 copiis
875 1873 1049 1958 inserunt,
1073 1893 1274 1968 paremque
1297 1895 1382 1945 curn
1409 1873 1448 1944 i-

135 1995 211 2092 psis
245 1991 403 2066 militiam
435 1992 683 2091 auspicantur,
717 1996 841 2089 paucis
872 1991 920 2065 ad
945 1993 1092 2065 navium
1115 1989 1283 2092 presidia
1308 1993 1448 2072 relictis.

136 2121 236 2210 Quas
253 2119 460 2214 Brammesii
483 2116 694 2213 conspectui
715 2114 911 2214 subjectas,
935 2113 1084 2212 dilapsis
1109 2129 1208 2190 metu
1223 2117 1448 2215 custodibus,

137 2237 371 2341 populantur.
421 2241 496 2310 Nec
518 2237 644 2338 praeda
670 2236 868 2337 spoliisque
884 2239 1051 2329 contenti,
1075 2237 1163 2312 bina
1176 2262 1220 2312 ex
1236 2241 1278 2314 iis
1293 2245 1447 2342 navigia,

134 2361 389 2464 prestantioris
414 2359 564 2435 fabricae
588 2361 676 2452 visa,
701 2385 826 2436 secum
848 2359 1044 2436 abducunt.
1094 2363 1184 2454 Quas
1199 2387 1328 2461 quum
1351 2389 1448 2464 pro-

136 2483 347 2561 hibentibus
374 2481 580 2556 Sialandicae
602 2481 724 2558 classis
747 2481 976 2576 custodibus,
1014 2483 1161 2558 ulterius
1184 2509 1351 2559 amovere
1372 2513 1448 2562 non

135 2622 294 2710 possent,
318 2605 415 2682 ferro
431 2621 578 2705 pertusa
596 2621 806 2716 mepserunt
856 2609 1007 2680 Unicam
1020 2603 1101 2680 haec
1117 2604 1303 2705 provincia
1317 2609 1448 2686 urbem

133 2729 306 2821 hahebat,
332 2755 415 2828 quae
436 2753 457 2800 a
474 2731 586 2803 Danis
601 2729 712 2804 rebus
729 2753 845 2805 vacua
860 2745 1003 2828 reperta
1018 2746 1080 2820 est,
1104 2727 1229 2804 incolis
1245 2728 1361 2805 eidem
1376 2731 1448 2808 dc-

135 2856 334 2929 sensionem
349 2875 452 2926 suam
477 2848 623 2924 eredere
647 2876 720 2925 non
744 2852 970 2927 audentibus.
1020 2853 1135 2952 Cujus
1152 2850 1340 2926 desertioni
1353 2879 1447 2954 par·-

133 2981 197 3052 tim
213 2973 454 3066 defensorum,
480 2979 611 3073 partim
626 2971 714 3047 valli
736 2976 857 3074 inopia
871 2998 1018 3049 causam
1037 2972 1202 3074 praebuit.
1254 2977 1448 3077 Antiquam

135 3098 264 3176 incolae
287 3095 494 3171 vocitabant
509 3100 537 3170 ¹.
589 3099 661 3190 Qui
678 3099 854 3172 moenium
877 3123 1030 3174 suorum
1046 3094 1239 3172 diffidentia
1253 3122 1338 3172 cum
1354 3124 1449 3174 con-

133 3222 286 3326 jugibus
314 3243 358 3292 ac
373 3219 502 3304 ‚liberis
526 3219 573 3294 ad
596 3220 782 3296 ecclesiam
808 3237 905 3294 extra
931 3219 1066 3296 vallum
1090 3222 1193 3296 sitam
1224 3225 1382 3296 certatim
1408 3245 1449 3298 se

134 3341 380 3434 contulerant,
411 3343 592 3442 religionis
619 3367 739 3442 quarn-
754 3342 838 3418 belli
865 3342 1035 3444 praesidio
1053 3345 1202 3419 tutiores
1224 3341 1347 3438 futuri,
1373 3369 1449 3444 pa-

133 3474 264 3567 cisque
277 3462 457 3540 domicilio
471 3465 670 3564 periculum
686 3470 837 3541 vitaturi.
888 3466 959 3541 Sed
976 3491 1045 3541 nec
1065 3469 1257 3567 quisquam
1282 3489 1302 3540 e
1317 3471 1450 3540 nostris

132 3589 185 3666 ad
212 3613 339 3693 eorum
362 3586 458 3661 bona
490 3613 618 3664 manns
634 3593 822 3690 porrigere
849 3613 958 3663 ausus
975 3605 1039 3682 est,
1064 3613 1109 3662 ne
1128 3585 1317 3688 praedandi
1332 3585 1449 3662 libido

130 3712 320 3814 sacrilegio
332 3691 585 3810 implicaretur,
602 3733 813 3812 quanquam
839 3715 875 3783 in
897 3734 997 3783 sacra
1022 3708 1100 3785 ae‘de
1120 3713 1260 3809 iniquas
1279 3733 1369 3809 opes
1387 3727 1450 3785 at-

128 3851 275 3912 tentare
305 3835 404 3909 nesas
431 3860 505 3907 non
535 3853 642 3911 esset.
691 3837 817 3935 Neque
833 3833 926 3906 enim
950 3829 1133 3932 religionis
1154 3831 1346 3905 auctoritas
1369 3833 1449 3932 ejus

128 3957 399 4034 detractoribus
420 3956 551 4030 auxilio
575 3959 811 4056 obtentuique
834 3953 913 4029 fore
936 3952 1122 4030 debuerat.
1175 3955 1328 4052 Jamque
1348 3952 1450 4027 mili-

127 4100 233 4159 tante
252 4080 454 4174 Absalone,
488 4081 659 4174 Eskillus,
690 4078 826 4180 nequid
858 4093 1036 4155 consvetae
1065 4076 1246 4177 religionis
1267 4077 1450 4169 omitteret,

126 4209 294 4308 primam
315 4207 425 4281 sacris
449 4225 597 4302 operam
623 4200 827 4278 exhibebat.
881 4203 995 4303 Cujus
1015 4206 1135 4275 animo
1157 4215 1275 4275 tantus
1290 4198 1450 4276 hostium

182 4521 370 4602 uniquam
393 4519 495 4580 maela
509 4512 694 4594 ooatloboat]
723 4516 769 4578 lta
822 4515 920 4580 Danis
935 4514 1046 4580 urbem
1056 4513 1245 4578 Broadeltuse
1264 4509 1451 4596 appellatam

123 4622 248 4708 Steph.
282 4626 316 4686 tn
338 4621 385 4686 ed.
413 4644 461 4708 pr.
485 4637 652 4707 autequam.
689 4618 769 4686 Urba
822 4620 931 4685 scribit
945 4618 1127 4686 Helmoldus
1141 4621 1193 4701 (ll,
1209 4613 1369 4702 13),qnod
1386 4615 1450 4680 for-

123 4729 300 4816 antiqui.
320 4747 346 4794 s.
367 4730 540 4814 Aldeaburg
552 4751 576 4793 s.
588 4729 769 4813 oldenburg,
823 4740 903 4793 tasse
915 4728 975 4792 erit
987 4725 1450 4806 Bronaesduuss.Bronoesborg,

118 4835 257 4902 Slariee
278 4838 445 4922 stuttgard
460 4837 577 4916 (Helm.
600 4838 623 4918 l,
644 4831 709 4918 12).
740 4836 769 4899 Δ
824 4834 844 4898 i.
864 4853 890 4900 e.
908 4833 1070 4902 castellum
1086 4843 1179 4898 terra
1195 4831 1444 4926 Brsnnesiornm.
