3508 5460
488 353 491 364 ,
600 274 925 348 WALDEMARUS
949 276 974 346 t
1314 279 1384 350 771

129 497 247 574 tentat,
273 495 386 580 captu
402 480 551 582 quidem
569 480 762 578 difficilem,
787 485 890 582 quod
905 501 939 558 et
955 501 1089 560 naturae
1109 483 1278 582 presidio
1301 489 1438 562 munita

8 597 9 614 ¹
127 621 162 679 et
183 604 441 678 commeatibus
467 603 597 680 affatim
614 608 783 682 instructa
796 608 923 682 fuerat.
981 608 1094 705 Cujus
1116 605 1296 698 custodes,
1314 611 1439 684 animis

126 755 237 828 quam
259 728 440 802 moenibus
462 727 670 822 debiliores,
694 732 993 830 expugnationem
1015 727 1194 836 deditione
1217 755 1441 827 praecurrere

126 853 329 950 cupientes,
354 852 392 922 ni
409 875 480 950 pax
507 851 555 926 ab
574 853 714 928 Eskillo
729 879 842 953 quam
858 853 1023 930 citissime
1036 876 1118 926 cum
1136 875 1221 949 rege
1236 879 1438 952 compone·

125 990 244 1066 retur,
269 989 402 1071 nepote
429 975 525 1072 ejus,
559 977 623 1074 qui
646 976 743 1076 apud
770 978 899 1050 Esrom
924 973 1164 1066 educabatur,
1196 973 1325 1048 obside
1344 975 1439 1068 dato,

126 1096 258 1169 urbem
284 1119 323 1170 se
344 1093 534 1172 tradituros
560 1101 781 1196 promittunt
833 1103 961 1172 Pactus
987 1095 1225 1170 conditionem
1244 1125 1317 1192 rer,
1342 1098 1438 1172 ado-

124 1217 280 1294 lescente
304 1235 490 1318 suscepto,
514 1219 740 1296 obsidionem
765 1221 904 1296 amovit.
952 1223 1040 1294 Haec
1059 1245 1143 1292 cum
1158 1219 1294 1296 Eskillo
1310 1227 1440 1294 nunci-

125 1342 336 1432 aratorem,
360 1339 561 1440 respondit,
588 1344 764 1442 majorem
779 1367 818 1418 se
833 1342 932 1417 urbis
947 1365 1058 1440 quam
1081 1359 1253 1442 nepotum
1275 1342 1439 1418 solicitu-

126 1466 245 1540 dinem
268 1489 410 1566 gerere,
445 1462 726 1565 haudquaquam
747 1463 855 1564 hujus
883 1464 1112 1540 incolumitati
1143 1464 1289 1540 illorum
1324 1469 1440 1563 capita

124 1586 369 1688 praelatarum.
421 1588 532 1686 Igitur
547 1612 618 1678 rer,
634 1593 754 1662 iterata
772 1587 970 1679 obsidione,
995 1587 1101 1662 aliam
1113 1588 1179 1662 sibi
1195 1591 1442 1679 munitionem,

124 1736 192 1809 per
208 1735 322 1808 quam
334 1708 488 1784 obsessis
502 1716 632 1784 arctius
647 1715 854 1798 immineret,
868 1710 1039 1802 aedificem
1064 1712 1235 1814 quoniam
1249 1719 1285 1788 iu
1302 1714 1440 1791 absen-

127 1847 197 1906 tem
208 1829 452 1907 adversarium
461 1837 587 1910 saevire
595 1859 668 1908 non
677 1833 785 1924 licuit,
793 1831 980 1910 adversum
988 1839 1140 1912 nominis
1148 1839 1228 1937 ejus
1236 1838 1440 1915 defensores

126 1959 317 2029 acerrimos
333 1959 395 2030 irre
411 1981 486 2030 suae
504 1970 652 2032 conatus
668 1981 855 2030 exacuens.
914 1959 1067 2032 Maxima
1081 1959 1261 2056 siquidem
1279 1959 1440 2060 potiendi

127 2075 265 2153 castelli
281 2099 364 2176 spes
379 2083 415 2150 in
437 2076 577 2176 hyemis
600 2080 730 2154 auxilio
752 2079 1010 2178 reponebatur,
1036 2079 1188 2176 aditum,
1213 2107 1323 2180 quern
1340 2081 1440 2157 unda
1502 2089 1505 2098 '

124 2219 292 2302 negaret,
317 2199 433 2300 glacie
449 2217 628 2299 paratura.
686 2205 780 2276 lnter
800 2200 880 2276 haec
898 2203 1038 2301 juvenis
1055 2228 1186 2303 parum
1207 2205 1391 2304 cognitus,
1417 2230 1439 2278 a

125 2327 247 2400 nescio
265 2323 400 2422 quibus
415 2323 642 2416 subornatus,
658 2322 775 2398 literas
790 2322 997 2401 adulterinis
1014 2335 1107 2402 notis
1120 2328 1335 2428 obsignatas,
1353 2343 1438 2400 tan-

125 2473 238 2548 quam
254 2446 302 2520 ab
319 2444 456 2520 Eskillo
472 2450 702 2538 transmissas,
727 2446 890 2520 Gerardo
907 2448 1048 2542 obtulit,
1060 2448 1204 2547 jubens,
1221 2465 1260 2522 ut
1274 2475 1340 2547 per
1354 2473 1436 2522 eum

123 2572 283 2648 obsessis
302 2568 578 2670 porrigerentur.
636 2571 734 2662 Quas
750 2569 807 2642 ille
820 2575 1005 2664 continuo,
1029 2571 1128 2646 nulla
1143 2571 1218 2646 doli
1236 2572 1438 2670 suspicione

124 2708 309 2794 concepta,
335 2716 400 2789 per
413 2691 636 2766 familiarium
652 2692 833 2790 quendam
850 2694 929 2768 urbi
940 2692 1141 2768 inserendas
1159 2695 1303 2768 curavit
1356 2697 1436 2766 Ha-

122 2843 209 2892 rum
225 2818 333 2890 series
352 2815 521 2909 habebat,
546 2817 682 2914 majore
704 2815 880 2890 Eskillum
906 2821 1047 2916 nepotis
1072 2840 1184 2914 quam
1209 2818 1309 2894 urbis
1339 2820 1438 2890 cari-

124 2957 194 3014 tate
212 2940 333 3029 teneri,
359 2963 562 3038 parumque
576 2939 645 3012 sibi
661 2939 787 3012 milites
800 2936 1005 3036 placituros,
1022 2940 1052 3014 si
1068 2945 1120 3012 rei
1138 2939 1303 3038 ignobilis
1315 2963 1438 3012 curam

123 3065 340 3162 pertinacius
370 3061 527 3161 gerendo
558 3060 769 3136 nobilissimi
799 3059 1029 3136 adolescentis
1070 3061 1222 3136 salutem
1249 3060 1438 3160 periclitari

122 3200 349 3287 paterentur,
375 3209 484 3284 quam
508 3183 559 3260 ob
579 3210 656 3258 rem
679 3182 808 3283 jubere
824 3205 875 3275 se,
889 3183 1032 3256 exitium
1055 3185 1131 3284 ejus
1148 3201 1288 3258 matura
1305 3181 1437 3258 dediti-

122 3333 196 3382 one
212 3313 397 3408 procurri.
457 3307 565 3399 Quod
588 3333 675 3382 vero
699 3311 881 3404 superiore
904 3304 1071 3380 mandato
1093 3304 1236 3380 tutelam
1255 3305 1355 3384 urbis
1375 3308 1437 3378 in-

118 3431 322 3508 columitati
337 3433 476 3530 nepotis
493 3429 753 3531 praeferendam
770 3429 979 3522 decreverit,
1003 3433 1074 3520 irae,
1089 3455 1161 3504 non
1176 3427 1438 3505 deliberationis

115 3557 238 3634 fuisse
258 3570 489 3654 praeceptum.
552 3552 719 3628 Perlectis
747 3552 874 3644 literis,
896 3549 1067 3650 oppidani
1100 3551 1276 3626 liberandi
1300 3549 1437 3626 obsidis

114 3677 312 3756 consilium
333 3676 674 3774 circumspiciebant.
725 3680 911 3764 Incertum,
928 3680 1008 3771 quis
1032 3679 1224 3752 commenti
1236 3674 1347 3772 hujus
1365 3697 1437 3750 au-

114 3821 182 3879 tor
206 3805 374 3895 extiterit;
397 3811 519 3901 'regem
538 3816 654 3873 tamen
670 3798 910 3898 complurium
930 3799 1089 3895 suspicio
1105 3801 1251 3870 notavit.
1302 3799 1439 3870 Interea

111 3953 199 4018 rex,
213 3940 335 3998 erecto
349 3947 489 4022 magnae
506 3922 644 3995 arboris
654 3939 790 4014 trunco,
818 3919 1001 3994 admotum
1017 3917 1182 3994 obsidem
1197 3916 1352 3991 defense
1367 3941 1437 3990 ur-

109 4051 180 4126 bis
199 4073 331 4148 poenas
353 4041 547 4144 suspendio
570 4045 637 4117 sibi
661 4043 833 4118 luiturum
848 4041 1048 4118 simulabat.
1101 4045 1183 4135 Quo
1207 4038 1339 4134 audito,
1356 4039 1436 4110 Ge·
1569 4057 1573 4074 ·

109 4169 258 4250 rardus
297 4193 380 4243 cum
411 4165 602 4242 domestico
635 4166 880 4268 religiosorum
911 4185 1007 4242 coetu
1042 4164 1090 4240 ad
1116 4191 1237 4266 regern
1256 4163 1437 4263 processit,

105 4440 266 4522 monuit,
304 4444 467 4506 nonnullos
497 4455 634 4528 putasse,
672 4440 751 4504 banc
811 4442 928 4507 castelli
953 4442 985 4503 in
1005 4461 1079 4525 agro
1108 4439 1254 4503 [othrico
1274 4455 1355 4500 nunc
1371 4433 1435 4498 iru-

101 4552 236 4618 urbem
249 4546 343 4612 luisse
351 4549 550 4634 Sidburgurn3
570 4547 624 4612 sed
640 4548 753 4612 sutori·
812 4559 874 4612 stre
887 4546 1049 4631 queritur3
1063 4545 1153 4610 etiam
1165 4546 1260 4609 rain·
1269 4543 1435 4629 perierunt.

99 4659 181 4724 bus
206 4654 430 4742 antiquioribus
447 4657 546 4740 major
569 4654 644 4720 fides
668 4653 753 4717 adbi-
812 4652 913 4736 Hujus
933 4671 1007 4714 reru
1024 4653 1101 4714 ercis
1127 4651 1244 4718 obsidio
1261 4649 1299 4714 ud
1324 4667 1435 4717 tanen

97 4761 236 4834 δωδε-
291 4763 390 4826 meu
410 4783 486 4827 rero
504 4761 594 4847 hujus
608 4759 692 4825 urbis
704 4760 753 4825 rel
817 4755 895 4824 1161
913 4757 1056 4844 pertinet.

117 4883 500 4939 summasunmna.
1167 4861 1245 4963 (49)
