3536 5462
379 301 458 378 886
719 289 893 367 HISTOR.
919 293 1025 368 DAN.
1048 299 1185 370 LIBER
1195 300 1288 372 xlv.

334 514 470 586 rubore
493 509 541 582 ab
564 510 833 608 oppugnatione
859 493 1076 600 diseederet,
1110 507 1157 581 ad
1180 505 1371 583 intuendas
1390 509 1547 581 Otimari-
1561 531 1642 607 pre-

333 662 391 711 ces
405 632 577 734 paulatim
593 630 750 702 animum
767 627 917 701 deflexit.
971 631 1088 722 Quem
1111 628 1370 730 desperationis
1392 655 1553 704 errorem
1568 630 1643 703 Ab·

333 761 455 849 salon,
487 780 569 828 cum
593 755 725 854 ingenti
747 749 872 852 praeda
894 757 1168 850 superveniens,
1201 753 1335 827 consilii
1357 756 1549 856 sagacitate
1565 757 1644 828 mire

333 883 505 958 discussit.
558 872 741 974 Siquidem
759 900 901 974 regem,
927 879 955 947 si
985 899 1024 947 se
1049 877 1174 976 ignaro
1193 877 1339 948 Otimari
1358 880 1452 951 votis
1469 886 1644 966 annueret,

333 1021 531 1092 execratus,
545 1003 844 1098 interpretemque
858 1000 1030 1072 secretius
1046 995 1258 1088 abductum,
1275 993 1506 1099 quaecunque
1522 1024 1545 1072 a
1560 999 1643 1072 bar-

333 1132 425 1205 baro
444 1122 593 1226 pacifice
607 1138 848 1212 tractarentur,
866 1123 1042 1195 connatis
1062 1119 1173 1194 modo
1190 1145 1370 1220 exponere
1389 1103 1563 1212 hortatus,
1587 1146 1643 1193 ar-

334 1267 449 1326 matus
470 1252 506 1320 in
528 1262 676 1345 pontem
692 1243 892 1337 descendit,
917 1243 1136 1343 militesque,
1161 1268 1243 1316 eum
1261 1242 1501 1342 prohibendae
1517 1267 1643 1344 pugnae

335 1377 447 1476 gratia
462 1370 588 1445 adesse
602 1385 710 1460 ratos,
735 1374 852 1442 acrius
867 1373 997 1442 instare
1013 1365 1206 1464 compellit,
1222 1365 1396 1466 praedam,
1418 1369 1448 1440 si
1464 1369 1643 1455 vincerent,
1673 1428 1675 1443 .

336 1523 461 1574 eorum
482 1495 572 1593 juris
591 1493 750 1566 futuram
782 1490 970 1590 pollicitus.
1022 1491 1133 1561 Grata
1157 1489 1329 1564 militibus
1355 1491 1547 1586 promissio
1574 1489 1643 1570 suit

335 1627 490 1719 Jamque
511 1615 675 1716 explicito
694 1639 825 1714 opere,
852 1613 988 1686 alacres
1013 1638 1086 1684 nou
1110 1611 1229 1685 solum
1250 1611 1388 1685 telluris
1411 1612 1561 1704 aditum,
1586 1611 1644 1684 ced

332 1761 371 1818 et
401 1744 507 1816 turris
533 1739 714 1838 fastigium
739 1753 937 1836 occupant3
977 1759 1087 1834 quam
1118 1733 1218 1809 scalis
1250 1733 1500 1835 gradibusque
1524 1733 1643 1824 adorti,

333 1863 491 1942 fundunt
510 1863 653 1950 obvios,
668 1867 870 1934 resistentes
886 1859 1110 1932 obnuucont.
1149 1860 1250 1930 Tunc
1258 1857 1481 1931 Herberthus
1495 1863 1524 1952 ¹,
1536 1881 1642 1958 eques

336 1989 515 2076 Dacicus,
549 2009 614 2072 ne,
649 1986 767 2082 pontis
791 1983 962 2080 angustiis
984 1979 1222 2055 officientibus
1255 2006 1297 2052 ac
1327 1982 1434 2055 turba
1469 1985 1643 2055 sociorum

336 2079 516 2202 obstante,
539 2105 674 2180 tardior
692 2107 954 2203 superveniret,
980 2103 1120 2176 facilem
1138 2101 1185 2173 ad
1208 2103 1326 2178 hostes
1349 2105 1534 2180 transitum
1551 2129 1642 2178 noro

333 2236 541 2333 irruptionis
572 2252 701 2329 genere
725 2229 897 2325 quaesivit.
960 2229 1117 2318 Etenim,
1151 2251 1334 2300 armorum
1362 2251 1472 2300 onere
1501 2244 1645 2316 retento,

335 2350 520 2456 profundo
551 2375 589 2425 se
617 2347 786 2439 credidit,
821 2367 987 2448 quosque
1019 2348 1136 2450 gradu
1164 2377 1238 2424 non
1263 2366 1422 2450 poterat,
1452 2349 1646 2424 incredibili

335 2474 446 2550 nandi
467 2475 591 2551 virtute
616 2477 806 2573 praecessit.
860 2471 966 2566 Quod
990 2472 1121 2546 factum
1139 2472 1389 2547 aemulantibus
1412 2476 1564 2564 coeteris,
1589 2491 1644 2547 te-

334 2623 460 2673 neram
483 2598 602 2695 pontis
628 2600 879 2694 compaginem
903 2595 1055 2668 militum
1078 2621 1276 2670 concursus
1295 2612 1443 2695 repente
1460 2595 1647 2670 subsidere

335 2725 463 2824 coiigit.
521 2720 635 2816 Cujus
666 2719 771 2789 ruina
791 2715 1009 2790 Absalonem
1041 2743 1189 2819 quoque
1220 2723 1310 2793 inter
1341 2717 1429 2792 alios
1458 2743 1647 2794 excussum

334 2841 576 2946 pessundedit.
629 2842 698 2933 Qui
714 2865 826 2938 quum
843 2839 948 2912 nandi
965 2858 1043 2915 astu
1059 2841 1215 2932 calleret,
1240 2834 1374 2915 tanrefsi
1391 2845 1499 2916 armis
1513 2843 1649 2918 obsitus

335 2984 443 3058 esset,
468 2991 542 3038 non
565 2963 684 3039 solum
699 2965 790 3062 inter
807 2961 923 3035 undas
940 2987 1089 3062 securus
1108 2968 1260 3056 emersit,
1286 2967 1532 3042 verumetiam
1549 2965 1651 3054 alios,

335 3091 415 3187 e'jus
430 3093 513 3160 artis
531 3090 691 3186 ignaros,
717 3082 764 3154 ab
781 3083 972 3158 imminenti
994 3087 1154 3185 periculo
1177 3102 1269 3160 tutos
1291 3089 1461 3185 praestitit.
1510 3092 1650 3162 Interea

335 3209 463 3297 Sclavi,
490 3235 564 3281 non
579 3205 851 3306 suppetentibus
868 3207 914 3279 ad
928 3210 1051 3308 fugam
1066 3211 1226 3310 navigiis,
1254 3208 1359 3284 doliis
1375 3232 1414 3283 se
1430 3217 1653 3284 committere

335 3333 423 3424 ausi,
438 3326 562 3403 iisdem
581 3355 649 3429 pro
664 3325 890 3403 rotunditatis
905 3329 1033 3404 habitu
1053 3333 1414 3411 circumvolventibus
1426 3338 1457 3422 ²,
1484 3334 1532 3408 ab
1545 3342 1655 3408 inse-

334 3455 526 3552 quentibus
552 3467 781 3551 occupantur.
847 3457 915 3545 Qui
946 3456 1113 3526 nimirum
1139 3454 1189 3526 ob
1221 3457 1428 3528 inusitatum
1455 3453 1653 3558 navigandi

333 3601 448 3676 genus
473 3591 515 3648 ut
536 3577 611 3650 suis
629 3575 868 3664 miserabiles,
901 3577 949 3648 ita
965 3579 1092 3652 nostris
1114 3577 1253 3651 ridiculi
1276 3577 1384 3652 fuere.
1438 3583 1564 3679 ltaque
1588 3579 1657 3653 lu·

332 3698 453 3773 dibrio
480 3699 657 3797 permixta
681 3722 805 3770 eorum
829 3696 1012 3782 infelicitas
1035 3717 1119 3774 erat.
1171 3706 1285 3801 Capto
1309 3705 1398 3792 vico,
1429 3703 1659 3778 trucidantur

206 3866 207 3870 =
328 3847 459 3911 mares,
483 3821 649 3894 foeminae
666 3823 892 3918 captivantur.
944 3825 1059 3895 Fuere
1075 3825 1193 3916 etiarn,
1211 3829 1272 3922 qui
1291 3829 1364 3924 regi
1383 3809 1550 3923 capiendi
1569 3828 1659 3900 oti-

327 3949 419 4018 mari
445 3943 633 4018 consilium
657 3942 882 4036 instillarent,
917 3967 1051 4043 quem,
1077 3971 1122 4018 ne
1143 3952 1292 4022 recentis
1315 3949 1470 4021 uictoriae
1493 3946 1662 4048 gloriam

237 4049 277 4065 ”
327 4073 436 4142 unius
456 4066 610 4140 bominis
635 4065 777 4165 perfida
801 4069 965 4164 captione
990 4088 1249 4168 corrumperet,
1275 4070 1484 4144 inviolatum
1505 4069 1666 4162 dimisit,

328 4187 497 4287 hostique
513 4215 664 4288 parcere
688 4215 799 4288 quam
819 4190 923 4262 famae
944 4216 1074 4264 nocere
1098 4192 1232 4266 maluit.
1286 4195 1377 4264 Cum
1403 4199 1499 4279 omui
1519 4190 1666 4266 deinde

325 4313 483 4388 exercitu
499 4315 686 4411 pristinum
701 4318 765 4388 iter
775 4337 970 4407 remensus,
980 4316 1079 4412 prius
1093 4315 1255 4409 classem,
1263 4339 1348 4390 mox
1363 4319 1516 4414 patriam
1530 4340 1669 4414 repe-

327 4436 422 4507 tir-it.-

378 4628 601 4707 ¹Herlrerttlus]
628 4634 672 4694 lla
695 4631 799 4716 Steph.
833 4628 890 4693 Ed.
912 4652 961 4714 pr.
1064 4631 1408 4712 ²Ct'rcumauluentr'bus]
1430 4635 1495 4696 Pro
1517 4631 1593 4697 hac
1632 4637 1676 4698 le-

329 4732 520 4795 Herbortlua.
1019 4739 1121 4830 ctione
1135 4737 1181 4801 ed.
1194 4762 1241 4824 pr.
1255 4737 1439 4839 stephanius
1453 4735 1596 4821 scripsit
1615 4749 1680 4803 cir·

1019 4849 1197 4908 cururoltttt's.
