3536 5462
341 267 418 350 864
689 265 863 342 HISTOR.
878 265 1243 343 natttfflnttxw.

293 483 394 584 liqua
416 476 517 554 navis
544 471 778 574 gubernantis
798 497 921 550 errore
946 471 1070 555 subito
1095 471 1197 554 vadis
1223 473 1362 554 insedit.
1414 459 1488 550 sed
1509 469 1611 570 baino

292 603 409 680 deviae
443 598 679 699 navigationis
703 620 907 692 excessum,
939 594 1087 677 decusa
1108 604 1229 677 arenis
1256 623 1405 702 puppe,
1429 599 1611 699 remigem

292 725 466 806 velocitas
482 726 635 796 correxit
649 723 680 816 ¹,
704 719 1071 820 statimque-barbara
1085 721 1209 798 classis
1225 746 1293 798 ceu
1314 722 1427 798 venbs
1441 737 1612 822 correpta

291 851 426 954 passim
456 841 634 920 dilabitur.
685 844 799 942 Cujus
823 841 951 944 fugam
978 845 1073 920 Daoi
1097 847 1239 944 magnis
1263 867 1307 918 ac
1334 840 1425 922 laetis
1455 845 1612 922 vocibus

291 969 452 1060 insecuti,
476 964 666 1046 discissum
689 966 765 1042 saxi
791 966 980 1042 vinculum
1001 964 1116 1042 effuso
1136 963 1303 1042 clamoris
1318 965 1453 1069 gaudio
1467 965 1613 1066 pmdi-

292 1093 435 1184 cabam,
461 1088 582 1188 deque
596 1088 868 1165 accusatoribus
880 1087 1071 1164 Absnlonis
1086 1105 1316 1168 veneratores
1332 1090 1461 1185 effecti,
1477 1092 1615 1194 ingenti

292 1215 407 1319 gratia
429 1217 497 1314 ipsi
526 1208 658 1307 relata,
692 1211 947 1288 contumeliam
982 1209 1154 1286 laudibus
1179 1211 1420 1293 redemerunt.
1472 1213 1547 1288 Sed
1576 1231 1617 1290 et

294 1341 375 1442 ejus
391 1342 543 1430 animus,
568 1332 822 1410 moderationis
835 1350 870 1410 et
884 1336 1090 1410 constantim
1107 1333 1245 1430 viribus
1260 1333 1442 1436 praeditus,
1467 1337 1617 1416 mobilis

294 1459 396 1562 vulgi
418 1455 623 1534 adulatione
640 1456 764 1534 extolli
778 1463 882 1559 parvi
897 1457 1035 1550 habuit,
1059 1472 1271 1554 tantumque
1292 1480 1333 1532 se
1351 1459 1389 1531 in
1402 1457 1619 1560 despicien-

297 1583 351 1660 dis
369 1579 546 1657 laudibus
567 1585 694 1680 gessit,
721 1588 948 1680 quantumin
974 1578 1244 1668 contemnendis
1268 1583 1452 1679 vituperiis
1465 1600 1617 1684 egeret.

295 1704 451 1782 Tanmlo
468 1703 613 1804 negotio
621 1719 694 1776 tam
710 1704 836 1803 ingens
852 1701 1057 1804 periculum
1072 1699 1277 1802 dispulsum
1292 1717 1355 1777 est
1397 1705 1487 1780 bina
1502 1705 1616 1782 Scla-

295 1832 375 1909 vica
392 1828 535 1928 navigia
554 1830 732 1927 remigum
753 1839 852 1900 metu
874 1824 1016 1900 deserta
1038 1823 1141 1927 apud
1156 1826 1337 1900 Criztoam
1358 1849 1381 1898 a
1395 1828 1528 1902 noenia
1542 1853 1617 1904 ex-

296 1968 400 2054 cepta
417 1965 511 2027 sunt.
562 1950 720 2023 Tertium
743 1946 993 2025 substantibus
1013 1972 1121 2048 aquae
1139 1945 1231 2046 palis
1246 1946 1403 2038 affixum,
1428 1954 1616 2026 sociorum

298 2097 475 2172 succursu
490 2087 672 2148 servatum
687 2083 748 2146 est.
802 2071 970 2170 Cumque
991 2095 1052 2146 rex
1067 2071 1176 2146 citatis
1192 2076 1295 2170 equis
1317 2069 1481 2147 Julinum
1498 2074 1621 2174 petis-

299 2215 365 2294 set,
388 2192 635 2296 Bugiszlavus,
656 2201 755 2292 circa
780 2194 900 2292 pontis
923 2191 1156 2270 refectionem
1180 2191 1345 2268 ineundas
1364 2192 1468 2270 urbis
1491 2195 1619 2274 sardio

299 2334 510 2421 occupatus,
528 2322 735 2418 ⁴conspectis
754 2319 879 2410 Danis,
905 2339 1054 2416 operam
1076 2316 1164 2416 iuga
1180 2317 1342 2392 mumvit.
1391 2313 1497 2392 Adeo
1513 2317 1619 2398 illum

298 2442 420 2532 subita
436 2441 545 2515 animi
560 2437 751 2540 trepidatio
766 2445 925 2548 pristiam
942 2437 1119 2516 dictorum
1135 2462 1286 2516 suornm
1304 2433 1504 2524 insolentiae
1513 2441 1619 2520 obli·

298 2566 385 2643 visci
400 2579 576 2666 coegerat.
627 2565 674 2636 ,lt
686 2588 761 2656 rer,
777 2562 967 2640 confestim
982 2561 1118 2638 refecto
1132 2578 1253 2662 ponte,
1266 2577 1441 2661 tanquam
1458 2560 1620 2644 bostium
1689 2558 1698 2578 ⁸

298 2713 412 2792 opera
428 2700 766 2784 consummaturus,
792 2689 829 2760 in
855 2683 1049 2762 australem
1068 2691 1185 2786 tipam
1207 2684 1347 2784 equites
1363 2687 1514 2788 trajecit,
1538 2715 1618 2791 qno

300 2808 439 2886 facilior
453 2825 655 2912 monetata
675 2807 780 2884 classi
794 2809 886 2882 inter
900 2812 1015 2886 amnis
1028 2825 1197 2908 consepta
1213 2831 1428 2908 progressus
1443 2818 1621 2910 pateret².

301 2937 383 3030 Quo
408 2949 607 3034 postquam
621 2930 785 3008 Absalon
799 2932 1064 3034 subsequenter
1084 2933 1227 3032 navigia
1245 2929 1429 3007 ductando
1442 2938 1623 3032 pervenit,
1753 2965 1754 2968 ¹

300 3081 347 3130 ne
371 3052 500 3155 eadem
516 3055 732 3148 Julinenses,
756 3071 799 3130 ut
822 3055 916 3130 soliti
935 3071 1047 3149 erant,
1072 3058 1295 3146 incesserent,
1320 3059 1530 3144 instructam
1547 3083 1618 3134 sa-

300 3177 447 3282 gittariis
463 3177 637 3280 scapham
655 3177 870 3271 conscendit,
897 3203 1052 3280 eamque
1066 3176 1188 3254 medio
1201 3179 1290 3254 inter
1306 3175 1439 3254 urbem
1456 3196 1493 3256 et
1513 3180 1623 3262 clas-

302 3326 381 3379 sem
391 3297 499 3376 'amne
514 3299 649 3376 direxit.
674 3303 812 3376 Verum
829 3289 1015 3399 oppidani,
1026 3303 1138 3377 mmio
1153 3304 1290 3380 timoris
1302 3301 1435 3378 haustu
1449 3303 1624 3404 permisi,

302 3429 406 3524 anxia
436 3449 521 3499 cum
545 3421 807 3524 desperabam,
833 3423 942 3522 totins
957 3424 1117 3500 militaris
1131 3423 1275 3500 fiduciae
1296 3427 1411 3520 vacui,
1434 3427 1626 3506 mmnibns

302 3548 379 3632 suis
407 3545 536 3622 inclusi
557 3545 726 3622 latebant
779 3547 999 3642 Pet-transitis
1031 3545 1316 3648 impedimentis,
1331 3594 1333 3602 ·
1348 3550 1499 3650 navigiis
1528 3559 1623 3652 equi

301 3669 516 3772 redduntur,
531 3666 747 3770 delessaque
759 3671 909 3771 remigio
927 3668 1049 3748 classis
1060 3675 1101 3744 in
1118 3686 1266 3771 portum
1280 3669 1473 3772 colligitur.
1498 3673 1628 3751 Com-

279 3781 284 3805 *
303 3819 377 3896 que
389 3791 549 3870 Absalon
570 3815 614 3870 ac
637 3793 737 3870 Suno
757 3809 925 3872 mmueto
942 3785 1144 3872 excubandi
1160 3793 1281 3870 officio
1296 3811 1523 3895 postremum
1537 3793 1628 3876 fixis

352 4070 362 4104 ⁸
390 4062 541 4148 Correxit]
573 4067 652 4130 Haec
689 4075 737 4130 est
771 4064 931 4151 stephanii
989 4085 1062 4152 pem
1097 4065 1265 4132 emadan
1297 4061 1497 4150 trajiciendat
1529 4075 1629 4130 Μ.

306 4170 478 4237 emendatio
497 4191 623 4260 prossus
638 4172 806 4239 necemris
823 4172 931 4238 lectio-
989 4175 1144 4240 Quum
1176 4171 1214 4236 in
1244 4167 1293 4236 bis
1323 4171 1422 4236 rebor·
1448 4166 1631 4236 armen

306 4274 354 4338 nis
368 4283 503 4363 porreeti
520 4278 553 4342 in
571 4277 620 4343 ed.
639 4301 688 4366 pr.
988 4276 1071 4342 band
1093 4298 1204 4363 parum
1225 4300 1244 4372 ρ
1262 4289 1371 4342 nostro
1391 4273 1544 4364 discrepat
1569 4299 1632 4342 sn·

352 4383 420 4445 ²112
440 4387 599 4452 australem
616 4391 710 4477 rapam
724 4379 929 4474 ...·pateret]
990 4384 1140 4449 ctorbitt.
1147 4369 1336 4469 Itnytl.‚qui‚
1348 4377 1530 4448 acerrimam
1542 4401 1632 4468 pug-

308 4483 450 4550 Fortuse
462 4487 594 4557 difficile
610 4505 676 4558 erat
690 4491 828 4558 Julinnm
840 4490 932 4576 oppi·
991 4511 1063 4556 nem
1084 4509 1184 4576 prope
1204 4488 1244 4553 ab
1265 4487 1327 4556 boe
1346 4487 1466 4576 oppido
1495 4485 1633 4566 tactam,

309 4586 382 4652 dum
407 4593 523 4660 ambire
548 4609 581 4660 et
601 4597 635 4661 in
659 4598 728 4684 ripn
748 4596 933 4684 septentrio·
992 4595 1155 4662 slavorum
1184 4615 1238 4660 sex
1267 4595 1363 4660 millis
1391 4595 1511 4673 oense,
1545 4595 1636 4660 nut-
1752 4595 1753 4636 l

309 4694 373 4759 nali
388 4696 513 4766 ulterius
526 4702 706 4787 procedere,
725 4716 761 4769 nt
780 4706 933 4790 equitatus
992 4713 1043 4766 tos
1072 4702 1105 4766 in
1135 4700 1347 4790 captivitatem
1381 4699 1532 4784 obtineto·
1558 4717 1638 4768 esse
1752 4747 1753 4768 t

309 4811 361 4864 aut
382 4802 507 4870 naribus
526 4806 729 4894 imponendas
753 4824 807 4877 ent
839 4812 871 4876 in
890 4811 930 4876 ri·
993 4819 1107 4874 narret
