<?xml version="1.0" encoding="UTF-8"?>
<!DOCTYPE html PUBLIC "-//W3C//DTD XHTML 1.0 Transitional//EN"
    "http://www.w3.org/TR/xhtml1/DTD/xhtml1-transitional.dtd">
<html xmlns="http://www.w3.org/1999/xhtml" xml:lang="en" lang="en">
 <head>
  <title>
</title>
<meta http-equiv="Content-Type" content="text/html;charset=utf-8" />
  <meta name='ocr-system' content='tesseract 3.04.00' />
  <meta name='ocr-capabilities' content='ocr_page ocr_carea ocr_par ocr_line ocrx_word'/>
</head>
<body>
  <div class='ocr_page' id='page_1' title='image "./historiadanica01velsgoog_0149.png"; bbox 0 0 3524 5460; ppageno 0'>
   <div class='ocr_carea' id='block_1_1' title="bbox 364 283 1254 398">
    <p class='ocr_par' dir='ltr' id='par_1_1' title="bbox 364 283 1254 398">
     <span class='ocr_line' id='line_1_1' title="bbox 364 283 1254 398; baseline -0.008 -19"><span class='ocrx_word' id='word_1_1' title='bbox 364 305 438 379; x_wconf 80' lang='lat' dir='ltr'><strong>oss</strong></span> <span class='ocrx_word' id='word_1_2' title='bbox 699 303 875 398; x_wconf 73' lang='lat' dir='ltr'><strong>aaron</strong></span> <span class='ocrx_word' id='word_1_3' title='bbox 890 303 996 372; x_wconf 79' lang='lat' dir='ltr'><strong>aaa.</strong></span> <span class='ocrx_word' id='word_1_4' title='bbox 1011 283 1254 373; x_wconf 74' lang='lat' dir='ltr'><strong>sunsaiv.</strong></span> 
     </span>
    </p>
   </div>
   <div class='ocr_carea' id='block_1_2' title="bbox 310 491 1619 2330">
    <p class='ocr_par' dir='ltr' id='par_1_2' title="bbox 310 491 1619 2330">
     <span class='ocr_line' id='line_1_2' title="bbox 314 491 1618 612; baseline -0.002 -28"><span class='ocrx_word' id='word_1_5' title='bbox 314 511 496 609; x_wconf 85' lang='lat' dir='ltr'><strong>equitandi</strong></span> <span class='ocrx_word' id='word_1_6' title='bbox 515 491 685 612; x_wconf 80' lang='lat' dir='ltr'><strong>peritiam</strong></span> <span class='ocrx_word' id='word_1_7' title='bbox 703 511 790 586; x_wconf 81' lang='lat' dir='ltr'><strong>sella</strong></span> <span class='ocrx_word' id='word_1_8' title='bbox 813 509 898 610; x_wconf 90' lang='lat' dir='ltr'><strong>pelli</strong></span> <span class='ocrx_word' id='word_1_9' title='bbox 911 511 1083 610; x_wconf 90' lang='lat' dir='ltr'><strong>nequiret.</strong></span> <span class='ocrx_word' id='word_1_10' title='bbox 1146 514 1322 603; x_wconf 82' lang='lat' dir='ltr'><strong>Quintam,</strong></span> <span class='ocrx_word' id='word_1_11' title='bbox 1353 515 1444 584; x_wconf 86' lang='lat' dir='ltr'><strong>inter</strong></span> <span class='ocrx_word' id='word_1_12' title='bbox 1466 511 1618 592; x_wconf 87' lang='lat' dir='ltr'><strong>frontem</strong></span> 
     </span>
     <span class='ocr_line' id='line_1_3' title="bbox 313 630 1619 733; baseline 0.002 -29"><span class='ocrx_word' id='word_1_13' title='bbox 313 630 527 732; x_wconf 78' lang='lat' dir='ltr'><strong>galeamque</strong></span> <span class='ocrx_word' id='word_1_14' title='bbox 552 635 723 725; x_wconf 79' lang='lat' dir='ltr'><strong>defixam,</strong></span> <span class='ocrx_word' id='word_1_15' title='bbox 744 633 871 707; x_wconf 86' lang='lat' dir='ltr'><strong>adacto</strong></span> <span class='ocrx_word' id='word_1_16' title='bbox 896 633 1028 733; x_wconf 83' lang='lat' dir='ltr'><strong>capulo</strong></span> <span class='ocrx_word' id='word_1_17' title='bbox 1050 631 1210 706; x_wconf 87' lang='lat' dir='ltr'><strong>collisam</strong></span> <span class='ocrx_word' id='word_1_18' title='bbox 1234 633 1371 709; x_wconf 76' lang='lat' dir='ltr'><strong>avulsit.</strong></span> <span class='ocrx_word' id='word_1_19' title='bbox 1430 637 1492 707; x_wconf 83' lang='lat' dir='ltr'><strong>llis</strong></span> <span class='ocrx_word' id='word_1_20' title='bbox 1515 632 1619 706; x_wconf 85' lang='lat' dir='ltr'><strong>malis</strong></span> 
     </span>
     <span class='ocr_line' id='line_1_4' title="bbox 312 754 1617 856; baseline 0 -28"><span class='ocrx_word' id='word_1_21' title='bbox 312 755 423 848; x_wconf 90' lang='lat' dir='ltr'><strong>liber,</strong></span> <span class='ocrx_word' id='word_1_22' title='bbox 454 773 594 856; x_wconf 86' lang='lat' dir='ltr'><strong>arrepto</strong></span> <span class='ocrx_word' id='word_1_23' title='bbox 617 783 723 856; x_wconf 91' lang='lat' dir='ltr'><strong>equo,</strong></span> <span class='ocrx_word' id='word_1_24' title='bbox 740 781 824 830; x_wconf 88' lang='lat' dir='ltr'><strong>curn</strong></span> <span class='ocrx_word' id='word_1_25' title='bbox 839 761 965 855; x_wconf 79' lang='lat' dir='ltr'><strong>paucis</strong></span> <span class='ocrx_word' id='word_1_26' title='bbox 982 754 1116 831; x_wconf 84' lang='lat' dir='ltr'><strong>vadum</strong></span> <span class='ocrx_word' id='word_1_27' title='bbox 1134 771 1294 852; x_wconf 88' lang='lat' dir='ltr'><strong>superat,</strong></span> <span class='ocrx_word' id='word_1_28' title='bbox 1320 773 1368 847; x_wconf 88' lang='lat' dir='ltr'><strong>et,</strong></span> <span class='ocrx_word' id='word_1_29' title='bbox 1383 781 1428 830; x_wconf 89' lang='lat' dir='ltr'><strong>ue</strong></span> <span class='ocrx_word' id='word_1_30' title='bbox 1443 757 1617 830; x_wconf 85' lang='lat' dir='ltr'><strong>secuturis</strong></span> 
     </span>
     <span class='ocr_line' id='line_1_5' title="bbox 313 877 1616 978; baseline -0.002 -26"><span class='ocrx_word' id='word_1_31' title='bbox 313 881 490 978; x_wconf 85' lang='lat' dir='ltr'><strong>angustias</strong></span> <span class='ocrx_word' id='word_1_32' title='bbox 510 878 651 971; x_wconf 80' lang='lat' dir='ltr'><strong>iaceret,</strong></span> <span class='ocrx_word' id='word_1_33' title='bbox 677 880 805 977; x_wconf 90' lang='lat' dir='ltr'><strong>procul</strong></span> <span class='ocrx_word' id='word_1_34' title='bbox 828 883 905 956; x_wconf 87' lang='lat' dir='ltr'><strong>rivo</strong></span> <span class='ocrx_word' id='word_1_35' title='bbox 923 877 1062 972; x_wconf 86' lang='lat' dir='ltr'><strong>secedit,</strong></span> <span class='ocrx_word' id='word_1_36' title='bbox 1085 879 1218 976; x_wconf 87' lang='lat' dir='ltr'><strong>ibique,</strong></span> <span class='ocrx_word' id='word_1_37' title='bbox 1244 878 1335 952; x_wconf 79' lang='lat' dir='ltr'><strong>facta</strong></span> <span class='ocrx_word' id='word_1_38' title='bbox 1352 883 1440 972; x_wconf 89' lang='lat' dir='ltr'><strong>acie,</strong></span> <span class='ocrx_word' id='word_1_39' title='bbox 1457 903 1616 978; x_wconf 83' lang='lat' dir='ltr'><strong>pugnam</strong></span> 
     </span>
     <span class='ocr_line' id='line_1_6' title="bbox 314 1000 1616 1100; baseline -0.002 -26"><span class='ocrx_word' id='word_1_40' title='bbox 314 1003 473 1098; x_wconf 84' lang='lat' dir='ltr'><strong>capessit.</strong></span> <span class='ocrx_word' id='word_1_41' title='bbox 524 1005 730 1096; x_wconf 83' lang='lat' dir='ltr'><strong>Quinetiam</strong></span> <span class='ocrx_word' id='word_1_42' title='bbox 742 1021 850 1078; x_wconf 89' lang='lat' dir='ltr'><strong>totam</strong></span> <span class='ocrx_word' id='word_1_43' title='bbox 866 1002 1023 1077; x_wconf 89' lang='lat' dir='ltr'><strong>hostium</strong></span> <span class='ocrx_word' id='word_1_44' title='bbox 1040 1000 1192 1094; x_wconf 87' lang='lat' dir='ltr'><strong>turbam,</strong></span> <span class='ocrx_word' id='word_1_45' title='bbox 1218 1002 1342 1100; x_wconf 88' lang='lat' dir='ltr'><strong>quoad</strong></span> <span class='ocrx_word' id='word_1_46' title='bbox 1357 1008 1472 1074; x_wconf 90' lang='lat' dir='ltr'><strong>omnis</strong></span> <span class='ocrx_word' id='word_1_47' title='bbox 1492 1005 1616 1075; x_wconf 87' lang='lat' dir='ltr'><strong>socio·</strong></span> 
     </span>
     <span class='ocr_line' id='line_1_7' title="bbox 312 1126 1618 1226; baseline -0.001 -31"><span class='ocrx_word' id='word_1_48' title='bbox 312 1149 391 1196; x_wconf 88' lang='lat' dir='ltr'><strong>rum</strong></span> <span class='ocrx_word' id='word_1_49' title='bbox 408 1143 623 1221; x_wconf 84' lang='lat' dir='ltr'><strong>permeastet</strong></span> <span class='ocrx_word' id='word_1_50' title='bbox 639 1133 823 1218; x_wconf 83' lang='lat' dir='ltr'><strong>exercitus,</strong></span> <span class='ocrx_word' id='word_1_51' title='bbox 843 1151 955 1226; x_wconf 86' lang='lat' dir='ltr'><strong>parra</strong></span> <span class='ocrx_word' id='word_1_52' title='bbox 972 1150 1080 1196; x_wconf 88' lang='lat' dir='ltr'><strong>manu</strong></span> <span class='ocrx_word' id='word_1_53' title='bbox 1096 1126 1268 1217; x_wconf 77' lang='lat' dir='ltr'><strong>sustinuit,</strong></span> <span class='ocrx_word' id='word_1_54' title='bbox 1293 1127 1519 1223; x_wconf 83' lang='lat' dir='ltr'><strong>Stenonique</strong></span> <span class='ocrx_word' id='word_1_55' title='bbox 1533 1149 1618 1196; x_wconf 86' lang='lat' dir='ltr'><strong>cer-</strong></span> 
     </span>
     <span class='ocr_line' id='line_1_8' title="bbox 312 1243 1618 1346; baseline -0.001 -27"><span class='ocrx_word' id='word_1_56' title='bbox 312 1251 468 1320; x_wconf 86' lang='lat' dir='ltr'><strong>tissimus</strong></span> <span class='ocrx_word' id='word_1_57' title='bbox 491 1263 594 1320; x_wconf 88' lang='lat' dir='ltr'><strong>autor</strong></span> <span class='ocrx_word' id='word_1_58' title='bbox 618 1249 773 1322; x_wconf 79' lang='lat' dir='ltr'><strong>victoriae</strong></span> <span class='ocrx_word' id='word_1_59' title='bbox 793 1249 868 1322; x_wconf 88' lang='lat' dir='ltr'><strong>fuit.</strong></span> <span class='ocrx_word' id='word_1_60' title='bbox 933 1251 1015 1343; x_wconf 86' lang='lat' dir='ltr'><strong>Quo</strong></span> <span class='ocrx_word' id='word_1_61' title='bbox 1041 1271 1147 1346; x_wconf 88' lang='lat' dir='ltr'><strong>opem</strong></span> <span class='ocrx_word' id='word_1_62' title='bbox 1172 1243 1323 1337; x_wconf 79' lang='lat' dir='ltr'><strong>ferente,</strong></span> <span class='ocrx_word' id='word_1_63' title='bbox 1348 1249 1475 1320; x_wconf 87' lang='lat' dir='ltr'><strong>Canuti</strong></span> <span class='ocrx_word' id='word_1_64' title='bbox 1497 1262 1618 1345; x_wconf 86' lang='lat' dir='ltr'><strong>partes</strong></span> 
     </span>
     <span class='ocr_line' id='line_1_9' title="bbox 311 1366 1619 1470; baseline -0.003 -28"><span class='ocrx_word' id='word_1_65' title='bbox 311 1369 433 1470; x_wconf 77' lang='lat' dir='ltr'><strong>lugam</strong></span> <span class='ocrx_word' id='word_1_66' title='bbox 450 1367 576 1440; x_wconf 79' lang='lat' dir='ltr'><strong>fecere.</strong></span> <span class='ocrx_word' id='word_1_67' title='bbox 644 1371 826 1445; x_wconf 79' lang='lat' dir='ltr'><strong>Grandem</strong></span> <span class='ocrx_word' id='word_1_68' title='bbox 850 1374 988 1470; x_wconf 88' lang='lat' dir='ltr'><strong>quippe</strong></span> <span class='ocrx_word' id='word_1_69' title='bbox 1003 1395 1047 1442; x_wconf 84' lang='lat' dir='ltr'><strong>ex</strong></span> <span class='ocrx_word' id='word_1_70' title='bbox 1070 1366 1317 1466; x_wconf 83' lang='lat' dir='ltr'><strong>superioribus</strong></span> <span class='ocrx_word' id='word_1_71' title='bbox 1335 1368 1467 1466; x_wconf 76' lang='lat' dir='ltr'><strong>praeliis</strong></span> <span class='ocrx_word' id='word_1_72' title='bbox 1483 1385 1619 1441; x_wconf 90' lang='lat' dir='ltr'><strong>metum</strong></span> 
     </span>
     <span class='ocr_line' id='line_1_10' title="bbox 311 1491 1619 1592; baseline 0.001 -27"><span class='ocrx_word' id='word_1_73' title='bbox 311 1491 521 1584; x_wconf 78' lang='lat' dir='ltr'><strong>hauserant,</strong></span> <span class='ocrx_word' id='word_1_74' title='bbox 568 1515 769 1591; x_wconf 89' lang='lat' dir='ltr'><strong>eorumque</strong></span> <span class='ocrx_word' id='word_1_75' title='bbox 797 1501 1007 1570; x_wconf 86' lang='lat' dir='ltr'><strong>memoriam</strong></span> <span class='ocrx_word' id='word_1_76' title='bbox 1047 1493 1202 1591; x_wconf 88' lang='lat' dir='ltr'><strong>abjicere</strong></span> <span class='ocrx_word' id='word_1_77' title='bbox 1232 1509 1471 1587; x_wconf 84' lang='lat' dir='ltr'><strong>nequeuntes,</strong></span> <span class='ocrx_word' id='word_1_78' title='bbox 1514 1497 1619 1592; x_wconf 76' lang='lat' dir='ltr'><strong>aegris</strong></span> 
     </span>
     <span class='ocr_line' id='line_1_11' title="bbox 312 1612 1617 1714; baseline -0.002 -26"><span class='ocrx_word' id='word_1_79' title='bbox 312 1637 455 1712; x_wconf 84' lang='lat' dir='ltr'><strong>semper</strong></span> <span class='ocrx_word' id='word_1_80' title='bbox 469 1612 695 1714; x_wconf 82' lang='lat' dir='ltr'><strong>infractisque</strong></span> <span class='ocrx_word' id='word_1_81' title='bbox 711 1621 834 1692; x_wconf 88' lang='lat' dir='ltr'><strong>animis</strong></span> <span class='ocrx_word' id='word_1_82' title='bbox 850 1634 958 1691; x_wconf 88' lang='lat' dir='ltr'><strong>erant.</strong></span> <span class='ocrx_word' id='word_1_83' title='bbox 1017 1615 1118 1690; x_wconf 85' lang='lat' dir='ltr'><strong>Adeo</strong></span> <span class='ocrx_word' id='word_1_84' title='bbox 1136 1619 1229 1688; x_wconf 90' lang='lat' dir='ltr'><strong>enim</strong></span> <span class='ocrx_word' id='word_1_85' title='bbox 1253 1619 1507 1690; x_wconf 88' lang='lat' dir='ltr'><strong>Canuticorum</strong></span> <span class='ocrx_word' id='word_1_86' title='bbox 1533 1615 1617 1688; x_wconf 88' lang='lat' dir='ltr'><strong>aui-</strong></span> 
     </span>
     <span class='ocr_line' id='line_1_12' title="bbox 312 1734 1616 1840; baseline -0.003 -30"><span class='ocrx_word' id='word_1_87' title='bbox 312 1762 391 1810; x_wconf 90' lang='lat' dir='ltr'><strong>mos</strong></span> <span class='ocrx_word' id='word_1_88' title='bbox 405 1761 463 1809; x_wconf 91' lang='lat' dir='ltr'><strong>res</strong></span> <span class='ocrx_word' id='word_1_89' title='bbox 486 1734 643 1811; x_wconf 88' lang='lat' dir='ltr'><strong>adversae</strong></span> <span class='ocrx_word' id='word_1_90' title='bbox 668 1759 908 1840; x_wconf 87' lang='lat' dir='ltr'><strong>corruperant,</strong></span> <span class='ocrx_word' id='word_1_91' title='bbox 932 1759 972 1814; x_wconf 90' lang='lat' dir='ltr'><strong>ut</strong></span> <span class='ocrx_word' id='word_1_92' title='bbox 988 1741 1125 1837; x_wconf 87' lang='lat' dir='ltr'><strong>majore</strong></span> <span class='ocrx_word' id='word_1_93' title='bbox 1140 1739 1351 1814; x_wconf 85' lang='lat' dir='ltr'><strong>fortitudinis</strong></span> <span class='ocrx_word' id='word_1_94' title='bbox 1372 1756 1472 1838; x_wconf 90' lang='lat' dir='ltr'><strong>parte</strong></span> <span class='ocrx_word' id='word_1_95' title='bbox 1487 1735 1616 1811; x_wconf 84' lang='lat' dir='ltr'><strong>desecti</strong></span> 
     </span>
     <span class='ocr_line' id='line_1_13' title="bbox 311 1857 1615 1964; baseline -0.002 -31"><span class='ocrx_word' id='word_1_96' title='bbox 311 1875 579 1960; x_wconf 82' lang='lat' dir='ltr'><strong>perseveranter</strong></span> <span class='ocrx_word' id='word_1_97' title='bbox 593 1859 733 1934; x_wconf 88' lang='lat' dir='ltr'><strong>hostem</strong></span> <span class='ocrx_word' id='word_1_98' title='bbox 748 1864 840 1937; x_wconf 80' lang='lat' dir='ltr'><strong>ferre</strong></span> <span class='ocrx_word' id='word_1_99' title='bbox 858 1869 1055 1964; x_wconf 86' lang='lat' dir='ltr'><strong>nequirent,</strong></span> <span class='ocrx_word' id='word_1_100' title='bbox 1069 1863 1253 1960; x_wconf 89' lang='lat' dir='ltr'><strong>nimioque</strong></span> <span class='ocrx_word' id='word_1_101' title='bbox 1268 1865 1400 1936; x_wconf 86' lang='lat' dir='ltr'><strong>timoris</strong></span> <span class='ocrx_word' id='word_1_102' title='bbox 1416 1877 1522 1959; x_wconf 89' lang='lat' dir='ltr'><strong>captu</strong></span> <span class='ocrx_word' id='word_1_103' title='bbox 1542 1857 1615 1931; x_wconf 91' lang='lat' dir='ltr'><strong>he-</strong></span> 
     </span>
     <span class='ocr_line' id='line_1_14' title="bbox 311 1982 1616 2084; baseline -0.003 -26"><span class='ocrx_word' id='word_1_104' title='bbox 311 1986 437 2058; x_wconf 81' lang='lat' dir='ltr'><strong>betatis</strong></span> <span class='ocrx_word' id='word_1_105' title='bbox 454 1984 588 2072; x_wconf 88' lang='lat' dir='ltr'><strong>animis,</strong></span> <span class='ocrx_word' id='word_1_106' title='bbox 614 1982 733 2058; x_wconf 84' lang='lat' dir='ltr'><strong>faciles</strong></span> <span class='ocrx_word' id='word_1_107' title='bbox 750 2010 892 2083; x_wconf 88' lang='lat' dir='ltr'><strong>semper</strong></span> <span class='ocrx_word' id='word_1_108' title='bbox 908 1991 941 2056; x_wconf 89' lang='lat' dir='ltr'><strong>in</strong></span> <span class='ocrx_word' id='word_1_109' title='bbox 956 1985 1078 2084; x_wconf 83' lang='lat' dir='ltr'><strong>sugam</strong></span> <span class='ocrx_word' id='word_1_110' title='bbox 1099 1987 1294 2060; x_wconf 80' lang='lat' dir='ltr'><strong>existerent.</strong></span> <span class='ocrx_word' id='word_1_111' title='bbox 1345 1990 1500 2058; x_wconf 84' lang='lat' dir='ltr'><strong>Saxones</strong></span> <span class='ocrx_word' id='word_1_112' title='bbox 1518 2007 1616 2074; x_wconf 83' lang='lat' dir='ltr'><strong>vero,</strong></span> 
     </span>
     <span class='ocr_line' id='line_1_15' title="bbox 311 2103 1617 2207; baseline -0.002 -28"><span class='ocrx_word' id='word_1_113' title='bbox 311 2107 447 2207; x_wconf 90' lang='lat' dir='ltr'><strong>quibus</strong></span> <span class='ocrx_word' id='word_1_114' title='bbox 462 2105 606 2204; x_wconf 85' lang='lat' dir='ltr'><strong>agitatio</strong></span> <span class='ocrx_word' id='word_1_115' title='bbox 624 2103 782 2179; x_wconf 87' lang='lat' dir='ltr'><strong>militaris</strong></span> <span class='ocrx_word' id='word_1_116' title='bbox 795 2105 1000 2182; x_wconf 81' lang='lat' dir='ltr'><strong>familiarior</strong></span> <span class='ocrx_word' id='word_1_117' title='bbox 1014 2125 1099 2202; x_wconf 91' lang='lat' dir='ltr'><strong>erat,</strong></span> <span class='ocrx_word' id='word_1_118' title='bbox 1120 2114 1273 2206; x_wconf 86' lang='lat' dir='ltr'><strong>equestri</strong></span> <span class='ocrx_word' id='word_1_119' title='bbox 1291 2109 1534 2182; x_wconf 79' lang='lat' dir='ltr'><strong>exercitatione</strong></span> <span class='ocrx_word' id='word_1_120' title='bbox 1552 2105 1617 2194; x_wconf 85' lang='lat' dir='ltr'><strong>usi,</strong></span> 
     </span>
     <span class='ocr_line' id='line_1_16' title="bbox 310 2225 1616 2330; baseline -0.003 -28"><span class='ocrx_word' id='word_1_121' title='bbox 310 2227 439 2302; x_wconf 87' lang='lat' dir='ltr'><strong>crebro</strong></span> <span class='ocrx_word' id='word_1_122' title='bbox 453 2253 632 2325; x_wconf 90' lang='lat' dir='ltr'><strong>equorum</strong></span> <span class='ocrx_word' id='word_1_123' title='bbox 652 2231 786 2327; x_wconf 90' lang='lat' dir='ltr'><strong>rejectu</strong></span> <span class='ocrx_word' id='word_1_124' title='bbox 807 2227 998 2303; x_wconf 85' lang='lat' dir='ltr'><strong>victoribus</strong></span> <span class='ocrx_word' id='word_1_125' title='bbox 1013 2229 1244 2318; x_wconf 87' lang='lat' dir='ltr'><strong>insultabant,</strong></span> <span class='ocrx_word' id='word_1_126' title='bbox 1270 2232 1316 2302; x_wconf 88' lang='lat' dir='ltr'><strong>ita</strong></span> <span class='ocrx_word' id='word_1_127' title='bbox 1340 2227 1465 2330; x_wconf 81' lang='lat' dir='ltr'><strong>suga&#39;m</strong></span> <span class='ocrx_word' id='word_1_128' title='bbox 1483 2225 1616 2301; x_wconf 90' lang='lat' dir='ltr'><strong>mode-</strong></span> 
     </span>
    </p>
   </div>
   <div class='ocr_carea' id='block_1_3' title="bbox 194 2350 1616 2451">
    <p class='ocr_par' dir='ltr' id='par_1_3' title="bbox 194 2350 1616 2451">
     <span class='ocr_line' id='line_1_17' title="bbox 194 2350 1616 2451; baseline -0.005 -25"><span class='ocrx_word' id='word_1_129' title='bbox 194 2433 197 2438; x_wconf 52' lang='lat'><strong>,</strong></span> <span class='ocrx_word' id='word_1_130' title='bbox 309 2369 444 2441; x_wconf 74' lang='lat' dir='ltr'><strong>rantes,</strong></span> <span class='ocrx_word' id='word_1_131' title='bbox 469 2366 509 2422; x_wconf 87' lang='lat' dir='ltr'><strong>ut</strong></span> <span class='ocrx_word' id='word_1_132' title='bbox 533 2375 613 2422; x_wconf 89' lang='lat' dir='ltr'><strong>eam</strong></span> <span class='ocrx_word' id='word_1_133' title='bbox 636 2375 709 2423; x_wconf 91' lang='lat' dir='ltr'><strong>nou</strong></span> <span class='ocrx_word' id='word_1_134' title='bbox 736 2353 810 2424; x_wconf 88' lang='lat' dir='ltr'><strong>sine</strong></span> <span class='ocrx_word' id='word_1_135' title='bbox 832 2350 957 2424; x_wconf 90' lang='lat' dir='ltr'><strong>ordine</strong></span> <span class='ocrx_word' id='word_1_136' title='bbox 982 2369 1016 2424; x_wconf 91' lang='lat' dir='ltr'><strong>et</strong></span> <span class='ocrx_word' id='word_1_137' title='bbox 1036 2353 1203 2450; x_wconf 84' lang='lat' dir='ltr'><strong>regimine</strong></span> <span class='ocrx_word' id='word_1_138' title='bbox 1226 2351 1378 2451; x_wconf 83' lang='lat' dir='ltr'><strong>dirigere</strong></span> <span class='ocrx_word' id='word_1_139' title='bbox 1402 2351 1616 2428; x_wconf 85' lang='lat' dir='ltr'><strong>viderentur.</strong></span> 
     </span>
    </p>
   </div>
   <div class='ocr_carea' id='block_1_4' title="bbox 308 2471 1613 3432">
    <p class='ocr_par' dir='ltr' id='par_1_4' title="bbox 308 2471 1613 3432">
     <span class='ocr_line' id='line_1_18' title="bbox 309 2471 1613 2576; baseline -0.003 -28"><span class='ocrx_word' id='word_1_140' title='bbox 309 2475 568 2548; x_wconf 85' lang='lat' dir='ltr'><strong>Promtissimus</strong></span> <span class='ocrx_word' id='word_1_141' title='bbox 583 2471 716 2546; x_wconf 90' lang='lat' dir='ltr'><strong>horum</strong></span> <span class='ocrx_word' id='word_1_142' title='bbox 738 2473 914 2547; x_wconf 89' lang='lat' dir='ltr'><strong>Folradns</strong></span> <span class='ocrx_word' id='word_1_143' title='bbox 940 2499 984 2546; x_wconf 89' lang='lat' dir='ltr'><strong>eo</strong></span> <span class='ocrx_word' id='word_1_144' title='bbox 1009 2473 1134 2573; x_wconf 85' lang='lat' dir='ltr'><strong>praelio</strong></span> <span class='ocrx_word' id='word_1_145' title='bbox 1155 2473 1265 2564; x_wconf 89' lang='lat' dir='ltr'><strong>cadit,</strong></span> <span class='ocrx_word' id='word_1_146' title='bbox 1289 2503 1408 2576; x_wconf 90' lang='lat' dir='ltr'><strong>neque</strong></span> <span class='ocrx_word' id='word_1_147' title='bbox 1431 2491 1613 2573; x_wconf 86' lang='lat' dir='ltr'><strong>captorem</strong></span> 
     </span>
     <span class='ocr_line' id='line_1_19' title="bbox 309 2596 1610 2697; baseline 0.001 -26"><span class='ocrx_word' id='word_1_148' title='bbox 309 2597 466 2696; x_wconf 87' lang='lat' dir='ltr'><strong>reperire</strong></span> <span class='ocrx_word' id='word_1_149' title='bbox 483 2599 603 2694; x_wconf 83' lang='lat' dir='ltr'><strong>quirit,</strong></span> <span class='ocrx_word' id='word_1_150' title='bbox 629 2621 837 2695; x_wconf 90' lang='lat' dir='ltr'><strong>quanquam</strong></span> <span class='ocrx_word' id='word_1_151' title='bbox 855 2596 1007 2670; x_wconf 92' lang='lat' dir='ltr'><strong>obrutus</strong></span> <span class='ocrx_word' id='word_1_152' title='bbox 1024 2598 1149 2696; x_wconf 88' lang='lat' dir='ltr'><strong>prendi</strong></span> <span class='ocrx_word' id='word_1_153' title='bbox 1165 2623 1204 2672; x_wconf 91' lang='lat' dir='ltr'><strong>se</strong></span> <span class='ocrx_word' id='word_1_154' title='bbox 1224 2599 1422 2697; x_wconf 90' lang='lat' dir='ltr'><strong>plurimum</strong></span> <span class='ocrx_word' id='word_1_155' title='bbox 1434 2621 1610 2697; x_wconf 79' lang='lat' dir='ltr'><strong>precare·</strong></span> 
     </span>
     <span class='ocr_line' id='line_1_20' title="bbox 309 2717 1611 2819; baseline -0.006 -22"><span class='ocrx_word' id='word_1_156' title='bbox 309 2738 378 2797; x_wconf 89' lang='lat' dir='ltr'><strong>tur.</strong></span> <span class='ocrx_word' id='word_1_157' title='bbox 432 2725 554 2792; x_wconf 82' lang='lat' dir='ltr'><strong>Caeteri</strong></span> <span class='ocrx_word' id='word_1_158' title='bbox 569 2717 721 2792; x_wconf 89' lang='lat' dir='ltr'><strong>interdiu</strong></span> <span class='ocrx_word' id='word_1_159' title='bbox 737 2718 829 2792; x_wconf 87' lang='lat' dir='ltr'><strong>male</strong></span> <span class='ocrx_word' id='word_1_160' title='bbox 841 2719 1027 2819; x_wconf 81' lang='lat' dir='ltr'><strong>fugientes,</strong></span> <span class='ocrx_word' id='word_1_161' title='bbox 1040 2720 1178 2819; x_wconf 89' lang='lat' dir='ltr'><strong>oppido</strong></span> <span class='ocrx_word' id='word_1_162' title='bbox 1192 2741 1301 2796; x_wconf 92' lang='lat' dir='ltr'><strong>noctu</strong></span> <span class='ocrx_word' id='word_1_163' title='bbox 1318 2737 1533 2811; x_wconf 87' lang='lat' dir='ltr'><strong>manserunt,</strong></span> <span class='ocrx_word' id='word_1_164' title='bbox 1553 2719 1611 2792; x_wconf 90' lang='lat' dir='ltr'><strong>nbi</strong></span> 
     </span>
     <span class='ocr_line' id='line_1_21' title="bbox 309 2840 1611 2942; baseline -0.004 -25"><span class='ocrx_word' id='word_1_165' title='bbox 309 2845 445 2942; x_wconf 84' lang='lat' dir='ltr'><strong>alugae</strong></span> <span class='ocrx_word' id='word_1_166' title='bbox 467 2840 759 2940; x_wconf 89' lang='lat' dir='ltr'><strong>persecutoribus</strong></span> <span class='ocrx_word' id='word_1_167' title='bbox 774 2845 977 2942; x_wconf 90' lang='lat' dir='ltr'><strong>intercepti,</strong></span> <span class='ocrx_word' id='word_1_168' title='bbox 1009 2843 1163 2942; x_wconf 90' lang='lat' dir='ltr'><strong>hospitio</strong></span> <span class='ocrx_word' id='word_1_169' title='bbox 1187 2863 1368 2933; x_wconf 82' lang='lat' dir='ltr'><strong>necantur,</strong></span> <span class='ocrx_word' id='word_1_170' title='bbox 1429 2841 1611 2916; x_wconf 82' lang='lat' dir='ltr'><strong>Condixe-</strong></span> 
     </span>
     <span class='ocr_line' id='line_1_22' title="bbox 308 2965 1612 3062; baseline -0.002 -25"><span class='ocrx_word' id='word_1_171' title='bbox 308 2981 387 3038; x_wconf 87' lang='lat' dir='ltr'><strong>rant</strong></span> <span class='ocrx_word' id='word_1_172' title='bbox 403 2967 496 3036; x_wconf 91' lang='lat' dir='ltr'><strong>enirn</strong></span> <span class='ocrx_word' id='word_1_173' title='bbox 512 2967 661 3038; x_wconf 84' lang='lat' dir='ltr'><strong>victores</strong></span> <span class='ocrx_word' id='word_1_174' title='bbox 679 2965 808 3036; x_wconf 90' lang='lat' dir='ltr'><strong>nemini</strong></span> <span class='ocrx_word' id='word_1_175' title='bbox 824 2988 971 3062; x_wconf 87' lang='lat' dir='ltr'><strong>parcere</strong></span> <span class='ocrx_word' id='word_1_176' title='bbox 988 2965 1219 3062; x_wconf 84' lang='lat' dir='ltr'><strong>devictorum,</strong></span> <span class='ocrx_word' id='word_1_177' title='bbox 1237 2985 1309 3042; x_wconf 92' lang='lat' dir='ltr'><strong>tum</strong></span> <span class='ocrx_word' id='word_1_178' title='bbox 1320 2971 1499 3042; x_wconf 64' lang='lat' dir='ltr'><strong>&amp;nouum</strong></span> <span class='ocrx_word' id='word_1_179' title='bbox 1516 2965 1612 3053; x_wconf 90' lang='lat' dir='ltr'><strong>odio,</strong></span> 
     </span>
     <span class='ocr_line' id='line_1_23' title="bbox 308 3083 1608 3188; baseline -0.002 -26"><span class='ocrx_word' id='word_1_180' title='bbox 308 3103 384 3162; x_wconf 88' lang='lat' dir='ltr'><strong>tum</strong></span> <span class='ocrx_word' id='word_1_181' title='bbox 402 3089 486 3186; x_wconf 88' lang='lat' dir='ltr'><strong>quia</strong></span> <span class='ocrx_word' id='word_1_182' title='bbox 504 3091 667 3185; x_wconf 80' lang='lat' dir='ltr'><strong>proximo</strong></span> <span class='ocrx_word' id='word_1_183' title='bbox 684 3083 783 3160; x_wconf 88' lang='lat' dir='ltr'><strong>bello</strong></span> <span class='ocrx_word' id='word_1_184' title='bbox 802 3104 924 3186; x_wconf 88' lang='lat' dir='ltr'><strong>captos</strong></span> <span class='ocrx_word' id='word_1_185' title='bbox 942 3106 977 3161; x_wconf 90' lang='lat' dir='ltr'><strong>et</strong></span> <span class='ocrx_word' id='word_1_186' title='bbox 995 3115 1015 3160; x_wconf 89' lang='lat' dir='ltr'><strong>a</strong></span> <span class='ocrx_word' id='word_1_187' title='bbox 1030 3113 1069 3162; x_wconf 86' lang='lat' dir='ltr'><strong>se</strong></span> <span class='ocrx_word' id='word_1_188' title='bbox 1084 3089 1281 3164; x_wconf 89' lang='lat' dir='ltr'><strong>redimendi</strong></span> <span class='ocrx_word' id='word_1_189' title='bbox 1298 3107 1472 3188; x_wconf 84' lang='lat' dir='ltr'><strong>potestate</strong></span> <span class='ocrx_word' id='word_1_190' title='bbox 1488 3089 1608 3162; x_wconf 87' lang='lat' dir='ltr'><strong>dona-</strong></span> 
     </span>
     <span class='ocr_line' id='line_1_24' title="bbox 308 3207 1608 3312; baseline -0.004 -26"><span class='ocrx_word' id='word_1_191' title='bbox 308 3230 364 3286; x_wconf 90' lang='lat' dir='ltr'><strong>tos</strong></span> <span class='ocrx_word' id='word_1_192' title='bbox 389 3209 509 3282; x_wconf 90' lang='lat' dir='ltr'><strong>denuo</strong></span> <span class='ocrx_word' id='word_1_193' title='bbox 522 3207 641 3282; x_wconf 88' lang='lat' dir='ltr'><strong>hostes</strong></span> <span class='ocrx_word' id='word_1_194' title='bbox 667 3211 800 3308; x_wconf 86' lang='lat' dir='ltr'><strong>experti</strong></span> <span class='ocrx_word' id='word_1_195' title='bbox 818 3210 976 3284; x_wconf 87' lang='lat' dir='ltr'><strong>fuissent.</strong></span> <span class='ocrx_word' id='word_1_196' title='bbox 1028 3215 1166 3286; x_wconf 91' lang='lat' dir='ltr'><strong>Canuto</strong></span> <span class='ocrx_word' id='word_1_197' title='bbox 1183 3217 1331 3286; x_wconf 84' lang='lat' dir='ltr'><strong>Saronia</strong></span> <span class='ocrx_word' id='word_1_198' title='bbox 1353 3214 1493 3312; x_wconf 81' lang='lat' dir='ltr'><strong>refugio</strong></span> <span class='ocrx_word' id='word_1_199' title='bbox 1512 3213 1608 3286; x_wconf 70' lang='lat' dir='ltr'><strong>tute.</strong></span> 
     </span>
     <span class='ocr_line' id='line_1_25' title="bbox 308 3332 1610 3432; baseline -0.002 -26"><span class='ocrx_word' id='word_1_200' title='bbox 308 3337 365 3408; x_wconf 89' lang='lat' dir='ltr'><strong>De</strong></span> <span class='ocrx_word' id='word_1_201' title='bbox 382 3334 487 3432; x_wconf 87' lang='lat' dir='ltr'><strong>cnjus</strong></span> <span class='ocrx_word' id='word_1_202' title='bbox 506 3332 592 3432; x_wconf 78' lang='lat' dir='ltr'><strong>fuga</strong></span> <span class='ocrx_word' id='word_1_203' title='bbox 609 3332 797 3431; x_wconf 85' lang='lat' dir='ltr'><strong>Ripenses,</strong></span> <span class='ocrx_word' id='word_1_204' title='bbox 822 3337 872 3404; x_wconf 87' lang='lat' dir='ltr'><strong>uti</strong></span> <span class='ocrx_word' id='word_1_205' title='bbox 893 3349 969 3408; x_wconf 84' lang='lat' dir='ltr'><strong>acta</strong></span> <span class='ocrx_word' id='word_1_206' title='bbox 984 3353 1070 3426; x_wconf 87' lang='lat' dir='ltr'><strong>erat,</strong></span> <span class='ocrx_word' id='word_1_207' title='bbox 1095 3337 1144 3410; x_wconf 88' lang='lat' dir='ltr'><strong>ab</strong></span> <span class='ocrx_word' id='word_1_208' title='bbox 1170 3336 1460 3411; x_wconf 88' lang='lat' dir='ltr'><strong>intermeantibus</strong></span> <span class='ocrx_word' id='word_1_209' title='bbox 1485 3335 1610 3422; x_wconf 90' lang='lat' dir='ltr'><strong>edocti,</strong></span> 
     </span>
    </p>
   </div>
   <div class='ocr_carea' id='block_1_5' title="bbox 249 3599 1613 4967">
    <p class='ocr_par' dir='ltr' id='par_1_5' title="bbox 249 3599 1613 4967">
     <span class='ocr_line' id='line_1_26' title="bbox 308 3599 1607 3696; baseline -0.001 -27"><span class='ocrx_word' id='word_1_210' title='bbox 308 3607 463 3690; x_wconf 80' lang='lat' dir='ltr'><strong>llngortttu</strong></span> <span class='ocrx_word' id='word_1_211' title='bbox 477 3623 509 3689; x_wconf 89' lang='lat' dir='ltr'><strong>p.</strong></span> <span class='ocrx_word' id='word_1_212' title='bbox 523 3599 596 3681; x_wconf 80' lang='grc'><strong>334,</strong></span> <span class='ocrx_word' id='word_1_213' title='bbox 617 3601 738 3682; x_wconf 83' lang='lat' dir='ltr'><strong>eadem,</strong></span> <span class='ocrx_word' id='word_1_214' title='bbox 758 3602 811 3667; x_wconf 85' lang='lat' dir='ltr'><strong>sed</strong></span> <span class='ocrx_word' id='word_1_215' title='bbox 827 3604 928 3668; x_wconf 81' lang='lat' dir='ltr'><strong>brevi·</strong></span> <span class='ocrx_word' id='word_1_216' title='bbox 985 3615 1124 3672; x_wconf 85' lang='lat' dir='ltr'><strong>mt&#39;sernnt</strong></span> <span class='ocrx_word' id='word_1_217' title='bbox 1145 3634 1226 3694; x_wconf 76' lang='lat' dir='ltr'><strong>reges</strong></span> <span class='ocrx_word' id='word_1_218' title='bbox 1240 3611 1372 3696; x_wconf 71' lang='lat' dir='ltr'><strong>praelium</strong></span> <span class='ocrx_word' id='word_1_219' title='bbox 1396 3627 1425 3672; x_wconf 87' lang='lat' dir='ltr'><strong>et</strong></span> <span class='ocrx_word' id='word_1_220' title='bbox 1434 3605 1519 3694; x_wconf 78' lang='lat' dir='ltr'><strong>fasce</strong></span> <span class='ocrx_word' id='word_1_221' title='bbox 1541 3624 1607 3670; x_wconf 85' lang='lat' dir='ltr'><strong>snat</strong></span> 
     </span>
     <span class='ocr_line' id='line_1_27' title="bbox 249 3709 1608 3803; baseline -0.008 -19"><span class='ocrx_word' id='word_1_222' title='bbox 249 3771 253 3784; x_wconf 91' lang='lat'>.</span> <span class='ocrx_word' id='word_1_223' title='bbox 307 3733 342 3775; x_wconf 75' lang='lat'><strong>1¹³</strong></span> <span class='ocrx_word' id='word_1_224' title='bbox 356 3709 502 3775; x_wconf 63' lang='lat' dir='ltr'><strong>referens·</strong></span> <span class='ocrx_word' id='word_1_225' title='bbox 987 3721 1077 3803; x_wconf 76' lang='lat' dir='ltr'><strong>topice</strong></span> <span class='ocrx_word' id='word_1_226' title='bbox 1102 3718 1250 3779; x_wconf 77' lang='lat' dir='ltr'><strong>Saxonum</strong></span> <span class='ocrx_word' id='word_1_227' title='bbox 1272 3729 1301 3777; x_wconf 83' lang='lat' dir='ltr'><strong>et</strong></span> <span class='ocrx_word' id='word_1_228' title='bbox 1325 3715 1368 3777; x_wconf 79' lang='lat' dir='ltr'><strong>od</strong></span> <span class='ocrx_word' id='word_1_229' title='bbox 1389 3717 1608 3776; x_wconf 78' lang='lat' dir='ltr'><strong>internecionem</strong></span> 
     </span>
     <span class='ocr_line' id='line_1_28' title="bbox 430 3803 1609 3902; baseline -0.012 -9"><span class='ocrx_word' id='word_1_230' title='bbox 430 3803 438 3818; x_wconf 46' lang='lat'><strong>¹</strong></span> <span class='ocrx_word' id='word_1_231' title='bbox 987 3828 1095 3887; x_wconf 76' lang='lat' dir='ltr'><strong>deleta.</strong></span> <span class='ocrx_word' id='word_1_232' title='bbox 1136 3821 1241 3884; x_wconf 77' lang='lat' dir='ltr'><strong>Multas</strong></span> <span class='ocrx_word' id='word_1_233' title='bbox 1255 3841 1304 3884; x_wconf 87' lang='lat' dir='ltr'><strong>res</strong></span> <span class='ocrx_word' id='word_1_234' title='bbox 1328 3820 1435 3884; x_wconf 87' lang='lat' dir='ltr'><strong>eodem</strong></span> <span class='ocrx_word' id='word_1_235' title='bbox 1458 3841 1538 3882; x_wconf 86' lang='lat' dir='ltr'><strong>anno</strong></span> <span class='ocrx_word' id='word_1_236' title='bbox 1557 3837 1609 3902; x_wconf 74' lang='lat' dir='ltr'><strong>ge-</strong></span> 
     </span>
     <span class='ocr_line' id='line_1_29' title="bbox 358 3921 1605 4010; baseline -0.005 -20"><span class='ocrx_word' id='word_1_237' title='bbox 358 3927 503 3992; x_wconf 85' lang='lat' dir='ltr'><strong>¹Canuto</strong></span> <span class='ocrx_word' id='word_1_238' title='bbox 532 3927 664 3988; x_wconf 74' lang='lat' dir='ltr'><strong>Serennia</strong></span> <span class='ocrx_word' id='word_1_239' title='bbox 703 3924 818 4006; x_wconf 78' lang='lat' dir='ltr'><strong>refugio</strong></span> <span class='ocrx_word' id='word_1_240' title='bbox 845 3921 927 4008; x_wconf 82' lang='lat' dir='ltr'><strong>snit]</strong></span> <span class='ocrx_word' id='word_1_241' title='bbox 986 3944 1042 3994; x_wconf 76' lang='lat' dir='ltr'><strong>stae</strong></span> <span class='ocrx_word' id='word_1_242' title='bbox 1071 3926 1173 4006; x_wconf 86' lang='lat' dir='ltr'><strong>fuere;</strong></span> <span class='ocrx_word' id='word_1_243' title='bbox 1207 3949 1276 3990; x_wconf 86' lang='lat' dir='ltr'><strong>nam</strong></span> <span class='ocrx_word' id='word_1_244' title='bbox 1298 3947 1401 3993; x_wconf 83' lang='lat' dir='ltr'><strong>mense</strong></span> <span class='ocrx_word' id='word_1_245' title='bbox 1427 3925 1512 4010; x_wconf 78' lang='lat' dir='ltr'><strong>blojo</strong></span> <span class='ocrx_word' id='word_1_246' title='bbox 1536 3923 1605 3986; x_wconf 84' lang='lat' dir='ltr'><strong>anni</strong></span> 
     </span>
     <span class='ocr_line' id='line_1_30' title="bbox 305 4027 1607 4119; baseline -0.001 -24"><span class='ocrx_word' id='word_1_247' title='bbox 305 4029 485 4096; x_wconf 83' lang='lat' dir='ltr'><strong>Helrnoldus</strong></span> <span class='ocrx_word' id='word_1_248' title='bbox 501 4030 536 4109; x_wconf 90' lang='lat' dir='ltr'><strong>(l.</strong></span> <span class='ocrx_word' id='word_1_249' title='bbox 550 4049 649 4115; x_wconf 79' lang='lat' dir='ltr'><strong>ocap.</strong></span> <span class='ocrx_word' id='word_1_250' title='bbox 661 4027 713 4108; x_wconf 81' lang='lat'><strong>70)</strong></span> <span class='ocrx_word' id='word_1_251' title='bbox 729 4029 796 4093; x_wconf 83' lang='lat' dir='ltr'><strong>baec</strong></span> <span class='ocrx_word' id='word_1_252' title='bbox 804 4029 927 4091; x_wconf 85' lang='lat' dir='ltr'><strong>scribit:</strong></span> <span class='ocrx_word' id='word_1_253' title='bbox 989 4033 1066 4098; x_wconf 83' lang='lat'>1151</span> <span class='ocrx_word' id='word_1_254' title='bbox 1081 4046 1248 4119; x_wconf 78' lang='lat' dir='ltr'><strong>pugnatum</strong></span> <span class='ocrx_word' id='word_1_255' title='bbox 1265 4046 1310 4096; x_wconf 87' lang='lat' dir='ltr'><strong>est</strong></span> <span class='ocrx_word' id='word_1_256' title='bbox 1321 4035 1454 4119; x_wconf 88' lang='lat' dir='ltr'><strong>primurn</strong></span> <span class='ocrx_word' id='word_1_257' title='bbox 1468 4030 1607 4118; x_wconf 76' lang='lat' dir='ltr'><strong>praelium</strong></span> 
     </span>
     <span class='ocr_line' id='line_1_31' title="bbox 304 4135 1605 4226; baseline -0.003 -26"><span class='ocrx_word' id='word_1_258' title='bbox 304 4141 452 4212; x_wconf 79' lang='lat' dir='ltr'><strong>Kanutns,</strong></span> <span class='ocrx_word' id='word_1_259' title='bbox 475 4135 681 4224; x_wconf 73' lang='lat' dir='ltr'><strong>qut&#39;profugus</strong></span> <span class='ocrx_word' id='word_1_260' title='bbox 697 4137 833 4198; x_wconf 75' lang='lat' dir='ltr'><strong>exulabat</strong></span> <span class='ocrx_word' id='word_1_261' title='bbox 847 4137 930 4222; x_wconf 83' lang='lat' dir='ltr'><strong>opud</strong></span> <span class='ocrx_word' id='word_1_262' title='bbox 986 4142 1201 4226; x_wconf 81' lang='lat' dir='ltr'><strong>Wibergense,</strong></span> <span class='ocrx_word' id='word_1_263' title='bbox 1221 4140 1370 4202; x_wconf 85' lang='lat' dir='ltr'><strong>mensibus</strong></span> <span class='ocrx_word' id='word_1_264' title='bbox 1392 4139 1500 4219; x_wconf 85' lang='lat' dir='ltr'><strong>Junl0,</strong></span> <span class='ocrx_word' id='word_1_265' title='bbox 1524 4135 1605 4202; x_wconf 88' lang='lat' dir='ltr'><strong>Julio</strong></span> 
     </span>
     <span class='ocr_line' id='line_1_32' title="bbox 305 4239 1606 4332; baseline -0.006 -22"><span class='ocrx_word' id='word_1_266' title='bbox 305 4245 546 4330; x_wconf 64' lang='lat' dir='ltr'><strong>arelieptltcopum</strong></span> <span class='ocrx_word' id='word_1_267' title='bbox 563 4239 779 4324; x_wconf 55' lang='lat' dir='ltr'><strong>(liviticum),</strong></span> <span class='ocrx_word' id='word_1_268' title='bbox 801 4247 926 4324; x_wconf 63' lang='lat' dir='ltr'><strong>corfinio</strong></span> <span class='ocrx_word' id='word_1_269' title='bbox 986 4261 1017 4312; x_wconf 84' lang='lat' dir='ltr'><strong>et</strong></span> <span class='ocrx_word' id='word_1_270' title='bbox 1031 4250 1169 4332; x_wconf 78' lang='lat' dir='ltr'><strong>Augusto</strong></span> <span class='ocrx_word' id='word_1_271' title='bbox 1186 4249 1317 4310; x_wconf 80' lang='lat' dir='ltr'><strong>Canutut</strong></span> <span class='ocrx_word' id='word_1_272' title='bbox 1333 4247 1400 4311; x_wconf 84' lang='lat' dir='ltr'><strong>exul</strong></span> <span class='ocrx_word' id='word_1_273' title='bbox 1419 4241 1487 4306; x_wconf 83' lang='lat' dir='ltr'><strong>fuit.</strong></span> <span class='ocrx_word' id='word_1_274' title='bbox 1504 4249 1606 4308; x_wconf 83' lang='lat' dir='ltr'><strong>Mense</strong></span> 
     </span>
     <span class='ocr_line' id='line_1_33' title="bbox 305 4349 1608 4439; baseline 0 -29"><span class='ocrx_word' id='word_1_275' title='bbox 305 4349 341 4410; x_wconf 84' lang='lat' dir='ltr'><strong>de</strong></span> <span class='ocrx_word' id='word_1_276' title='bbox 363 4349 493 4411; x_wconf 72' lang='lat' dir='ltr'><strong>Saxonis</strong></span> <span class='ocrx_word' id='word_1_277' title='bbox 517 4352 694 4412; x_wconf 82' lang='lat' dir='ltr'><strong>cortdnctitr&#39;o</strong></span> <span class='ocrx_word' id='word_1_278' title='bbox 716 4354 856 4420; x_wconf 78' lang='lat' dir='ltr'><strong>exercitu,</strong></span> <span class='ocrx_word' id='word_1_279' title='bbox 882 4372 926 4409; x_wconf 85' lang='lat' dir='ltr'><strong>re·</strong></span> <span class='ocrx_word' id='word_1_280' title='bbox 985 4353 1158 4439; x_wconf 82' lang='lat' dir='ltr'><strong>Septembri</strong></span> <span class='ocrx_word' id='word_1_281' title='bbox 1172 4353 1301 4417; x_wconf 86' lang='lat' dir='ltr'><strong>alterum</strong></span> <span class='ocrx_word' id='word_1_282' title='bbox 1314 4351 1451 4414; x_wconf 86' lang='lat' dir='ltr'><strong>habitum</strong></span> <span class='ocrx_word' id='word_1_283' title='bbox 1469 4359 1515 4413; x_wconf 85' lang='lat' dir='ltr'><strong>est</strong></span> <span class='ocrx_word' id='word_1_284' title='bbox 1530 4369 1608 4434; x_wconf 75' lang='lat' dir='ltr'><strong>prae·</strong></span> 
     </span>
     <span class='ocr_line' id='line_1_34' title="bbox 303 4453 1607 4544; baseline 0.001 -28"><span class='ocrx_word' id='word_1_285' title='bbox 303 4458 499 4516; x_wconf 80' lang='lat' dir='ltr'><strong>aersnsestin</strong></span> <span class='ocrx_word' id='word_1_286' title='bbox 517 4459 653 4518; x_wconf 82' lang='lat' dir='ltr'><strong>Daninm.</strong></span> <span class='ocrx_word' id='word_1_287' title='bbox 688 4459 729 4517; x_wconf 85' lang='lat' dir='ltr'><strong>Et</strong></span> <span class='ocrx_word' id='word_1_288' title='bbox 746 4455 924 4516; x_wconf 63' lang='lat' dir='ltr'><strong>adelaisam</strong></span> <span class='ocrx_word' id='word_1_289' title='bbox 981 4460 1056 4522; x_wconf 85' lang='lat' dir='ltr'><strong>lium</strong></span> <span class='ocrx_word' id='word_1_290' title='bbox 1073 4461 1288 4544; x_wconf 81' lang='lat' dir='ltr'><strong>Wibergense.</strong></span> <span class='ocrx_word' id='word_1_291' title='bbox 1353 4463 1454 4522; x_wconf 81' lang='lat' dir='ltr'><strong>Mense</strong></span> <span class='ocrx_word' id='word_1_292' title='bbox 1474 4453 1607 4520; x_wconf 79' lang='lat' dir='ltr'><strong>Octobri</strong></span> 
     </span>
     <span class='ocr_line' id='line_1_35' title="bbox 302 4563 1607 4651; baseline -0.004 -24"><span class='ocrx_word' id='word_1_293' title='bbox 302 4565 333 4624; x_wconf 84' lang='lat' dir='ltr'><strong>ei</strong></span> <span class='ocrx_word' id='word_1_294' title='bbox 352 4581 447 4622; x_wconf 71' lang='lat' dir='ltr'><strong>omme</strong></span> <span class='ocrx_word' id='word_1_295' title='bbox 467 4585 570 4646; x_wconf 80' lang='lat' dir='ltr'><strong>pene,</strong></span> <span class='ocrx_word' id='word_1_296' title='bbox 597 4569 649 4648; x_wconf 83' lang='lat' dir='ltr'><strong>qut</strong></span> <span class='ocrx_word' id='word_1_297' title='bbox 664 4563 834 4626; x_wconf 75' lang='lat' dir='ltr'><strong>babitabant</strong></span> <span class='ocrx_word' id='word_1_298' title='bbox 856 4565 925 4624; x_wconf 83' lang='lat' dir='ltr'><strong>Jnt·</strong></span> <span class='ocrx_word' id='word_1_299' title='bbox 982 4567 1138 4651; x_wconf 87' lang='lat' dir='ltr'><strong>inceperat</strong></span> <span class='ocrx_word' id='word_1_300' title='bbox 1152 4564 1253 4629; x_wconf 85' lang='lat' dir='ltr'><strong>Sveno</strong></span> <span class='ocrx_word' id='word_1_301' title='bbox 1272 4565 1342 4628; x_wconf 86' lang='lat' dir='ltr'><strong>bina</strong></span> <span class='ocrx_word' id='word_1_302' title='bbox 1359 4565 1477 4627; x_wconf 79' lang='lat' dir='ltr'><strong>martire</strong></span> <span class='ocrx_word' id='word_1_303' title='bbox 1497 4575 1607 4633; x_wconf 77' lang='lat' dir='ltr'><strong>caena,</strong></span> 
     </span>
     <span class='ocr_line' id='line_1_36' title="bbox 303 4667 1609 4741; baseline -0.003 -9"><span class='ocrx_word' id='word_1_304' title='bbox 303 4667 418 4732; x_wconf 78' lang='lat' dir='ltr'><strong>Iandt&#39;oe.</strong></span> <span class='ocrx_word' id='word_1_305' title='bbox 461 4670 527 4730; x_wconf 85' lang='lat' dir='ltr'><strong>Hoc</strong></span> <span class='ocrx_word' id='word_1_306' title='bbox 540 4671 655 4741; x_wconf 83' lang='lat' dir='ltr'><strong>ondt&#39;to,</strong></span> <span class='ocrx_word' id='word_1_307' title='bbox 675 4671 761 4732; x_wconf 83' lang='lat' dir='ltr'><strong>Svet&#39;n</strong></span> <span class='ocrx_word' id='word_1_308' title='bbox 774 4673 923 4731; x_wconf 71' lang='lat' dir='ltr'><strong>contraxit</strong></span> <span class='ocrx_word' id='word_1_309' title='bbox 982 4671 1035 4736; x_wconf 81' lang='lat' dir='ltr'><strong>sed</strong></span> <span class='ocrx_word' id='word_1_310' title='bbox 1051 4691 1153 4734; x_wconf 78' lang='lat' dir='ltr'><strong>mense</strong></span> <span class='ocrx_word' id='word_1_311' title='bbox 1166 4671 1331 4734; x_wconf 79' lang='lat' dir='ltr'><strong>Novembri</strong></span> <span class='ocrx_word' id='word_1_312' title='bbox 1339 4669 1609 4734; x_wconf 76' lang='lat' dir='ltr'><strong>Frislamintratlt</strong></span> 
     </span>
     <span class='ocr_line' id='line_1_37' title="bbox 303 4771 1613 4860; baseline -0.003 -22"><span class='ocrx_word' id='word_1_313' title='bbox 303 4777 466 4838; x_wconf 71' lang='lat' dir='ltr'><strong>martirinas</strong></span> <span class='ocrx_word' id='word_1_314' title='bbox 480 4776 592 4860; x_wconf 80' lang='lat' dir='ltr'><strong>copias,</strong></span> <span class='ocrx_word' id='word_1_315' title='bbox 602 4779 825 4858; x_wconf 80' lang='lat' dir='ltr'><strong>trnrtsmt&#39;ssoque</strong></span> <span class='ocrx_word' id='word_1_316' title='bbox 836 4779 924 4846; x_wconf 84' lang='lat' dir='ltr'><strong>marr&#39;,</strong></span> <span class='ocrx_word' id='word_1_317' title='bbox 982 4780 1125 4842; x_wconf 61' lang='lat' dir='ltr'><strong>Cannium</strong></span> <span class='ocrx_word' id='word_1_318' title='bbox 1181 4775 1283 4854; x_wconf 76' lang='lat' dir='ltr'><strong>(Cnl’r.</strong></span> <span class='ocrx_word' id='word_1_319' title='bbox 1309 4777 1405 4840; x_wconf 82' lang='lat' dir='ltr'><strong>Sathro</strong></span> <span class='ocrx_word' id='word_1_320' title='bbox 1432 4776 1548 4840; x_wconf 77' lang='lat' dir='ltr'><strong>Histor-</strong></span> <span class='ocrx_word' id='word_1_321' title='bbox 1571 4771 1613 4836; x_wconf 76' lang='lat' dir='ltr'><strong>tf</strong></span> 
     </span>
     <span class='ocr_line' id='line_1_38' title="bbox 301 4877 1324 4967; baseline -0.003 -20"><span class='ocrx_word' id='word_1_322' title='bbox 301 4886 380 4947; x_wconf 75' lang='lat' dir='ltr'><strong>tnnt&#39;t</strong></span> <span class='ocrx_word' id='word_1_323' title='bbox 393 4883 437 4945; x_wconf 78' lang='lat' dir='ltr'><strong>ad</strong></span> <span class='ocrx_word' id='word_1_324' title='bbox 454 4885 601 4944; x_wconf 68' lang='lat' dir='ltr'><strong>enatarem</strong></span> <span class='ocrx_word' id='word_1_325' title='bbox 618 4883 666 4942; x_wconf 88' lang='lat' dir='ltr'><em>W</em></span> <span class='ocrx_word' id='word_1_326' title='bbox 664 4881 772 4964; x_wconf 75' lang='lat' dir='ltr'><strong>iberge,</strong></span> <span class='ocrx_word' id='word_1_327' title='bbox 795 4898 825 4942; x_wconf 88' lang='lat' dir='ltr'><strong>et</strong></span> <span class='ocrx_word' id='word_1_328' title='bbox 849 4899 923 4942; x_wconf 84' lang='lat' dir='ltr'><strong>com·</strong></span> <span class='ocrx_word' id='word_1_329' title='bbox 984 4887 1093 4947; x_wconf 73' lang='lat' dir='ltr'><strong>Duum.</strong></span> <span class='ocrx_word' id='word_1_330' title='bbox 1109 4883 1170 4946; x_wconf 89' lang='lat' dir='ltr'><strong>vol.</strong></span> <span class='ocrx_word' id='word_1_331' title='bbox 1185 4877 1248 4967; x_wconf 78' lang='lat' dir='ltr'><strong>dp.</strong></span> <span class='ocrx_word' id='word_1_332' title='bbox 1261 4877 1324 4966; x_wconf 76' lang='grc'><strong>94).</strong></span> 
     </span>
    </p>
   </div>
   <div class='ocr_carea' id='block_1_6' title="bbox 0 0 1766 5460">
    <p class='ocr_par' dir='ltr' id='par_1_6' title="bbox 0 0 1766 5460">
     <span class='ocr_line' id='line_1_39' title="bbox 0 0 1766 5460; baseline 0 3"><span class='ocrx_word' id='word_1_333' title='bbox 0 0 1766 5460; x_wconf 95' lang='lat' dir='ltr'><strong> </strong></span> 
     </span>
    </p>
   </div>
  </div>
 </body>
</html>
