3508 5460
611 284 939 361 waLDEtattttts
962 291 985 360 l.
1328 289 1401 362 ‚761

137 491 238 590 quod
255 489 368 590 paulo
383 489 464 568 ante
479 493 642 569 oblatum
658 485 847 594 acceptare
862 504 1148 595 contempsimus.
1200 501 1321 572 Restat
1336 500 1454 594 igitur,

139 633 178 690 ut
193 617 333 690 unicam
357 616 478 692 salutis
496 623 588 697 viam
611 622 645 688 in
668 635 854 714 pectorum
878 621 1073 694 acrisium
1096 635 1299 697 nostrarum
1320 617 1453 692 fiducia

135 764 365 838 reponamus,
373 763 597 838 spemqueex
607 739 854 838 desperatione
871 743 1100 817 cerdssinram
1109 744 1303 838 capiamus.
1320 745 1451 814 AEmu-

134 862 241 938 landa
256 865 376 963 itaque
394 864 520 936 Danici
540 865 719 962 sanguinis
745 882 781 938 et
807 870 959 938 nominis
975 867 1104 954 virtus,
1138 869 1308 962 omnique
1330 862 1449 940 studio

132 986 348 1076 enitendum,
364 1001 403 1060 ut
424 1001 486 1058 aut
503 984 608 1058 nobis
625 987 769 1058 victoria
789 986 941 1060 reditum
966 1002 1027 1060 aut
1042 988 1207 1084 speciosa
1224 1011 1322 1060 mors
1339 1001 1448 1058 aeter-
1477 1005 1485 1022 ·

134 1136 221 1184 num
249 1109 354 1182 famae
378 1108 494 1204 pariat
525 1109 791 1180 monimentum
865 1121 909 1182 at
941 1109 1082 1182 minime
1103 1107 1268 1197 dubium,
1292 1109 1378 1206 quio
1403 1106 1448 1178 de

135 1235 280 1306 transitu
298 1247 420 1306 nostro
436 1229 556 1303 hostes
572 1237 705 1328 equina
729 1230 878 1304 iecerint
899 1234 1042 1330 vestigia
1066 1237 1253 1318 certiores,
1278 1254 1345 1302 uec
1362 1253 1447 1300 ma·-

134 1358 188 1456 gis
204 1355 427 1453 ambiguum,
448 1377 573 1424 eorum
600 1351 750 1426 reditum
768 1351 902 1428 insidiis
926 1370 1137 1452 excepturos
1160 1377 1257 1445 esse,
1290 1376 1449 1452 quorum

115 1463 324 1552 'adventum
341 1475 438 1550 adesi
457 1475 557 1548 callis
575 1475 703 1548 indicio
726 1477 970 1573 perviderunt.
1028 1481 1072 1550 At
1095 1476 1187 1548 mori
1202 1476 1316 1564 vobis,
1340 1499 1447 1548 com-

131 1603 320 1688 militones,
349 1623 458 1695 quam
485 1603 563 1696 capi
591 1617 744 1696 praestat.
809 1605 910 1698 Capti
936 1600 1029 1672 enim
1064 1599 1173 1672 occisi
1197 1601 1352 1694 parentis
1378 1597 1447 1668 mei

131 1743 271 1823 poenas,
297 1719 444 1820 perinde
459 1745 502 1794 ac
520 1723 600 1818 ejus
613 1724 870 1813 interfectores,
894 1723 1032 1798 crudeli
1049 1737 1162 1794 morte
1177 1719 1351 1820 pendetis,
1368 1718 1446 1790 fra-

129 1866 276 1944 tresque
300 1843 368 1915 mei
385 1844 540 1940 paternis
566 1845 731 1920 manibus
756 1875 822 1944 per
845 1869 1024 1920 summam
1048 1845 1273 1920 cruciatuum
1299 1843 1445 1916 acerbi-

128 1984 236 2042 tatem
261 1970 404 2040 nostro¹
431 1967 604 2063 sanguine
629 1971 876 2065 parentabunt
926 1968 1116 2066 Aliquanto
1131 1993 1219 2065 ergo
1244 1973 1355 2042 satius
1382 1982 1446 2058 est,

129 2095 288 2192 propriae
314 2092 428 2162 virtuti
446 2089 610 2185 spiritum
630 2091 786 2188 impendi
822 2119 933 2191 quam
960 2088 1082 2166 alieno
1101 2090 1275 2164 violentia*
1291 2091 1445 2164 misera-

125 2217 246 2292 biliter
260 2209 482 2310 puniendum
500 2209 664 2309 relinqui.
724 2218 811 2290 Haeo
829 2243 899 2290 non
918 2217 1055 2314 proprii
1076 2213 1224 2311 periculi
1240 2230 1355 2306 metu,
1379 2211 1445 2288 sed

126 2355 255 2412 vestrae
273 2340 393 2433 potius
416 2337 551 2408 caritati
568 2337 789 2411 consulendo
808 2344 1017 2412 monuerim.
1077 2339 1132 2410 Eo
1155 2338 1248 2412 enim
1271 2337 1444 2436 sanguine

125 2458 419 2550 oriundussum,
451 2483 561 2555 quem
584 2457 671 2530 nulli
697 2459 904 2536 Sclavorum
932 2459 1123 2534 attentandi
1149 2485 1308 2558 unquam
1333 2483 1444 2532 ausus

124 2585 276 2660 incessit.
330 2585 396 2652 Per
421 2597 558 2677 patrem
586 2606 651 2654 vos
675 2585 849 2680 optimum
875 2587 1141 2681 maximumque
1166 2588 1327 2681 perque²
1353 2579 1443 2654 illud

124 2714 314 2782 Danorum
340 2701 482 2776 celebre
503 2706 638 2776 cunctis
669 2707 837 2802 gentibus
860 2732 988 2780 nomen
1015 2706 1169 2780 obsecro
1199 2705 1443 2802 obtestorque,

123 2859 171 2908 ne
186 2831 330 2906 fiduciae
345 2844 380 2899 et
398 2824 589 2900 tortitudini
609 2828 885 2904 imbecillitatem
908 2849 1018 2930 atque
1040 2832 1217 2929 ignaviam
1237 2829 1442 2926 praeferatis

121 2961 212 3030 Haec
235 2949 446 3030 Priszlarus.
506 2951 670 3046 Denique
692 2949 769 3024 laeta
794 2959 954 3026 omnium
987 2952 1240 3028 acclamatione
1261 2964 1443 3046 exceptus,

124 3077 215 3152 nibil
239 3073 349 3148 sede
379 3073 521 3146 simonia
549 3071 732 3170 ambigere
753 3079 987 3166 asseveravit,
1019 3078 1077 3152 uui
1102 3076 1253 3150 militum
1279 3072 1442 3146 alacritas

120 3200 302 3301 praesagio
316 3197 453 3285 suisset,
478 3196 672 3294 praesertim
693 3221 776 3270 oum
792 3206 905 3272 omnis
919 3199 1131 3275 Sclavorum
1149 3199 1297 3296 irruptio
1323 3197 1443 3292 specie

120 3349 235 3424 qnam
261 3345 301 3393 re
326 3317 587 3394 formidabilior
612 3321 761 3396 existere
784 3321 906 3396 soleat.
967 3329 1068 3396 Circa
1093 3324 1268 3396 incessum
1292 3345 1378 3392 vero
1405 3317 1441 3392 id

118 3445 260 3520 ordinis
276 3443 458 3517 observari
473 3439 627 3536 debere,
654 3460 691 3516 ut
706 3446 855 3542 juvenes
873 3471 1001 3544 parum
1024 3448 1149 3518 armati
1172 3443 1330 3517 medium
1352 3447 1442 3516 inter

118 3569 252 3644 milites
268 3565 446 3665 equitandi
470 3564 592 3646 locmn
618 3582 793 3656 tenerent,
825 3594 951 3642 eorum
971 3573 1137 3668 utrinque
1156 3564 1328 3666 praesidiis
1353 3591 1440 3637 mu-

119 3690 255 3766 niendi.
310 3697 486 3764 Caeterum
506 3688 707 3762 militarium
726 3705 923 3762 turmarum
939 3717 1005 3789 per
1021 3691 1125 3766 binas
1140 3693 1232 3765 acies
1255 3687 1440 3761 distincta·-

120 3841 205 3887 rum
235 3813 383 3886 alteram
408 3812 456 3884 ab
480 3811 588 3884 altera
610 3811 746 3884 auxiliis
772 3817 923 3886 invicem
946 3813 1127 3885 tutandam
1151 3838 1236 3886 esse.
1297 3812 1441 3907 Quippe

117 3938 274 4037 geminae
293 3935 451 4010 cohortis
468 3937 589 4033 specie
603 3933 759 4008 hostium
780 3939 917 4009 animos
938 3935 1147 4010 labefactari
1167 3957 1282 4034 posse.
1338 3935 1441 4002 Prae-

117 4043 219 4133 terea
235 4058 498 4134 clamabundos
514 4057 677 4132 incedere
710 4056 888 4157 variisque
914 4061 1079 4134 cantibus
1102 4059 1310 4154 obstrepere
1326 4053 1441 4152 jubet,

117 4181 312 4276 fiduciam,
336 4210 419 4282 quae
442 4181 660 4282 plerumque
684 4181 898 4254 multitudini
923 4185 1030 4272 inest,
1066 4177 1305 4252 simulaturos.
1369 4181 1440 4248 Nec

118 4303 277 4381 fortunae
294 4332 420 4405 expers
437 4303 623 4381 consilium
645 4303 718 4378 luit
770 4303 953 4402 Siquidem
970 4312 1005 4376 in
1022 4321 1164 4402 portum
1180 4307 1243 4394 eis,
1258 4281 1322 4374 ubi
1341 4299 1440 4374 clas-

119 4427 167 4501 sis
198 4430 471 4527 acquiescebat,
507 4426 608 4504 nullo
636 4429 834 4502 incessente
862 4428 1078 4525 perductis³,
1110 4451 1182 4512 rex,
1206 4427 1439 4524 exspectantis

168 4756 316 4840 ιΝοεινο]
334 4754 421 4842 (Leg.
436 4759 625 4844 testroddg.)
859 4763 918 4822 3Ιιι
944 4777 1062 4846 portum
1085 4804 1108 4820 ..
1139 4757 1303 4846 perductis]
1334 4762 1438 4841 Neque

165 4861 319 4946 ²Perpue]
335 4863 394 4928 Ed.
408 4886 455 4948 pr.
477 4861 568 4928 babet
588 4854 746 4952 perpacata.
811 4863 870 4928 iter
900 4864 1056 4930 Abtalonis
1075 4865 1146 4930 satis
1167 4853 1359 4928 temerarium
1388 4881 1437 4926 ne·
