3524 5460
375 307 448 380 714
704 308 879 381 HISTOR:
896 309 1002 380 DAN.
1016 309 1154 380 LIBER
1173 307 1265 379 XlV.

321 524 456 592 Interea
470 515 730 610 waldemarus,
752 516 849 616 apud
868 515 1081 590 Sialandlam
1099 515 1311 592 Theutoniea’
1332 531 1450 588 mutus
1463 512 1631 610 opinione

322 657 497 739 suscepta,
521 637 567 711 ad
585 642 716 713 lutiam
732 643 889 712 concitus
908 637 1028 730 tendit,
1052 641 1199 713 remisso
1225 663 1350 714 coaevo
1381 653 1491 734 atque
1514 631 1631 708 colla-

229 783 232 788 ’
322 770 419 838 cteo¹
438 788 506 836 suo
520 759 705 849 absalone,
731 766 794 860 qui
810 764 1016 834 revertentis
1033 787 1054 834 a
1072 764 1186 836 Svetia
1203 765 1327 836 Canuti
1342 777 1426 859 post
1447 781 1489 832 se
1508 773 1630 831 matu·

321 901 413 958 raret
434 884 636 958 adventum.
661 884 812 955 Tantum
832 899 950 954 autem
970 885 1050 980 ejus
1074 881 1174 980 apud
1186 887 1290 956 Jutos
1305 883 1490 981 praesentia
1514 878 1632 967 valuit,

324 1024 362 1081 ut
386 1025 420 1080 et
443 1004 596 1078 sortibus
621 1004 787 1077 fiduciam
814 1003 952 1076 afferret
993 1020 1028 1076 et
1050 1007 1186 1102 ignavia
1211 1022 1392 1103 torpentes
1421 1002 1468 1076 ad
1496 1001 1629 1076 bellum

323 1153 392 1226 pro
411 1131 520 1226 patria
536 1126 805 1224 suscipiendum
828 1127 991 1224 erigeret.
1041 1124 1139 1196 ldem
1159 1129 1364 1215 lleuricum,
1392 1123 1550 1197 nobilem
1570 1127 1631 1196 in-

321 1267 376 1323 ter
397 1254 553 1324 Saxones
577 1250 703 1339 virum,
736 1275 818 1322 cum
840 1274 916 1346 quo
940 1247 1158 1347 jampridem
1185 1247 1401 1337 affinitatem,
1434 1243 1515 1320 data
1543 1252 1574 1318 ei
1598 1247 1630 1318 in

323 1374 586 1445 matrimonium
612 1387 780 1469 cognata,
802 1373 977 1470 junxerat,
1002 1395 1068 1469 per
1092 1373 1323 1447 internuntios
1358 1369 1531 1444 occultius
1557 1369 1632 1441 ob-

322 1511 445 1583 secrat,
474 1496 521 1566 uti
542 1495 670 1565 veteris
688 1495 846 1566 amicitiae
867 1517 975 1568 causa
1000 1493 1047 1566 ad
1069 1492 1339 1593 procedendum
1373 1495 1490 1566 socios
1517 1493 1634 1565 incitet

323 1615 497 1712 ducisque
515 1614 665 1686 reditum
687 1616 802 1689 modis
820 1617 989 1689 omnibus
1003 1615 1211 1714 interpellet,
1236 1615 1339 1689 brevi
1361 1639 1400 1688 se
1419 1639 1502 1688 curn
1525 1637 1632 1686 exer-

325 1740 396 1809 citu
421 1755 716 1833 superventurum
740 1737 958 1812 denuntians.
1024 1741 1171 1810 'lanmm
1189 1735 1237 1809 illi
1259 1736 1426 1810 fiduciam
1443 1752 1479 1809 et
1497 1760 1633 1808 nume-

325 1883 386 1930 rus
422 1858 570 1930 militurn
598 1874 631 1931 et
654 1859 815 1934 alacritas
833 1859 954 1934 dabat.
1015 1864 1132 1959 Hujus
1149 1860 1323 1934 tumultus
1347 1862 1470 1932 nuntio
1506 1862 1633 1930 Canu-

323 1996 420 2055 tuse
440 1985 555 2055 Suetia
578 2000 778 2076 revocatus,
802 2007 885 2057 curn
906 1981 1053 2058 delectis
1076 1984 1287 2056 Sialandiam
1307 1985 1429 2072 intrat,
1455 1980 1635 2077 extemplo

324 2107 454 2178 lutiam
473 2111 657 2203 petiturus.
690 2105 759 2177 Sed
777 2129 859 2178 cum
877 2121 1009 2179 coortae
1025 2113 1240 2204 tempestatis
1254 2099 1495 2205 magnitudine
1513 2121 1635 2176 traus-

325 2225 373 2298 itu
399 2226 667 2322 prohiberetur,
693 2225 809 2300 afflicti
827 2251 925 2298 mora
942 2228 1079 2319 milites,
1103 2228 1369 2301 Waldemarum
1391 2251 1519 2323 pacem
1549 2249 1634 2297 cum

325 2344 487 2422 hostibus
504 2355 690 2448 pepigisse,
713 2349 822 2447 idque
836 2373 875 2422 se
894 2375 960 2449 per
976 2356 1165 2450 agrestium
1187 2351 1368 2450 quendam
1383 2353 1512 2422 recenti
1532 2373 1634 2420 nun·-

325 2471 372 2542 tio
397 2475 620 2568 cognovisse,
636 2471 826 2571 fingebant.
880 2476 959 2546 Hoc
974 2473 1079 2548 famae
1096 2490 1299 2547 commento
1318 2476 1477 2544 Canutus
1499 2468 1634 2561 audito,

324 2591 445 2689 ingrati
463 2597 567 2666 animi
582 2595 701 2668 labem
722 2593 915 2694 exprobrat
936 2621 1065 2694 prmum
1091 2595 1278 2668 honestum
1300 2594 1346 2668 de
1372 2621 1416 2668 eo
1431 2617 1633 2666 sermonem
1749 2599 1750 2604 ’

324 2711 552 2806 habentibus,
579 2723 639 2816 qui
657 2743 763 2792 suum
783 2723 961 2789 communi
981 2715 1139 2816 periculo
1162 2737 1271 2817 caput
1288 2699 1479 2815 objecerit,
1503 2714 1634 2788 borta-

324 2851 464 2935 turque,
487 2845 515 2911 si
542 2839 657 2938 dignis
684 2863 767 2912 eum
786 2837 956 2914 laudibus
983 2844 1156 2940 prosequi
1188 2840 1317 2932 nolint,
1349 2840 1472 2912 saltem
1495 2836 1634 2936 linguas

253 2974 258 2985 ‘
325 2960 371 3033 ab
389 2959 530 3059 indigua
546 2963 655 3057 ipsius
669 2961 923 3033 obtrectatione
938 2959 1137 3036 cohibeant.
1161 2963 1370 3038 Hesbemus
1384 2960 1493 3050 solue,
1511 2959 1633 3032 Shial-

325 3085 440 3155 monis
460 3082 609 3155 Candidi
626 3109 667 3156 ex
695 3082 768 3154 lilio
790 3109 921 3182 nepos,
953 3084 1122 3184 idemque
1145 3084 1372 3158 Waldemaro
1395 3083 1447 3156 ob
1473 3083 1634 3180 pueritiae
1748 3059 1749 3109 1

325 3219 359 3274 et
388 3203 604 3276 educationis
627 3207 828 3278 societatem
861 3231 1047 3304 percaruS,
1090 3207 1317 3281 transfretare
1349 3231 1388 3280 se
1412 3204 1506 3278 velle
1537 3203 1633 3292 dixit,

325 3349 409 3422 quae
424 3327 523 3424 apud
542 3331 672 3400 lrrtium
695 3347 921 3425 gererentur,
947 3333 1084 3400 Canuto
1111 3335 1402 3402 renuntiaturum.
1461 3333 1572 3427 lgitur
1594 3347 1634 3401 ut

324 3465 524 3542 strenuam,
557 3452 601 3524 ita
629 3449 863 3550 periculosam
894 3454 1178 3550 navigationem²
1212 3451 1358 3524 feliciter
1392 3475 1558 3524 emensus
1597 3467 1633 3522 et
1747 3443 1748 3450 ἵ

325 3571 428 3666 qnasi
445 3597 526 3642 enm
552 3579 626 3672 ipsa
654 3601 772 3672 rerum
790 3589 914 3645 natura
935 3573 1099 3665 luctatus,
1131 3576 1346 3646 saevientium
1374 3573 1634 3646 elementorum

324 3691 460 3764 rabiem
483 3695 679 3768 incredibili
701 3721 879 3769 remorum
897 3697 1086 3768 certamine
1111 3703 1299 3791 superavit.
1360 3701 1549 3768 Nuntiatur
1571 3699 1635 3766 in-

325 3831 418 3888 terea
441 3820 650 3910 Saxouihus,
672 3822 777 3893 totius
793 3820 894 3891 lutiae
910 3822 1001 3923 ybas
1017 3817 1064 3889 ad
1080 3816 1344 3890 Waldemarum
1364 3821 1492 3910 coisse,
1512 3836 1635 3889 tanta-

324 4127 389 4192 lteri
409 4134 489 4216 regis
502 4133 627 4199 duceret
647 4155 779 4200 uxorem.
828 4139 875 4200 Eo
894 4157 944 4198 au·
1003 4135 1112 4222 primae
1127 4135 1266 4221 pueritiae
1283 4148 1314 4199 et
1336 4133 1521 4199 educationis
1537 4132 1643 4196 socie-

324 4245 385 4298 teru
401 4237 444 4300 ibi
456 4255 673 4321 commorante,
691 4241 841 4306 occiditur
857 4243 946 4304 Srer-
1004 4253 1067 4304 tate
1087 4253 1223 4304 utuntur.

326 4338 413 4406 herus
429 4357 460 4408 et
473 4345 603 4432 irruptio
617 4351 769 4412 Saxonum
782 4347 949 4410 nuntiatur.
1045 4398 1049 4404 .

371 4451 553 4532 'Collaeteol
589 4457 760 4519 collaetans
788 4455 848 4519 hoc
878 4455 948 4516 loco
1052 4459 1118 4520 ²Ut
1134 4475 1292 4532 strenuam,
1309 4460 1352 4518 ita
1362 4453 1556 4542 periculosam
1577 4473 1645 4512 rea-

324 4551 374 4614 rix
406 4575 495 4620 sensu
526 4562 715 4626 strictissimo
747 4559 945 4638 sumendum3
1002 4561 1192 4646 vigationena]
1227 4565 1318 4624 Juxta
1354 4557 1535 4623 sententiam
1563 4557 1648 4618 Ste-

324 4679 394 4721 nam
409 4661 546 4726 Absalon
568 4667 647 4729 baud
669 4667 759 4731 dubie
777 4677 945 4730 natuserat
1003 4668 1108 4752 phanii
1127 4665 1207 4729 hand
1230 4667 1465 4752 improbabilem
1478 4663 1648 4728 Esbernus
1744 4703 1745 4708 κ

323 4787 404 4830 aurio
420 4765 838 4849 llQSWaldemaruseutem
848 4769 945 4850 11303
1004 4773 1063 4836 boe
1078 4773 1187 4835 itinere
1201 4791 1372 4856 eognoauen
1385 4776 1481 4836 stam
1497 4771 1558 4832 sire
1575 4771 1649 4834 Ce-

323 4873 377 4936 sed
391 4876 532 4940 collaetei
546 4877 634 4940 etiam
651 4877 793 4942 dicuntur
806 4879 867 4954 illi,
893 4878 946 4962 qui
1003 4879 1074 4942 leris
1092 4879 1150 4943 sibi
1164 4877 1332 4964 acquisivit.
