3524 5460
370 305 445 384 654
695 313 870 383 HISTOR.
892 313 996 384 DAN.
1012 313 1149 384 LIBER
1168 315 1256 385 Xlll.

320 509 400 594 ram
419 517 621 594 deformiter
636 519 792 619 abjicere
812 545 939 618 passus
952 546 1025 596 non
1038 537 1101 596 est.
1158 523 1272 596 Missis
1291 523 1414 620 igitur,
1437 521 1502 616 qui
1521 516 1622 590 ado-

320 644 510 718 lescentem
526 648 734 741 exciperent,
749 641 918 718 tarditatis
933 642 1128 716 molestiam
1144 645 1270 718 eximia
1287 643 1350 716 lilii
1367 643 1510 716 caritate
1526 663 1622 712 con-

320 765 469 864 tempsit.
522 768 603 858 Quo
621 762 787 856 allato,in
805 763 914 836 altum
931 771 1113 862 processit.
1164 766 1355 856 Diluculo,
1379 765 1513 864 quibus
1526 764 1620 834 Erici

321 915 409 964 cura
429 885 593 960 mandata
610 885 735 978 suerat,
755 887 903 983 pulsatis
920 885 1060 985 hospitii
1078 889 1227 981 foribus,
1260 912 1306 960 an
1331 886 1533 961 hesternam
1548 882 1621 956 ad·-

319 1009 394 1084 huc
407 1007 645 1084 temulentiam
662 1034 736 1082 uon
751 1007 991 1100 discussisset,
1010 1012 1233 1109 interrogant
1289 1011 1435 1084 Nemiue
1450 1031 1537 1082 vero
1556 1031 1621 1076 re-

320 1157 493 1231 sponsum
508 1129 645 1218 edente,
654 1131 891 1206 taciturnitatis
907 1132 1135 1207 admiratione
1149 1133 1282 1208 crebris
1297 1133 1334 1206 id
1344 1135 1461 1232 ipsum
1478 1127 1620 1202 clamo-

319 1254 423 1328 ribus
438 1269 715 1352 prosequuntur.
774 1253 934 1326 Tandem
951 1255 1089 1330 silentio
1117 1259 1271 1347 attoniti,
1294 1253 1473 1328 convulsis
1495 1253 1620 1340 ianuis,

319 1401 468 1450 vacuam
485 1373 687 1473 hospitibus
711 1374 825 1446 cedern
839 1377 1032 1450 inveniunt.
1081 1379 1260 1475 Aquibus
1278 1378 1378 1452 vaire
1393 1375 1458 1449 sibi
1476 1371 1620 1454 illusum

319 1499 572 1587 vociferantes,
604 1512 769 1569 eventum
793 1495 938 1571 domino
966 1499 1092 1597 trepidi
1117 1501 1295 1574 nunciant.
1355 1499 1435 1590 Qui,
1458 1499 1620 1592 protinus

296 1627 431 1721 ,petito
455 1619 571 1694 littore
603 1617 840 1715 detractisque
868 1621 905 1692 in
925 1620 1038 1694 altum
1073 1626 1238 1722 navigiis,
1271 1620 1434 1720 fugacem
1460 1616 1617 1711 intercipi

318 1743 432 1843 jubet
483 1746 572 1836 Qurc
598 1767 693 1832 cum,
718 1743 841 1818 vitiatis
864 1740 1046 1833 lateribus,
1068 1744 1247 1820 undarum
1269 1743 1375 1842 plena
1392 1744 1620 1838 conspiceret,

318 1861 498 1939 subducta
519 1862 615 1949 refici
642 1869 785 1940 curavit
850 1864 1051 1963 Iisdemque
1067 1889 1209 1940 rursum
1224 1869 1260 1938 in
1277 1889 1375 1938 mare
1396 1863 1559 1950 detrusis,
1574 1857 1619 1930 ad

320 1984 588 2062 accelerandam
603 1987 862 2084 navigationem
882 1967 963 2060 velo
981 1993 1113 2087 pariter
1126 1991 1291 2064 acrensis
1307 1987 1479 2062 incubuit.
1519 1981 1620 2058 Adeo

319 2111 536 2207 promissum
553 2107 588 2179 in
605 2117 757 2180 m'ortem
777 2113 868 2184 Erici
886 2113 1071 2207 praemium
1095 2110 1291 2185 affectabat.
1343 2113 1478 2184 Interea
1492 2107 1620 2180 Ericus

318 2227 490 2331 grandem
506 2229 624 2329 pelagi
639 2246 776 2327 partem
793 2257 968 2322 emensus,
988 2203 1124 2334 ⁸magno
1142 2233 1281 2308 bostem
1306 2229 1493 2306 intervallo
1517 2251 1618 2326 prce-

319 2367 486 2444 cesserat,
525 2350 680 2449 ideoque
710 2353 812 2428 facile
848 2354 896 2426 ab
933 2351 1204 2454 insequentibus
1235 2355 1406 2452 occupari
1437 2349 1619 2448 nequibat.

319 2480 486 2574 Cumque
513 2477 666 2571 Magnus
687 2477 946 2574 navigationem
970 2478 1104 2554 diutule
1123 2497 1260 2579 gestam
1292 2477 1466 2576 propositi
1486 2475 1619 2546 irritam

318 2595 623 2686 animadverteret,
654 2612 817 2671 revocato
836 2601 996 2698 remigio,
1018 2601 1166 2674 domurn
1192 2605 1343 2674 revertit.
1392 2600 1517 2673 Ericus
1532 2621 1620 2669 vero

317 2720 524 2794 fidissimam
550 2717 616 2790 sibi
640 2717 847 2792 Lalandiaur
869 2739 1048 2820 repetens,
1068 2727 1247 2821 intercepti
1269 2722 1433 2795 Ubbonis
1458 2743 1619 2817 suspen-

317 2841 414 2933 dio¹,
438 2866 548 2940 quem
571 2837 736 2911 Nicolaus
760 2849 939 2916 minorum
963 2843 1159 2918 insularum
1185 2845 1394 2942 praefectum
1428 2857 1619 2926 creaverat,

318 2963 456 3036 clarum
471 2959 606 3038 reditus
630 2966 685 3037 sui
701 2964 867 3036 indicium
884 2964 1000 3040 dabat.
1052 2968 1182 3042 Audito
1207 2966 1344 3059 deinde,
1364 2991 1484 3064 regern
1511 2963 1618 3036 divini

317 3083 442 3158 natalis
460 3083 538 3156 dic²
558 3086 709 3158 Lundise
726 3087 844 3160 seriari
860 3085 992 3162 debere
1002 3143 1012 3178 ,
1032 3090 1222 3164 adventum
1239 3091 1335 3185 ejus,
1361 3090 1468 3186 petita
1484 3089 1619 3169 Scania,

317 3207 562 3302 praecucurrit,
577 3224 758 3306 totamque
773 3213 1065 3310 regiiapparatus
1084 3216 1280 3312 impensam
1296 3211 1487 3309 praeripuit.
1512 3207 1620 3300 Quod

318 3325 467 3400 audiens
489 3331 525 3398 iu
547 3330 724 3403 sialandia
744 3357 823 3424 rex,
847 3333 1019 3406 alimentis
1036 3335 1182 3431 publica
1200 3333 1501 3406 administratione
1524 3355 1619 3404 con-

317 3451 448 3538 tractis,
466 3451 880 3552 procedere'supersedit.
930 3459 1060 3528 AEstate
1075 3481 1173 3546 vero,
1189 3471 1317 3553 practer
1330 3457 1618 3528 Scanicamomui

316 3576 452 3648 Dauica
468 3571 580 3648 classe
594 3591 785 3670 contracta,
801 3577 849 3650 ad
862 3581 890 3650 F
891 3595 987 3651 otam
1000 3580 1136 3652 sinum³
1159 3578 1316 3676 appulit,
1341 3577 1620 3676 pedestremquc

362 3891 785 3987 {UbbonissuspcndthUbbo
797 3893 940 3958 illebaud
960 3965 962 3970 ,
996 3896 1096 3980 praelii
1109 3917 1188 3958 anno
1205 3891 1284 3958 1134
1303 3893 1399 3957 babiti
1421 3914 1525 3959 omnes
1544 3915 1619 3956 con·

316 3999 407 4064 dubie
420 4015 484 4064 erat
500 4023 594 4085 gener
607 4003 696 4086 regis,
716 4002 753 4066 de
769 4023 830 4087 <pro
845 4024 937 4087 supra
996 4009 1138 4065 sentiunt.
1168 4001 1318 4067 Observat
1333 3999 1524 4079 Helmoldus,
1534 4003 1619 4084 Mag-

316 4127 347 4190 p.
366 4099 436 4170 618.
997 4131 1069 4170 nuru
1089 4108 1139 4171 die
1158 4113 1363 4185 Pentecostcs,
1377 4105 1537 4170 contemtis
1551 4127 1620 4169 mo

361 4217 488 4275 ²Dt'ur'ui
502 4217 610 4277 natalis
628 4213 687 4293 die]
701 4215 756 4277 Ed.
776 4238 824 4300 pr.
843 4214 937 4278 babet
998 4214 1069 4284 uitis
1095 4214 1325 4299 episcoporum,
1352 4213 1493 4299 praelium
1516 4213 1618 4275 iniisse

315 4318 386 4380 dtis.
997 4316 1124 4400 (Chron.
1144 4319 1224 4384 Slar.
1246 4320 1297 4384 lib.
1318 4315 1402 4405 lcap
1429 4317 1495 4398 ⁵1).
1518 4320 1618 4380 butor

364 4425 436 4485 ³Ad
447 4416 669 4507 Foramsr'num]
685 4423 840 4489 Sinusille
856 4427 937 4486 Lau-
995 4424 1130 4488 historiae
1144 4426 1388 4510 linytliogorum,
1407 4427 1547 4510 prelium
1570 4423 1621 4488 su·
1751 4509 1752 4514 η

315 4521 375 4602 dias
387 4539 419 4588 ct
431 4529 571 4594 Malnroar
583 4530 734 4596 ameridie
748 4529 865 4616 potitus
881 4541 937 4609 eat,
993 4531 1056 4596 sina
1069 4530 1251 4610 describens,
1264 4529 1477 4594 fortitudinem
1487 4531 1621 4604 nonnul·
1751 4529 1752 4541 ³

314 4651 414 4715 prope
427 4633 554 4716 Sltanlir,
581 4639 633 4723 qui
653 4637 692 4703 ad
713 4657 826 4723 pagum
843 4639 937 4700 Haru-
995 4638 1095 4702 lorum
1110 4637 1239 4700 militurn
1251 4637 1283 4702 in
1303 4637 1423 4721 agmine
1436 4637 1539 4721 Magni
1553 4638 1622 4702 cot·

248 4785 253 4800 .
314 4756 382 4833 mer
405 4759 490 4802 maro
515 4744 622 4826 tangit.
651 4743 761 4824 (Subur
791 4742 873 4808 Hist.
905 4739 941 4806 el
997 4741 1109 4823 laudat,
1130 4743 1211 4827 quod
1226 4743 1303 4808 boue
1318 4763 1387 4810 cuut
1400 4745 1550 4810 relatione
1563 4747 1623 4810 s·-
1750 4759 1751 4803 l

314 4846 424 4910 Danut.
436 4845 498 4910 vul.
510 4848 541 4916 V
551 4868 583 4934 p·
595 4841 680 4932 435).
692 4853 740 4914 De
755 4849 837 4916 exitu
848 4847 939 4932 liujus
997 4849 1082 4916 sonis
1098 4849 1254 4916 conciliari
1275 4863 1378 4936 potest
1393 4847 1439 4938 (p
1453 4846 1623 4936 &id-341).
