3538 5460
651 327 857 402 casurus
873 330 929 403 vx
988 368 991 384 ·
1328 339 1403 440 sss

138 555 354 638 stassetque,
393 544 427 610 ni
452 536 642 613 Absalonis
671 555 757 640 ‘erga
780 538 878 612 illam
903 535 1061 614 studium
1083 547 1237 641 gerentis
1257 549 1455 628 interventu

136 661 400 764 prohiberetur.
453 665 533 754 Quo
563 661 743 736 mediante
761 663 926 736 ellectum
941 681 1012 754 est,
1044 681 1083 736 ut
1099 665 1146 736 ab
1160 663 1235 757 bis,
1260 673 1372 766 quiin
1389 700 1454 747 re-

137 813 220 888 gem
240 782 431 857 Har-aidica
454 785 606 858 factione
635 781 877 886 deliquerant,
911 811 982 858 aera
1006 801 1140 858 tuntum
1166 813 1283 886 poeuae
1303 802 1456 872 nomine

137 917 369 1009 exigerentur.
404 911 434 978 0
454 914 662 982 immensam
679 908 913 999 clementiam,
940 911 1042 981 cuius
1059 909 1235 984 beneficio
1249 912 1455 1000 bominibus

137 1031 316 1106 euidenter
332 1035 444 1105 noxiis
461 1031 601 1103 maximi
618 1030 787 1104 facinoris
803 1029 948 1129 eulpam
969 1033 1123 1130 parvulo
1145 1060 1254 1108 censu
1277 1038 1454 1117 redimere

132 1153 249 1229 licuit!
302 1161 384 1249 Quo
400 1152 566 1251 exemplo
576 1130 702 1226 'caeteri
722 1153 769 1225 ad
786 1177 889 1251 spem
904 1157 1017 1227 veniae
1035 1160 1155 1244 erecti,
1170 1161 1353 1233 mitissima
1371 1165 1454 1236 xb-

132 1279 266 1352 salonis
291 1303 403 1376 opera
429 1301 553 1376 parem
579 1277 672 1374 regis
696 1276 1004 1350 mansuetudinem
1029 1283 1165 1376 experti
1191 1300 1281 1354 sunt.
1331 1289 1453 1386 Egre-

132 1407 233 1501 gium
256 1419 343 1476 tnnc
366 1407 524 1474 Canutus
551 1397 725 1470 moderati
752 1404 856 1470 animi
880 1407 1063 1498 specimen
1087 1401 1202 1494 dedit,
1235 1433 1316 1479 cum
1341 1407 1453 1482 uitio-

131 1551 234 1614 nem,
270 1551 378 1622 quam
402 1526 651 1598 universorum
676 1523 810 1593 crimen
839 1529 989 1616 meruit,
1026 1527 1132 1600 unius
1160 1530 1261 1600 amici
1275 1532 1452 1632 precibus

133 1647 289 1721 donavit.
341 1645 529 1747 indignum
558 1643 844 1736 adolescentem,
869 1647 972 1744 cujus
996 1648 1104 1723 virtus
1131 1652 1260 1723 externi
1280 1657 1452 1752 principis

130 1774 293 1846 acumine
334 1764 546 1844 tentaretur!
608 1766 866 1866 Compluribus
907 1775 1000 1842 enim
1034 1774 1182 1846 Caesaris
1212 1773 1450 1874 legationibus
1498 1791 1500 1798 ’

131 1899 268 1966 curiam
293 1891 391 1967 adire
424 1911 656 1992 paternaeque
690 1891 850 1963 amicitiae
875 1895 1139 1967 successionem
1172 1912 1337 1996 expetere
1362 1903 1449 1999 jus·-

130 2041 204 2107 sus,
226 2015 465 2090 intercedente
483 2020 680 2106 amicorum
704 2015 876 2106 consilio,
905 2041 1015 2113 quam
1035 2017 1293 2094 modestissime
1318 2029 1453 2096 rescri-

128 2142 217 2235 psit,
242 2142 476 2213 excusationis
491 2137 612 2212 verbis
631 2135 842 2237 oregnandi
866 2143 1021 2212 novitate
1048 2148 1213 2238 quaesitis.
1266 2141 1452 2244 Siquidem

129 2262 273 2336 arbitris
310 2265 387 2362 ejus
420 2285 568 2336 excussa
603 2277 711 2360 atque
753 2259 936 2360 explorata
970 2265 1119 2358 Gesseris
1155 2263 1326 2340 calliditas
1363 2284 1450 2358 erat,

129 2385 256 2461 iisdem
288 2385 450 2484 perfidiae
476 2385 619 2484 laqueis
645 2383 710 2456 filii
734 2383 993 2482 simplicitatem
1017 2391 1271 2459 circumuenire
1294 2387 1449 2461 studen-

131 2515 223 2600 tis¹,
250 2509 383 2608 quibus
403 2507 489 2579 olim
514 2512 623 2605 patris
642 2504 884 2580 credulitatem
908 2507 1121 2606 implicatam
1140 2506 1327 2604 habuerat.
1381 2512 1449 2584 Cui

130 2655 215 2707 cum
234 2637 373 2721 Caesar,
398 2645 607 2730 erepturum
632 2653 671 2700 se
695 2654 845 2727 regnum
873 2629 1006 2728 aliique
1030 2630 1216 2725 damnum,
1241 2633 1348 2733 plena
1370 2638 1448 2708 mi·-

126 2781 257 2830 narum
291 2752 442 2854 epistola
472 2749 731 2851 respondisset,
777 2749 894 2824 solum
929 2753 1001 2826 boc
1031 2754 1229 2827 rescribere
1262 2774 1449 2834 contentus

125 2880 205 2969 suit,
232 2875 466 2978 quaerendum
494 2873 658 2949 videlicet
675 2876 807 2948 Caesari
829 2879 926 2962 e‘sse,
958 2878 1171 2974 priusquam
1202 2879 1271 2951 sibi
1295 2905 1448 2980 regnum¹

126 3003 278 3090 adimet,
313 3005 375 3100 qui
396 3003 548 3071 {tantam
578 3003 615 3070 in
648 3000 726 3096 ejus
762 2997 938 3072 beneficio
967 3023 1141 3098 reponere
1183 3003 1312 3100 cupiat.
1367 3007 1448 3097 Qua

124 3130 287 3226 responsi
311 3124 473 3198 libertate
491 3147 562 3195 non
587 3121 703 3195 solum
726 3127 917 3194 minantem
942 3120 1055 3216 elusit,
1080 3127 1330 3198 verumetiam
1353 3125 1447 3224 plu-

125 3253 260 3324 rimum
293 3273 313 3320 a
343 3273 383 3322 se
413 3247 555 3320 fiduciae
587 3247 624 3317 in
655 3246 787 3317 civium
821 3245 945 3320 animis
984 3247 1109 3345 reponi
1141 3245 1274 3321 docuit.
1336 3247 1447 3348 Apud

125 3399 240 3476 quem
263 3375 382 3445 Caesar
412 3371 543 3444 frustra
575 3370 717 3441 monitis
738 3371 854 3468 egisse
879 3392 919 3441 se
945 3368 1082 3462 videus,
1109 3349 1345 3468 Syiridum2,
1382 3373 1448 3471 qui

124 3521 287 3574 sororem
314 3499 426 3595 ipsius
449 3495 484 3564 in
508 3491 731 3564 matrimonio
756 3488 935 3581 habebat,
969 3494 1158 3586 subornat,
1192 3493 1293 3592 quod
1319 3493 1448 3568 literu-

122 3647 207 3696 rum
232 3643 381 3694 suarum
405 3619 570 3690 instinctu
593 3611 786 3711 nequibat,
812 3612 935 3685 alienae
959 3623 1055 3690 vocis
1077 3617 1328 3715 supplemento
1353 3641 1446 3716 per-³

121 3767 268 3820 svusum
295 3739 423 3814 haberi
445 3735 621 3814 conando.
675 3738 743 3826 Qui
773 3735 834 3808 ubi
853 3739 1004 3814 Danism
1028 3740 1186 3830 intravit,
1218 3753 1351 3836 quanta
1377 3763 1444 3810 re-

119 3873 175 3970 gis
204 3867 346 3940 caritate
375 3863 425 3937 ob
446 3865 578 3937 sororis
603 3861 680 3958 ejus
704 3860 966 3934 matrimonium
997 3877 1193 3954 teneretur,
1228 3865 1446 3961 quantisque

119 3995 245 4066 Caesar
262 3987 395 4064 viribus
412 4001 514 4076 esset,
535 3985 709 4082 exposito,
735 3981 964 4075 Absalonern,
983 3986 1165 4059 Sunonem
1182 4001 1217 4058 et
1231 3984 1444 4071 Esbemum,

118 4116 187 4216 qui
202 4112 268 4187 soli
283 4136 326 4183 ex
342 4110 461 4183 suricis
477 4133 560 4182 cum
576 4131 660 4207 rege
676 4099 964 4199 admittebantur,
973 4125 1046 4184 tum
1060 4107 1157 4197 fidei,
1175 4133 1284 4207 quam
1295 4109 1444 4195 Canuto,

118 4238 229 4337 cujus
249 4249 385 4309 tutores
410 4231 613 4320 existerent,
639 4227 830 4322 deberent,
856 4246 931 4306 tum
956 4231 1119 4327 fiduciae,
1145 4257 1256 4332 quam
1280 4227 1442 4331 ejusdem

170 4552 180 4587 ¹
208 4549 420 4611 circumuenire
439 4539 598 4620 studentis]
619 4543 664 4604 lta
684 4540 752 4603 Ste·
865 4547 877 4582 ‘
903 4543 1070 4628 Sysriclum]
1093 4543 1160 4610 cir.
1182 4566 1273 4631 supra
1293 4539 1450 4630 pag.952=

116 4653 251 4744 pbenins
274 4653 396 4739 scripsit
426 4671 485 4737 pro
514 4650 696 4712 studentibus
718 4645 751 4708 in
1398 4683 1404 4694 .

118 4761 171 4828 ed.
190 4783 239 4846 pr.

1146 4839 1242 4937 <uu
