3524 5460
685 317 847 392 sulcus
864 317 920 390 lll
1321 319 1395 392 666

136 529 201 602 etsi
217 529 313 625 regis
336 523 497 601 militiam
512 526 757 626 pmliteretur,
782 525 931 600 latentes
952 529 1059 624 capiti
1081 529 1159 626 ejus
1178 527 1322 604 insidias
1339 553 1447 602 corn·-

135 649 295 747 parabat
347 649 406 722 Ad
420 675 529 748 quem
545 652 674 750 Ripam
691 655 850 738 veniens,
867 647 999 724 militiae
1019 649 1120 724 titulo
1137 650 1352 750 stipendium
1370 675 1445 748 po-

134 771 301 849 stulabat.
364 777 447 866 Quo
463 789 618 872 recepto,
631 769 756 848 Mum
770 769 838 846 sibi
857 769 969 846 cladis
984 773 1062 870 ejus
1082 780 1272 870 praemium
1295 789 1447 871 reputa-

133 895 207 968 bat.
260 899 307 969 Et
323 894 416 970 forte
430 898 569 986 Encas,
585 897 674 968 inter
689 893 868 995 quosdam
892 893 1087 992 populares
1103 905 1218 974 acrius
1241 894 1448 972 dissidentes

133 1013 248 1116 regali
260 1015 480 1114 judicatione
494 1043 712 1117 componere
732 1035 888 1116 rogatus,
914 1017 1062 1116 publica
1078 1019 1115 1092 id
1129 1023 1301 1094 concione
1319 1017 1446 1118 exequi
1488 1087 1492 1092 .

133 1139 320 1212 statuebat.
342 1207 345 1214 ,
377 1143 418 1212 In
440 1165 643 1239 quaquam
664 1139 796 1238 Plogus
816 1138 958 1214 cuidam
982 1142 1147 1239 explebe
1169 1143 1216 1218 de
1231 1167 1270 1216 se
1287 1145 1446 1238 querenti

134 1261 338 1336 satisfacere
364 1262 572 1360 juberetur,
597 1259 738 1334 dicendi
760 1260 985 1336 simulatione
999 1263 1103 1355 lacta,
1128 1291 1200 1338 non
1223 1267 1299 1340 sine
1322 1263 1447 1336 lancea

136 1408 359 1484 progressus,
385 1384 545 1458 auditum
569 1385 636 1460 sibi
661 1383 814 1484 praeberi
839 1387 971 1481 petivit.
1037 1386 1159 1460 Stabat
1180 1403 1300 1462 autem
1324 1401 1359 1458 et
1385 1411 1447 1458 rex

136 1509 246 1582 bastae
261 1509 402 1584 innixam
418 1508 648 1606 turbantique
665 1507 841 1580 silentium
865 1507 1005 1606 populo
1022 1533 1149 1602 manu,
1183 1536 1227 1582 ne
1251 1510 1447 1606 obstrepe-

136 1647 199 1722 ret,
224 1629 406 1704 innuebat.
432 1699 437 1706 .
460 1634 578 1723 Quem
593 1630 738 1729 Plogns,
754 1629 903 1704 loricam
925 1649 1022 1706 veste
1040 1649 1169 1708 tectam
1182 1658 1308 1734 gerere
1325 1632 1447 1704 eristi-

134 1769 283 1844 matum,
306 1752 369 1828 din
388 1756 534 1828 cmiosis
556 1751 762 1853 speculatus
776 1753 909 1846 oculis,
933 1771 974 1828 ut
1000 1757 1171 1830 inermem
1200 1751 1449 1853 deprehendit,

135 1876 260 1950 lancea
282 1875 588 1950 transmrberavit.
649 1879 695 1947 Et
712 1899 757 1948 ne
775 1876 931 1952 timidius
946 1877 1062 1952 dicere
1078 1903 1190 1979 quam
1207 1880 1326 1953 facere
1340 1875 1440 1948 vide·

134 2019 245 2092 retur,
269 2023 392 2099 regem
408 2023 429 2071 a
452 2021 491 2072 se
508 2013 727 2098 prostratum
742 1999 976 2090 vociferare,
1000 2017 1146 2076 caeteros
1160 2000 1206 2075 ad
1222 2001 1372 2076 militurn
1386 1998 1448 2072 in-

135 2127 373 2198 ternecionem
388 2119 558 2194 hortatur.
634 2119 765 2196 Aulicis
778 2123 900 2222 itaque
920 2126 1054 2222 passim
1071 2141 1168 2198 metu
1195 2119 1449 2211 dilabentibus,

136 2249 263 2322 Ericus
278 2245 434 2344 Haquini
448 2241 555 2336 filius,
578 2243 694 2318 cui'ex
723 2245 889 2343 patientia
912 2250 1134 2346 cognomen²
1154 2246 1312 2337 obvenit,
1336 2265 1448 2344 egra-

136 2373 236 2472 gium
251 2364 687 2464 fortitudinisexemplnm
703 2366 870 2464 praebuit
921 2372 994 2442 Diu
1009 2365 1185 2467 siquidem
1206 2370 1367 2442 exanime
1380 2389 1447 2438 re-

135 2494 188 2592 gis
204 2513 343 2588 corpus
360 2487 480 2589 gladio
493 2489 656 2586 protexit,
684 2490 863 2589 sociisque
880 2493 918 2564 in
934 2491 1059 2590 lugam
1075 2491 1195 2590 lapsis,
1219 2488 1320 2567 solus
1335 2511 1379 2560 ex
1395 2501 1448 2562 tot
1469 2495 1473 2505 “

136 2611 440 2692 commilitonibus
457 2609 672 2709 intrepidum
699 2615 822 2686 mentis
842 2612 1005 2688 habitum
1027 2620 1158 2709 tenuit,
1184 2615 1328 2714 dignus,
1353 2624 1393 2682 ut
1413 2612 1444 2682 ei

135 2741 172 2810 iu
189 2759 345 2836 regnum
357 2757 543 2810 successor
554 2731 662 2827 ficret,
676 2760 745 2833 pro
761 2759 837 2834 qno
861 2737 965 2812 etiam
982 2741 1131 2812 saducto
1148 2761 1309 2838 pugnarn
1326 2753 1447 2834 gerere

136 2862 349 2960 perstitisset·

268 2984 423 3080 Jamque
436 2996 620 3058 vacantem
631 2982 755 3054 Danioe
768 2984 1033 3080 possessionem
1048 3009 1155 3058 nemo
1172 2981 1350 3081 sanguinis
1367 2977 1445 3052 rir-

137 3111 265 3180 tntisre
281 3101 415 3178 fidncia
431 3119 492 3176 aut
512 3119 635 3201 petere
651 3120 855 3201 satrapeae
871 3105 1123 3202 praesumebat.
1184 3109 1330 3204 Quippe
1351 3104 1445 3176 Sve-

137 3255 183 3304 nn
201 3228 490 3424 Empg'canutus
513 3228 653 3326 Magni,
689 3241 725 3300 et
748 3225 997 3302 Waldemarus
1023 3229 1150 3302 Canuti
1173 3229 1267 3304 filins
1284 3224 1446 3300 nondum

137 3377 250 3452 regno
337 3349 463 3448 pestivi
481 3347 592 3449 suem.
642 3348 877 3424 Christiernus
900 3375 987 3426 vero
1012 3350 1292 3444 Waldemamm,
1316 3367 1445 3450 pater-

136 3651 299 3735 lingornm.
343 3647 522 3729 Hecaddit,
539 3651 672 3733 Plognm
688 3647 760 3712 odio
820 3669 925 3727 omnes
939 3651 1141 3728 nesciverunt,
1161 3651 1229 3736 quis
1250 3671 1355 3733 regem
1367 3647 1447 3712 ooni-

136 3758 288 3842 inregam
304 3754 457 3841 flagrasse,
479 3755 561 3840 quod
575 3757 628 3818 ille
640 3767 761 3840 patrem
820 3754 922 3818 disset.
970 3758 1085 3840 Plogus
1102 3757 1352 3843 itaqneEricum,
1377 3757 1447 3816 stri·

135 3851 510 3927 suum‘innocunmultimo
524 3859 761 3945 affecissetsup-
820 3872 871 3924 cto
893 3859 995 3946 gladio
1017 3875 1261 3946 procurrentem,
1282 3858 1447 3946 proverbio

135 3970 241 4055 plio'o,
264 3969 322 4032 sibi
339 3989 413 4033 sero
437 3987 558 4032 ornnem
585 3964 763 4052 denegasset
821 3969 973 4030 monuisse
1001 3964 1116 4045 fertur,
1158 3969 1223 4052 ejus
1251 3967 1283 4028 in
1314 3984 1448 4029 commo-

136 4075 372 4140 restitntionem.
822 4070 1019 4136 dnmfacinns
1035 4071 1353 4158 luisseperpetratnm.
1371 4073 1448 4132 Haeo

184 4188 194 4220 ¹
207 4185 396 4244 Prossrarum
414 4175 592 4266 vociferans]
620 4177 677 4240 His
698 4197 765 4242 rer·
822 4179 990 4242 narrationi
1000 4181 1125 4242 Saxonis
1139 4181 1244 4241 saltem
1259 4198 1321 4240 noa
1336 4197 1447 4260 repug-

137 4287 184 4351 bis
200 4285 351 4351 effectum
364 4285 455 4350 luisse
471 4285 602 4362 ridetur,
621 4297 657 4346 ut
674 4285 765 4346 satel·
823 4299 906 4348 nant.
938 4285 1062 4350 Occisus
1076 4297 1122 4346 est
1137 4285 1243 4346 Erions
1259 4303 1338 4346 anno
1359 4279 1446 4344 1137.

136 4393 208 4458 lites
232 4392 331 4477 regis,
363 4405 445 4456 metu
465 4411 583 4475 magnas
609 4387 766 4471 cujusdam
870 4397 940 4453 Ἓν
954 4395 1104 4480 patr'entr'a
1126 4387 1296 4474 cognomen]
1318 4387 1447 4472 Stepha-

137 4499 370 4584 oonjttmtionis,
382 4519 488 4562 manus
500 4499 531 4560 in
540 4497 673 4580 Plogum
683 4495 764 4558 hand
823 4496 890 4558 nius
904 4495 1127 4580 perspicuitatis
1142 4497 1238 4582 gratia
1257 4507 1327 4559 ante
1341 4517 1447 4578 cogno·

137 4627 209 4670 mox
235 4607 406 4690 injicerent.
482 4609 570 4670 Juxta
608 4605 764 4680 historiam
822 4627 884 4664 naen
901 4600 1027 4664 inseruit
1043 4607 1123 4686 agni.
1165 4605 1255 4664 Certe
1274 4599 1382 4662 Ericus
1397 4598 1449 4662 ille

138 4713 372 4796 linytlingorurn
402 4712 528 4776 cadente
561 4731 634 4798 rege
659 4714 765 4795 ingens
823 4708 1004 4789 cognomine
1030 4712 1101 4770 Lam
1125 4707 1155 4768 in
1178 4705 1333 4770 annalibus
1358 4705 1447 4786 insig-

137 4835 207 4880 mox
224 4831 312 4882 ortus
327 4831 373 4882 est
386 4819 544 4898 tumultus,
566 4817 597 4881 in
622 4841 683 4904 qno
701 4817 766 4881 lere
824 4813 915 4876 nitur.
