3508 5460
361 291 433 364 766
691 291 866 362 HlSTOll.
884 291 990 367 Dari.
1005 295 1143 368 LIBER
1163 293 1255 365 XlV.

189 555 194 568 .
306 525 346 574 ra
361 516 480 576 nostra
498 514 698 597 coeptorum
713 499 825 574 deviis
842 525 885 574 ac
903 500 1176 598 parricidalibus
1193 499 1297 575 bellis
1321 501 1513 592 abstracti,
1539 527 1622 574 rne-

305 627 372 696 rito
387 628 469 696 tanti
487 621 648 695 beneficii
670 620 855 696 autoribus
872 623 1044 720 gratulari
1060 622 1211 698 debetis.
1276 625 1353 696 Cur
1366 647 1465 723 ergo,
1486 631 1621 698 cunctis

307 750 396 818 inter
410 748 496 818 uos¹
526 746 639 819 antioc
656 749 874 844 compositis,
895 745 963 820 soli
988 748 1251 822 communionis
1272 761 1397 820 vestrae
1416 749 1545 846 januas
1560 754 1621 820 in·-

306 883 397 940 trare
416 891 487 939 non
512 890 727 964 possumus,
761 893 916 966 quarum
938 873 1004 967 ipsi
1023 866 1177 940 claustra
1193 875 1450 960 reseravimus,
1485 869 1622 946 aditum

304 987 560 1087 patefecimus?
619 991 693 1064 Cur
718 1019 761 1064 ea
778 993 953 1067 laetorum
967 1007 1172 1064 nostrorum
1198 989 1397 1088 prudentia,
1420 992 1536 1068 delicti
1554 1019 1620 1067 ve-

305 1113 366 1184 stri
390 1109 626 1184 saluberrima
652 1121 858 1205 correctrix,
892 1141 912 1186 a
940 1116 1021 1188 viris
1045 1119 1214 1211 sapientia
1239 1114 1344 1188 claris
1369 1139 1499 1211 parum
1520 1133 1620 1214 grata

304 1238 534 1308 aestimatione
550 1232 748 1332 colligitur?
810 1243 976 1334 Cumque
993 1239 1136 1328 finisset,
1162 1235 1282 1310 adbuc
1295 1236 1478 1312 Absalone
1494 1255 1620 1314 rasta-

303 1375 357 1431 tas
372 1358 494 1430 Daniae
511 1359 715 1450 provincias
733 1375 969 1456 supputante,
995 1359 1050 1430 Nil
1066 1359 1217 1451 facttum,
1246 1375 1316 1450 est,
1350 1361 1484 1457 iuquit,
1518 1356 1619 1484 qupd

302 1480 468 1556 homines
492 1479 677 1576 patrocinii
719 1482 769 1552 tui
794 1481 934 1581 indigos
967 1480 1013 1554 ab
1045 1480 1140 1554 illius
1173 1481 1367 1556 clementiae
1394 1485 1474 1554 sinu
1490 1477 1619 1578 repel-

302 1603 382 1696 lts2,
415 1625 525 1702 quam
550 1625 656 1674 nuno
679 1603 885 1701 supplicum
910 1629 1068 1702 uuquam
1092 1602 1267 1678 difficilem
1289 1604 1425 1678 habuit.
1482 1603 1620 1676 Etenim

301 1725 438 1825 repulsi
455 1722 644 1796 identidem
661 1727 731 1798 tuis
755 1727 909 1825 genibus
932 1726 1184 1816 advolvemur,
1217 1751 1415 1824 puerorum
1441 1751 1619 1825 perseve-

301 1855 450 1922 rantiam
466 1850 643 1937 imitaturi,
668 1854 822 1946 quiquo
846 1854 997 1923 atrocius
1015 1854 1113 1924 iratae
1134 1855 1256 1926 matris
1278 1849 1489 1926 verberibus
1516 1847 1617 1922 lace-

298 1989 443 2062 rantur,
467 1968 540 2042 hoc
561 1970 700 2044 avidius
725 1973 805 2070 ejus
833 1976 976 2071 gremiis
1001 1973 1111 2045 allabi
1134 1980 1302 2046 nituntur.
1355 1971 1465 2067 Quod
1491 1978 1519 2046 si
1543 1997 1614 2070 pa-

300 2121 379 2169 rum
404 2093 568 2193 supplicii
588 2093 635 2166 de
655 2095 760 2168 nobis
792 2113 974 2192 sumptum
1005 2096 1163 2186 creditis,
1196 2099 1287 2170 iram
1309 2115 1481 2188 vestram,
1515 2121 1614 2194 quo-

301 2218 348 2292 ad
372 2219 475 2309 libet,
509 2215 672 2290 cladibus
701 2221 830 2293 nostris
859 2220 1006 2315 impune
1029 2226 1201 2292 exsatiare
1218 2223 1389 2318 poteritis.
1456 2221 1611 2292 Vasten-

302 2358 360 2416 tut·
383 2340 467 2414 licet
483 2345 570 2439 agri,
592 2356 784 2430 exurantur
800 2346 887 2432 vici,
920 2356 1123 2415 evertantur
1137 2343 1267 2431 urbm,
1293 2341 1513 2418 trucidentur
1540 2367 1613 2440 po-

298 2465 394 2565 puli,
421 2464 592 2563 precibus
618 2464 826 2554 vobiscum,
848 2493 918 2538 non
943 2470 1070 2554 armis,
1093 2489 1260 2563 agemus,
1296 2489 1364 2562 pro
1387 2463 1484 2538 bello
1507 2466 1612 2538 veui-

299 2615 357 2662 am
372 2591 566 2688 quaesituri.
616 2591 651 2660 si
669 2594 879 2686 sauguinem
902 2589 1020 2676 sititis,
1043 2586 1135 2659 ultro
1149 2588 1319 2686 jugulum
1341 2584 1468 2685 gladiis
1488 2590 1613 2660 vestris
1734 2617 1735 2703 q

297 2711 496 2786 feriendum
522 2710 774 2809 praebebimus.
833 2713 866 2782 Si
887 2712 1067 2783 servitium
1092 2710 1280 2802 affectatis,
1315 2708 1407 2806 quid
1432 2707 1613 2784 deditione

297 2839 414 2936 majus
434 2850 601 2933 praestare
618 2837 838 2930 poterimus?
896 2839 982 2925 Quis
1009 2850 1127 2906 autem
1148 2850 1219 2906 tarn
1242 2833 1360 2906 efferae
1378 2835 1521 2924 mentis,
1550 2833 1612 2930 qui

296 2961 376 3056 ejus
400 2957 626 3033 oblatoribus
647 2981 796 3053 parcere
820 2974 1044 3053 praesto.non
1066 2959 1132 3028 sit?
1192 2961 1366 3030 Extremae
1396 2971 1516 3028 autem
1540 2954 1610 3028 de-

297 3083 436 3154 mentiae
462 3097 516 3152 est
541 3079 631 3152 velle
661 3077 848 3150 laboribus
863 3076 1046 3176 '‘adipisci,
1081 3078 1184 3177 quod
1215 3084 1289 3152 otio
1321 3082 1435 3176 possit
1466 3083 1610 3176 acquiri.

296 3206 375 3276 Scio
395 3219 524 3293 autem,
539 3201 629 3274 illud
645 3202 710 3274 tibi
726 3227 943 3290 succurrere,
958 3201 1060 3299 quod
1076 3207 1196 3299 priore
1212 3201 1394 3299 colloquio
1410 3204 1535 3301 patrie
1545 3215 1612 3274 tuae

295 3329 491 3402 vastitatem
522 3327 612 3396 inter
635 3324 769 3420 probra
795 3325 996 3422 posuerim,
1036 3323 1192 3424 ideoque
1223 3341 1256 3398 te
1286 3341 1358 3398 tam
1392 3327 1610 3424 pertinaciter
1732 3345 1733 3358 ¹

294 3451 373 3550 ejus
387 3445 601 3541 solitudines,
613 3449 795 3536 aestimare,
822 3449 981 3544 ueprius
997 3445 1043 3518 de
1059 3471 1149 3543 pace
1173 3464 1310 3548 agatur,
1336 3473 1447 3546 quam
1466 3447 1611 3521 totidem

293 3572 393 3672 apud
409 3596 477 3646 nos
495 3571 619 3644 vestris
635 3576 742 3644 armis
758 3569 892 3642 effectae
910 3571 1048 3644 suerint
1100 3576 1180 3671 Ego
1197 3596 1284 3644 vero
1304 3569 1533 3670 jampridem,
1548 3595 1611 3644 sa-

291 3694 473 3796 pientibus
491 3696 631 3768 monitis
649 3695 850 3792 insipienter
866 3716 962 3783 usus,
971 3691 1163 3766 adversarii
1174 3709 1294 3790 partes
1307 3719 1423 3786 secus,
1437 3719 1482 3772 ac
1495 3721 1609 3794 expe-
1731 3669 1732 3706 l

293 3818 393 3908 diret,
409 3816 549 3904 edocui,
574 3818 730 3914 ignarus,
758 3814 858 3915 quod
875 3813 1029 3888 auditori
1051 3830 1122 3888 tam
1147 3821 1277 3889 attento
1299 3836 1506 3916 preceptor
1520 3823 1610 3892 exti-

291 3948 405 4016 terim.
472 3945 561 4014 Nam
585 3965 658 4012 rem
684 3940 884 4037 puerilibus
909 3935 1146 4010 deliramentis
1178 3956 1453 4014 consentaneam
1484 3941 1609 4016 dixisse

290 4069 402 4138 satius
425 4065 548 4138 fuerat.
611 4061 833 4156 Quodvero
862 4060 1021 4135 locutum
1048 4085 1106 4132 me
1127 4086 1222 4136 nune
1246 4069 1413 4160 poenitet,
1448 4083 1483 4140 te
1509 4069 1607 4139 etiam

290 4185 434 4262 audisse
449 4189 588 4288 piguit.
612 4195 656 4259 At
670 4190 699 4260 si
718 4205 802 4260 tunc
818 4185 997 4258 intellectu
1015 4183 1124 4284 digna
1140 4190 1207 4258 tuis
1224 4187 1374 4263 auribus
1391 4189 1608 4290 deprompsi,

290 4335 373 4408 quae
391 4337 487 4384 nune
504 4336 649 4410 quoque
666 4309 827 4382 dicturus
842 4332 915 4399 ero,
941 4309 1019 4405 pari
1037 4310 1165 4382 mentis
1191 4313 1325 4384 ratione
1344 4314 1529 4410 suscipito,
1544 4341 1608 4388 eo-

290 4429 373 4504 dem
390 4433 530 4532 ingenio
550 4435 736 4532 praesentia
755 4430 940 4518 hauriens,
966 4457 1041 4528 quo
1067 4433 1195 4528 prioris
1216 4431 1365 4532 alloquii
1394 4433 1606 4512 documenta

289 4555 478 4650 sumpsisti.
543 4561 621 4648 Quo
641 4558 813 4654 majorem
840 4553 885 4626 de
910 4553 1013 4626 nobis
1030 4569 1184 4653 stragem
1214 4557 1373 4653 egeritis,
1401 4557 1473 4632 hoc
1491 4564 1607 4634 mino-

337 4756 436 4840 ΙΝω]
450 4755 537 4844 (neg.
552 4785 611 4823 uos.
625 4759 698 4844 aig.)
1019 4759 1180 4847 ²Itepellis]
1199 4761 1256 4824 Ed.
1283 4785 1330 4846 pr.
1355 4763 1475 4826 librarii
1494 4765 1541 4828 rel
1565 4775 1606 4843 ty-

973 4867 1125 4952 pographi
1142 4889 1248 4934 errore
1262 4869 1355 4936 babet
1372 4873 1501 4957 repelles.
