3582 5466
390 303 464 376 tot
723 301 899 373 lllSTOPu
921 299 1272 374 nstitutum

342 514 471 608 ingenti
492 509 693 588 fortitudine
706 509 838 598 effecit,
862 523 902 584 ut
927 521 988 582 aut
1002 507 1202 582 tenendbus
1229 485 1350 580 restirn
1372 519 1553 581 ercam
1588 517 1650 578 aut
1769 539 1770 544 ,

342 629 489 743 eosdem
506 631 554 706 ad
570 655 609 710 se
630 656 848 733 magnopere
867 632 1055 706 renitentes
1067 628 1277 728 appelleret,
1295 625 1494 726 funemque
1516 626 1650 702 duem

327 745 566 854 'aequemus
590 757 692 854 sequi
711 771 865 855 cogeret.
920 751 1047 827 Eidem
1070 775 1221 851 qnoque
1245 751 1527 850 speciosissimus
1549 748 1649 824 vocis

344 874 489 952 babitus
505 877 578 952 fuit.
628 875 812 976 Siquidem
822 877 1012 950 conciones
1032 899 1105 950 nnn
1124 874 1244 950 solum
1266 873 1448 970 praestanti
1460 869 1649 966 §facundia

345 999 411 1076 sed
426 1005 530 1074 edam
546 1016 640 1074 tanta
658 999 955 1097 pronunciationis
971 995 1205 1094 amplitudine
1213 993 1434 1085 celebrabat,
1449 1010 1489 1068 nt
1503 997 1538 1066 in
1556 996 1649 1066 noti-

345 1121 476 1197 onibus
491 1147 565 1196 non
580 1121 734 1196 solum'a
751 1117 999 1218 presentibus,
1013 1115 1078 1192 sed
1093 1117 1197 1190 edam
1213 1141 1234 1188 a
1249 1115 1378 1215 procul
1395 1117 1519 1216 pos'uis
1533 1114 1649 1212 liqui-

344 1241 396 1318 du
408 1242 644 1318 exaudiretur.
680 1247 892 1316 Praetererea
906 1239 954 1314 nd
970 1237 1229 1316 conciliandam
1243 1238 1312 1324 sibi
1329 1237 1559 1337 popularium
1576 1237 1649 1312 be-

344 1365 579 1440 nevolentiam
602 1370 638 1436 in
662 1381 818 1438 cruenta
852 1367 1030 1438 actionum
1056 1387 1205 1438 suarum
1240 1376 1343 1460 parte
1375 1359 1530 1434 mandati
1569 1359 1650 1434 loco
1771 1427 1772 1432 ,

344 1486 556 1564 subnectere
572 1503 815 1579 consueverat,
841 1503 880 1560 ut
892 1487 958 1560 riri
974 1487 1148 1585 conjuges
1161 1507 1246 1560 suas
1261 1495 1315 1556 'ac
1349 1481 1484 1556 liberos
1508 1505 1650 1558 necnon

344 1625 381 1688 et
398 1633 533 1699 meros,
558 1614 811 1706 cumprimum
835 1605 964 1682 domos
981 1607 1171 1699 redissent,
1207 1604 1279 1680 aab
1292 1603 1489 1703 ejustitulc
1513 1627 1651 1678 consa·

345 1728 524 1804 lutationis
536 1731 653 1808 cilicio
670 1747 980 1830 prosequerentur,
1006 1753 1164 1806 suum-se
1180 1729 1311 1826 cuique
1321 1728 1401 1826 jus¹
1426 1742 1651 1802 serenarum

343 1853 567 1948 promittens,
591 1879 894 1953 communemque
917 1854 1050 1928 aunem
1071 1852 1108 1925 in
1132 1848 1335 1924 exhibendo
1356 1851 1531 1948 aequitatis
1553 1847 1653 1924 cultu
1772 1869 1773 1886 ³

344 1967 544 2046 debitorem
560 1973 748 2050 affirmans.

478 2097 610 2170 Verum
624 2096 721 2172 hune
734 2098 897 2196 corporis
913 2099 990 2195 ejus
1007 2097 1188 2194 animique
1203 2093 1382 2194 fulgorem
1396 2091 1473 2168 sola
1495 2089 1651 2166 libidinis

346 2217 400 2288 vis
415 2221 509 2292 tetris
524 2221 802 2318 intemperantiae
820 2217 968 2294 maculis
991 2217 1221 2294 obscurabat.
1241 2293 1245 2308 ,
1271 2219 1452 2319 Siquidem
1466 2217 1651 2314 conjuga·-
1773 2274 1774 2310 ,

346 2335 388 2410 lis
401 2339 543 2437 copule
558 2342 663 2415 taedio
672 2341 814 2416 Veneris
829 2365 935 2416 usum
945 2339 1114 2438 pellicum
1128 2341 1302 2417 cubiculis
1316 2345 1486 2416 intentum
1508 2336 1650 2427 babuit,
1773 2313 1774 2360 l

333 2463 745 2560 .quanquameifnrtuna
758 2463 1030 2538 uxoremforma
1046 2489 1088 2538 ac
1096 2464 1257 2540 moribus
1266 2465 1497 2560 conspicuam
1510 2459 1651 2534 meins-

346 2596 411 2657 aet.
422 2587 492 2658 Nec
506 2581 792 2660 defuitbotildae²
808 2584 1041 2660 tolerabunda
1050 2611 1149 2662 mens
1158 2586 1431 2661 adinsolentiam
1438 2585 1651 2658 maritinae-

347 2704 536 2782 tinendam.
573 2699 735 2782 'Puellae
756 2705 950 2806 siquidem,
990 2732 1083 2807 quas
1099 2708 1147 2781 ab
1164 2733 1208 2784 eo
1230 2709 1389 2784 adamari
1412 2715 1650 2808 persenserat,
1774 2795 1775 2804 ἵ

347 2843 515 2905 materna}
531 2826 728 2906 dilectionis
741 2829 868 2904 officiis
885 2830 1182 2928 prosequebatur,
1198 2855 1342 2929 easque,
1355 2857 1431 2930 quo
1444 2833 1650 2930 promptius

346 2952 460 3024 manti
473 2951 598 3026 studiis
614 2949 833 3051 indulgeret,
868 2951 991 3050 quoad
1008 2956 1111 3045 vixit,
1143 2958 1231 3028 inter
1254 2955 1487 3053 pedissequas
1510 2951 1649 3028 habuit.

347 3075 507 3164 Quarum
525 3071 728 3145 ntfnrrrram
745 3099 894 3174 quoque
907 3077 1170 3150 concinniorem
1193 3075 1363 3167 efficeret,
1398 3099 1651 3178 womero

347 3194 493 3290 capitis³
532 3219 654 3268 earum
684 3193 816 3270 cultum
857 3198 1011 3298 propriis
1041 3197 1205 3274 manibus
1245 3197 1454 3291 exhibebam
1490 3223 1651 3295 cumque

346 3311 492 3387 abunde
508 3313 596 3390 soret
613 3323 699 3391 iram
716 3319 908 3420 abjecisse,
932 3319 1068 3394 addidit
1084 3323 1279 3412 caritatem,
1305 3337 1357 3412 et,
1372 3327 1456 3419 quia
1473 3346 1538 3394 sun
1553 3345 1649 3420 spe-

346 3583 387 3646 ita
398 3583 563 3671 corripere,
587 3603 619 3654 ut
629 3604 700 3656 octo
716 3593 795 3655 riroa
812 3593 891 3658 adse
904 3606 967 3656 tra·
1021 3593 1129 3654 Canuti
1165 3591 1264 3676 quinti
1305 3593 1485 3664 concinnata
1517 3591 1650 3675 (script.

345 3691 441 3758 heret.
1019 3717 1079 3758 rer.
1091 3700 1169 3760 Dan.
1191 3700 1251 3760 vol.
1274 3703 1298 3760 ll
1313 3721 1344 3784 p.
1367 3696 1450 3777 159),
1470 3697 1650 3762 Chronicnn

392 3797 474 3876 Vns]
488 3803 531 3862 lta
541 3812 621 3864 recte
638 3803 761 3864 omnino
772 3803 846 3886 legit
859 3803 965 3886 Stepb.
1019 3803 1179 3868 Siniandiae
1202 3802 1290 3882 (ibid.
1324 3827 1352 3888 p.
1384 3801 1460 3882 600)
1479 3821 1650 3886 omnesque

344 3925 402 3988 pra
426 3909 505 3970 tilius
528 3905 559 3966 in
581 3905 626 3968 ed.
648 3929 713 3992 pc,
737 3907 820 3992 quod
848 3909 963 3970 nullum
1019 3911 1192 3988 annalistae,
1216 3907 1269 3996 qni
1294 3907 1450 3974 Botbildaa
1476 3927 1545 3980 cunt
1570 3927 1652 3990 rega

346 4031 465 4079 mnsam
481 4010 591 4076 fundit.
1024 4013 1062 4076 ad
1084 4028 1201 4078 terram·
1216 4029 1350 4080 sanctam
1372 4011 1595 4098 perlectionem
1611 4026 1651 4076 et

389 4116 558 4199 ’BotiidoeJ
593 4119 690 4180 Actor
717 4115 852 4179 historie
876 4117 968 4199 linyt-
1023 4119 1171 4184 ininsula
1194 4123 1296 4205 Cypro
1324 4119 1441 4184 obitum
1462 4139 1651 4184 commemo-

344 4220 505 4306 lingornm,
527 4225 580 4308 qui
596 4224 626 4288 in
642 4222 780 4309 plurimis
798 4219 887 4284 iidem
906 4243 967 4285 ma·
1022 4239 1176 4302 raserunt,
1196 4225 1354 4290 sedetiam
1372 4243 1418 4298 ea,
1437 4245 1506 4308 quta
1525 4243 1561 4290 ex
1580 4237 1650 4288 tra-

343 4340 438 4404 retur,
458 4329 606 4413 integram
626 4327 760 4392 fabulam
783 4328 883 4390 nescio
913 4351 967 4390 un·
1021 4329 1136 4394 ditione
1157 4332 1299 4416 populari
1324 4332 1361 4394 de
1398 4331 1559 4397 tolerantia
1581 4335 1650 4396 Bo-

344 4433 383 4496 da
418 4447 574 4519 acceptam
613 4433 650 4496 de
682 4433 826 4498 Botbilda
855 4435 966 4518 pellica
1021 4435 1126 4498 thildre
1147 4457 1219 4522 erge
1231 4437 1372 4502 maritum
1394 4438 1496 4512 attulit
1515 4441 1651 4516 Noster3

342 4541 422 4626 regis
452 4541 535 4608 Erici
568 4539 727 4628 errarrarit.
783 4539 863 4602 Satis
893 4555 966 4602 vero
1022 4541 1090 4603 talia
1114 4541 1193 4606 enim
1209 4543 1255 4608 rix
1279 4539 1317 4607 de
1340 4545 1400 4607 ulla
1424 4544 1583 4626 aliaquam
1604 4543 1649 4606 de

343 4657 472 4724 constat,
488 4644 661 4708 Bntbildam
681 4664 784 4708 revera
804 4645 895 4710 inisse
918 4667 965 4710 re·
1021 4648 1152 4732 legitima
1170 4669 1263 4714 uxore
1287 4649 1475 4714 circumferri
1490 4661 1650 4733 paneam.

341 4751 450 4834 qinom.
481 4754 551 4814 Hoc
565 4771 626 4812 non
644 4751 895 4816 modotestaatnr
910 4774 962 4836 ge·
1065 4752 1226 4840 ’Capitisl
1256 4758 1289 4821 ln
1317 4755 1364 4820 ed
1393 4753 1500 4840 Stepb
1530 4753 1649 4838 legitur

342 4855 684 4942 nealogiael'l'ilbelmo
697 4856 806 4922 abbeie
824 4871 962 4943 tempora
999 4861 1169 4944 ¹‚cttpt'tt'lutn
