3524 5460
476 333 625 408 SVENO
648 335 702 406 lli.
739 334 1065 412 WALDEMARUS
1083 336 1106 405 1.
1330 330 1401 402 725

14 607 15 618 ,
143 567 209 643 que
234 567 361 616 cruore
376 561 485 642 caput
501 544 666 618 manibus
682 567 724 617 ac
745 545 1066 644 sinuocmplexus,
1101 548 1192 618 int'er
1209 548 1308 642 ipsos
1324 567 1451 616 anno-

143 691 216 739 rum
232 667 401 762 strepitus
426 664 702 760 salutemsuam
729 670 953 768 quamgt-egis
968 693 1091 740 curam
1106 665 1283 766 negligere
1300 679 1451 763 praecp-‘

141 789 245 881 tabat,
261 787 418 886 reliquiis
432 789 576 886 spiritus
590 787 711 864 adhuc
728 791 765 861 in
780 791 859 888 ejus
872 805 1017 886 pectore
1030 785 1297 888 palpitantibus.
1347 794 1450 864 Tan-

141 913 219 986 dem
239 918 415 986 canutum
429 935 449 984 a
469 936 509 984 se
523 914 633 984 teneri
647 911 762 985 cultus
778 909 908 984 indicio
926 927 1102 1010 expertus,
1124 914 1334 1012 permixtum
1351 939 1449 986 rnoe-

14 1049 16 1060 “
140 1039 208 1110 rori
223 1033 394 1135 gaudium
408 1031 544 1106 habuit.
595 1035 772 1129 Dobious,
787 1039 843 1108 vir
857 1035 971 1134 prima
986 1033 1146 1125 audacia,
1173 1034 1261 1109 dum
1275 1041 1450 1134 regione-

139 1183 215 1232 cem
236 1159 273 1230 in
300 1173 443 1231 autores
461 1155 640 1230 vindicare
664 1175 831 1250 conmur,
856 1157 1037 1231 occiditur.
1090 1161 1224 1257 Itaque,
1243 1161 1356 1232 noctis
1372 1159 1449 1232 ob-

139 1307 242 1358 scuro
265 1277 443 1354 neminem
460 1277 611 1352 discerni
627 1282 797 1380 patiente,
836 1284 871 1352 in
888 1305 971 1372 eos,
996 1282 1058 1377 qui
1079 1279 1202 1354 valvas
1217 1280 1366 1378 propius
1381 1305 1449 1354 ac-

138 1406 336 1496 cessissent,
367 1404 487 1474 stricto
514 1402 610 1476 lerro
637 1404 900 1502 proruebatur,
932 1405 1015 1502 quia
1039 1401 1265 1492 tenebrarum
1281 1405 1449 1498 accessio,

137 1525 302 1602 hostesne
337 1549 383 1597 an
413 1523 670 1598 commilitones
698 1523 880 1617 adessent,
918 1527 1094 1598 incertum
1126 1524 1265 1598 fecerat.
1322 1513 1449 1624 ‘igitur

137 1645 429 1743 constantium,
454 1651 516 1747 qui
531 1653 648 1746 primo
666 1649 753 1722 iuter
772 1651 896 1722 Canuti
914 1651 1129 1722 necessarios
1148 1646 1229 1722 loco
1244 1648 1378 1740 luerat,
1404 1674 1449 1723 ne

134 1776 225 1846 exitu
245 1771 518 1872 prohiberetur,
552 1769 789 1862 Absalouem,
814 1776 850 1843 in
867 1771 970 1868 cujus
986 1773 1061 1871 jam
1077 1773 1214 1871 grendo
1232 1770 1453 1872 complexum.

52 1944 55 1950 -
135 1921 208 1994 que
235 1899 394 1970 canutus
417 1898 579 1995 spiritum
609 1892 846 1993 deposuerat,
880 1891 928 1966 ad
952 1919 1061 1967 uuum
1077 1895 1250 1968 ostiorum
1266 1895 1448 1991 accedere,

132 2043 206 2118 quo
233 2021 339 2092 tutior
361 2018 431 2092 sibi
455 2024 490 2090 in
514 2015 693 2116 reliquum
715 2039 913 2116 procursus
929 2033 1083 2115 pateret,
1109 2019 1211 2090 tacite
1235 2016 1448 2117 postulabat,

134 2158 355 2241 parenteque
370 2165 425 2230 eo,
442 2164 606 2214 seorsum
624 2138 778 2239 elapsus,
803 2140 914 2232 abiis,
933 2142 994 2240 qui
1010 2141 1098 2214 loris
1113 2141 1358 2236 versabantur,
1375 2167 1445 2216 ex-

131 2281 263 2364 ceptus
294 2266 517 2364 opprimitur.
576 2259 735 2336 Absalon
759 2287 866 2352 -vero,
889 2269 1040 2361 propior
1057 2264 1136 2360 ejus
1160 2263 1320 2360 petitioni
1337 2275 1466 2362 quam'

130 2411 206 2460 suae
232 2385 352 2479 saluti,
384 2388 510 2460 Canuti
536 2408 690 2484 corpore
710 2398 909 2458 reverenter
923 2399 1060 2474 amoto,
1093 2409 1242 2458 securus
1258 2385 1446 2484 periculo-

130 2535 213 2584 rum
239 2511 455 2584 inarmatus
482 2503 732 2608 progreditur,
768 2505 989 2606 crebrasque
1011 2532 1138 2581 eorum
1157 2510 1447 2610 interrogationes

128 2633 354 2707 confessione
375 2638 428 2705 sui
446 2631 598 2703 nominis
616 2627 806 2703 absolvere
823 2629 985 2732 dignatus
1004 2655 1075 2703 uon
1097 2649 1158 2706 est.
1211 2636 1337 2732 Itaque
1351 2657 1446 2707 eon-

126 2755 256 2828 stantia
284 2756 522 2828 taciturnitatis
547 2751 690 2852 adjutus
707 2753 898 2828 salutarem
915 2759 1002 2828 inter
1021 2751 1143 2828 hostes
1165 2780 1350 2856 egressum
1373 2755 1446 2831 ha-

127 3113 229 3160 aarum
259 3099 370 3182 reginam
396 3095 600 3182 pertinebunt,
635 3097 762 3168 domum,
820 3099 934 3184 posuit,
956 3119 1086 3180 rogans,
1115 3120 1182 3159 num
1209 3099 1303 3162 adduc
1324 3104 1446 3175 uiueret,

125 3221 184 3288 quo
199 3205 306 3276 cairus,
326 3225 359 3266 eo
369 3203 483 3288 potius,
504 3202 662 3287 relinquere
681 3204 762 3265 uolu-
824 3202 949 3275 addens,
949 3205 1062 3290 sugam
1066 3221 1167 3292 petere
1170 3229 1264 3292 posse.
1280 3207 1341 3268 Sed
1347 3207 1445 3272 Certu-

123 3325 234 3382 erunt,
257 3312 338 3382 rati,
361 3309 493 3370 domibus
519 3332 587 3370 suos
606 3307 673 3390 jum
684 3308 760 3392 suto
813 3327 873 3390 ,tur
885 3311 960 3372 uidi!
975 3311 1139 3398 respondit,
1153 3328 1182 3373 et
1196 3315 1226 3372 iu
1245 3315 1366 3396 genibus
1383 3315 1446 3397 ejus

111 3413 252 3504 functos
272 3439 342 3480 esse.
366 3415 496 3478 Absoluta
513 3437 580 3476 uero
598 3438 629 3475 se
646 3413 761 3477 cultra·
823 3421 949 3480 unimam
967 3417 1091 3502 allicuit.
1132 3415 1286 3480 Habemus
1301 3417 1352 3482 hic
1365 3440 1446 3506 prat·

117 3520 193 3584 dere
207 3523 367 3584 recusauit.
409 3521 541 3585 Credidit
555 3523 649 3593 eurbr,
670 3521 761 3583 Wul·
821 3522 936 3586 clarum
958 3523 1211 3608 magnanimitatis
1225 3522 1385 3592 Absalonis
1400 3539 1446 3589 te-

119 3627 283 3690 demnrum
306 3628 460 3714 cecidisse,
479 3629 626 3710 noluitque
645 3650 664 3687 a
691 3649 760 3710 rege
819 3627 1003 3707 stimonium,
1018 3648 1081 3691 non
1095 3649 1113 3690 a
1129 3628 1238 3694 cliente
1247 3630 1322 3716 ejus,
1337 3630 1390 3695 sed
1406 3629 1445 3694 eb

116 3737 277 3820 separari
313 3735 414 3796 Rediit
430 3738 527 3817 r'tuque
543 3737 574 3793 iu
589 3731 676 3805 redes,
688 3755 761 3818 quar
820 3733 943 3798 homine
956 3732 1121 3819 peregrino
1138 3733 1184 3795 itti
1199 3735 1354 3820 aliquanto
1372 3749 1445 3821 post

117 3841 287 3903 memus
302 3865 366 3903 eum
380 3843 466 3904 soritis
483 3841 653 3924 reliquerat,
673 3841 762 3902 Wul·
821 3852 951 3904 mortem
974 3838 1150 3904 exhibitum.
1199 3840 1305 3904 Caedes
1320 3856 1445 3927 peracta

112 3947 283 4010 damarum
295 3947 342 4008 uel
352 3949 448 4008 aruum
462 3947 510 4008 uel
528 3961 672 4006 mortuum
686 3967 762 4030 quoe·
823 3958 869 4010 est
881 3966 961 4010 anuo
983 3941 1064 4008 1157
1082 3945 1192 4030 vigiliis
1212 3948 1257 4010 St.
1278 3949 1444 4026 Laurentii,

112 4056 254 4114 πίτυι-ω.
307 4053 526 4130 ¹Wuldemurur
546 4073 615 4111 uero
636 4051 761 4134 aufuge·
822 4052 882 4124 hoc
898 4065 954 4134 est,
969 4048 1018 4114 die
1031 4073 1114 4116 nono
1132 4053 1269 4138 Augusti.

111 4177 179 4222 rat.
245 4151 409 4239 (Omnibus
437 4155 470 4220 iu
489 4153 623 4220 triclinio
645 4154 761 4232 occisit,
868 4157 1111 4238 ¹Constanrinus]
1127 4163 1174 4222 Dc
1186 4173 1222 4222 co
1237 4159 1311 4222 nihil
1325 4173 1444 4234 constat

110 4277 370 4330 consentancum
387 4275 442 4341 est,
465 4259 619 4326 carnifices
638 4279 702 4323 sese
714 4258 762 4323 io·
821 4279 937 4352 practer
951 4286 996 4344 ea,
1015 4287 1084 4352 quac
1107 4265 1187 4350 apud
1209 4267 1353 4328 Nostrum
1367 4278 1397 4329 ct
1412 4269 1443 4330 iu

109 4393 167 4436 rae
187 4369 407 4458 proripuisse,
430 4367 664 4438 Waldemarum
683 4366 763 4454 sugi-
820 4373 890 4435 luco
908 4392 943 4435 ex
968 4371 1093 4436 historia
1121 4371 1353 4454 linytlingcruna
1375 4395 1444 4438 mox

105 4491 231 4544 eutem
252 4477 465 4553 insecuturos.)
491 4479 628 4542 Tunicam
646 4479 763 4566 pellace·
823 4473 985 4541 afferendo
1002 4479 1152 4562 leguntur.
1194 4479 1390 4560 conjecturas
1407 4481 1444 4546 de

107 4611 179 4656 am,
208 4607 305 4670 quam
330 4585 455 4646 dumerr‘s
472 4591 601 4669 gestauit
620 4571 763 4665 Curatur,
823 4601 933 4666 genere
942 4582 1082 4666 ejusride
1095 4582 1175 4668 apud
1186 4583 1342 4650 Submiutu
1351 4585 1444 4666 (Hist.

102 4689 298 4781 eapr'tr'ejus
319 4693 349 4751 iu
368 4696 536 4779 pauimento
552 4695 681 4776 jaceatis
695 4718 762 4782 sup·
824 4689 859 4754 al
869 4693 979 4754 Danm.
993 4685 1014 4755 6
1027 4691 1066 4752 D.
1080 4691 1110 4754 S.
1126 4686 1189 4753 250
1206 4703 1237 4754 et
1254 4692 1284 4754 in
1301 4691 1411 4776 addit.)

1151 4795 1249 4892 (tu)
