3508 5460
644 293 1011 370 WALDEMARUSI.
1362 293 1435 366 745

162 505 256 578 enim
280 500 387 576 ntdu
405 499 626 575 cotntueatus
649 522 849 602 superesse,
875 507 1077 602 exiguoque
1097 507 1248 600 trajectu
1266 503 1390 579 hostes
1418 531 1486 578 ac-

162 627 246 707 cedi
266 648 385 724 posse.
438 625 548 718 Quod
568 629 597 700 si
612 634 773 725 prasenti
791 628 1040 700 alimentorum
1062 649 1134 724 ope
1148 626 1394 720 deicerentur,
1419 628 1486 701 alia

164 749 272 822 armis
288 769 367 820 esse
385 748 578 846 poscenda.
640 755 812 848 oportere
827 773 925 850 ergo,
951 773 1034 824 mox
1049 765 1090 821 ut
1111 747 1227 822 undas
1244 753 1394 850 remigio
1412 750 1486 824 ha·-

161 871 255 946 biles
271 869 442 962 viderint,
463 894 624 970 sparsam
639 876 742 948 ocius
761 875 851 946 uniri
866 871 1036 960 classem,
1071 874 1364 970 incessuramque
1386 879 1484 948 soci—

161 995 208 1068 ali
225 993 376 1092 rmnigio
390 994 568 1094 progredi
623 997 768 1094 Quippe
793 995 1055 1094 navigationem
1071 1019 1215 1068 omnem
1234 993 1305 1068 boc
1328 997 1486 1070 alacrio-

161 1145 251 1206 rem,
270 1143 347 1215 quo
362 1116 634 1215 aequabiliorem
650 1120 808 1190 existere.
842 1121 928 1206 Rex,
945 1117 1122 1188 monitore
1138 1115 1297 1206 laudato,
1313 1118 1486 1194 Absaloni
1532 1215 1537 1220 .

160 1237 393 1341 speculandae
413 1245 631 1338 tempestatis
648 1241 805 1314 officium
830 1236 991 1327 mandat,
1024 1237 1106 1326 sibi,
1125 1242 1383 1336 cumprimum
1406 1269 1486 1314 eam

161 1365 300 1462 remigii
321 1363 512 1461 patientem
540 1361 750 1454 adverteret,
775 1363 985 1436 indicaturo.
1047 1357 1207 1434 Absalou
1232 1363 1363 1460 cupide
1384 1391 1485 1463 prae-

158 1505 287 1586 cepto,
313 1483 414 1583 quod
447 1493 521 1560 suis
547 1489 688 1560 mortitis
716 1486 918 1575 extuderat,
954 1485 1165 1575 obsecutus,
1198 1499 1303 1558 nocte
1329 1505 1485 1582 postera,

160 1633 253 1682 aura
269 1605 483 1685 sensibiliter
507 1610 679 1706 impetum
697 1613 904 1701 remittente,
929 1624 1059 1682 eventu
1084 1609 1248 1705 gavisus,
1274 1607 1485 1684 antelucano

157 1749 341 1830 tempore,
366 1733 519 1830 peractis
538 1732 675 1825 divinis,
701 1733 747 1805 ad
763 1757 884 1833 regem
902 1733 1082 1829 pervenit,
1103 1731 1317 1822 nuatciando,
1340 1747 1485 1830 tempe-

161 1871 291 1928 statem
319 1871 484 1953 exparte
511 1853 731 1954 collapsam,
766 1855 975 1955 possibilem
995 1853 1142 1952 quidun
1158 1851 1387 1952 profectioni,
1419 1855 1484 1928 sed

160 1974 342 2050 difficilem
358 1977 448 2069 iore,
473 2003 540 2052 nec
556 1981 623 2054 nisi
636 2003 775 2052 summa
795 2005 878 2052 cum
894 1978 1030 2076 remigii
1052 1975 1257 2048 dissicultate
1277 1976 1483 2078 navigatio·-

159 2103 218 2176 nis
229 2123 401 2196 capacem
422 2103 578 2176 existere.
631 2103 881 2200 despondente
903 2125 1001 2198 rege,
1018 2123 1138 2173 moras
1162 2125 1237 2172 esse
1253 2101 1484 2197 rumpendas,

157 2247 230 2323 per
241 2217 439 2296 ludibrium
452 2223 639 2331 subtexuit,
665 2225 819 2323 pulchre
833 2248 873 2298 se
891 2247 1040 2320 operam
1056 2223 1295 2318 impensuros,
1319 2225 1360 2314 si,
1376 2227 1484 2302 navi-

158 2347 312 2446 gationis
325 2345 513 2420 medietate
531 2349 702 2440 conl'ecta,
719 2348 816 2421 unde
831 2346 1019 2434 solve1ant,
1044 2344 1112 2415 sint
1126 2347 1315 2417 reversuri.
1369 2349 1483 2444 Cujus

157 2469 248 2544 dicti
262 2469 469 2567 proclivitas
490 2474 627 2546 tametsi
645 2474 729 2570 j0c0
745 2471 951 2544 mordacior
967 2465 1156 2554 videretur,
1181 2467 1304 2564 ingens
1319 2475 1393 2566 regi
1415 2495 1481 2542 ca-

156 2592 348 2693 pessentlae
372 2592 507 2668 virtutis
521 2595 676 2690 praebuit
693 2595 965 2668 incitamentum.
1030 2587 1168 2687 Lepida
1182 2605 1302 2662 tamen
1323 2591 1482 2664 irrisione

158 2742 237 2790 nou
252 2720 380 2807 caruit,
412 2716 656 2816 subjungente
682 2743 783 2816 rege,
821 2717 1072 2790 revertentem¹
1097 2737 1136 2786 se
1176 2739 1218 2786 ex
1242 2737 1304 2802 eo,
1340 2738 1422 2811 quae
1444 2717 1481 2785 in

159 2833 301 2911 Solaria
321 2855 501 2938 geranmr,
525 2863 634 2936 posse
651 2859 881 2940 cognoscere.
934 2838 1109 2935 Principio
1125 2835 1248 2910 classis
1265 2836 1382 2910 laetam
1398 2838 1481 2910 ala-

155 2983 333 3060 cremque
351 2965 611 3062 navigationem
629 2962 740 3063 pleno
772 2961 915 3036 fiduciae
942 2961 1093 3058 remigio
1115 2961 1332 3056 proferebat.
1392 2966 1482 3034 Nam

156 3087 255 3158 intra
272 3089 490 3184 propinqus
505 3084 642 3158 telluris
659 3085 840 3160 anfractus
856 3109 952 3158 aurae
972 3085 1035 3168 vis,
1061 3107 1145 3180 quae
1172 3100 1297 3180 aperto
1320 3089 1409 3157 mari
1433 3085 1481 3156 li-

156 3207 298 3280 oetttius
322 3189 573 3299 inmtmbebat,
614 3207 800 3297 latentium
828 3207 1007 3282 undarum
1035 3204 1199 3277 habitum
1224 3229 1389 3304 asperare
1410 3231 1482 3279 non

154 3343 313 3427 puerit,
336 3335 462 3404 terreni
481 3345 614 3404 tractus
641 3323 834 3404 obstaculis
859 3329 1125 3428 undiquesecus
1149 3331 1382 3403 incitatiorem
1406 3330 1483 3402 ssu-

154 3467 285 3526 ctuum
299 3449 477 3552 allapsum
501 3452 715 3526 amentibus.
778 3459 821 3526 At
839 3453 910 3542 ,ubi
929 3451 1091 3526 inaltum
1114 3451 1217 3551 dirigi
1242 3455 1381 3554 navigia
1404 3477 1484 3526 cae-
1590 3501 1595 3518 .

152 3595 267 3674 pete,
289 3575 503 3650 intolerabili
527 3601 633 3674 paene
652 3579 868 3673 tempestatis
883 3601 1039 3650 occursu
1062 3577 1340 3674 excipiebantur.
1401 3581 1478 3648 An-

155 3699 284 3788 tistes,
306 3723 352 3772 ne
376 3698 587 3774 fortissimos
608 3701 765 3774 monitus
779 3723 864 3772 suos
878 3721 1009 3795 parum
1032 3701 1128 3797 justo
1153 3716 1283 3771 conatu
1309 3704 1480 3798 prosequi

152 3819 363 3912 videretur,
404 3819 576 3922 ingenno'
593 3822 736 3922 pudore
768 3821 927 3895 firmatus
966 3825 1315 3918 perseverantissima
1346 3823 1482 3919 remigii

147 3942 404 4019 obluctatione
432 3950 536 4044 quasi
560 3969 644 4018 cum
671 3952 875 4022 necessitate
894 3945 1070 4035 certabat,
1110 3969 1318 4043 regemque,
1345 3946 1481 4016 vitantis

147 4064 385 4140 aemulatione
399 4083 624 4168 provectum
648 4071 759 4166 coepti
775 4069 831 4144 sui
852 4076 1019 4143 comitem
1043 4068 1191 4140 existere
1220 4072 1346 4166 coegit.
1405 4068 1482 4138 lta-

149 4211 236 4290 que
255 4189 349 4263 lenta
367 4208 402 4264 et
414 4191 583 4266 inhabilis
602 4215 646 4264 ac
662 4215 767 4290 paene
782 4197 989 4266 inconcessa
1015 4191 1204 4289 navigatio,
1221 4187 1305 4276 hinc
1318 4189 1483 4262 saeviente

147 4317 262 4405 mari,
286 4313 370 4387 inde
386 4313 609 4388 claudicante
623 4319 782 4415 remigio,
804 4316 878 4389 luit.
931 4319 985 4388 Ea
1000 4315 1078 4386 sreti
1093 4316 1324 4413 repugnantis
1339 4309 1482 4384 violeu-

148 4442 211 4510 tia
233 4437 370 4536 regiam
400 4462 538 4526 navem,
565 4436 726 4514 adversis
748 4437 927 4512 undarum
958 4435 1115 4511 molibus
1140 4433 1376 4533 implicatam,
1416 4461 1483 4532 per

145 4584 342 4636 summam
366 4561 608 4662 procellarum
639 4564 861 4660 asperitatem
887 4558 1008 4634 laxatis
1030 4556 1301 4656 propemodum
1325 4583 1480 4656 compa-

197 4881 209 4915 ¹
215 4876 433 4962 Revertentem]
448 4879 506 4944 Ed.
522 4902 570 4966 pr.
583 4873 746 4944 manifesto.
761 4877 879 4943 librarii
894 4877 941 4944 vel
956 4878 1142 4965 typographi
1159 4896 1263 4942 errore
1278 4843 1459 4940 tumentem.
