3508 5460
372 309 446 382 758
706 308 881 378 lllSTOR.
898 307 1003 378 DAN.
1025 307 1163 378 LIBER
1172 303 1270 378 'x1v.

321 525 522 616 iterumque
544 533 578 590 et
600 526 703 591 tertio
719 516 944 615 replicuisse,
970 523 1164 624 ipsumque
1182 513 1230 588 ad
1247 539 1299 606 ea,
1324 541 1407 614 quae
1421 533 1631 609 canerentur,

321 639 479 714 sollicitis
494 640 641 714 auribus
659 665 736 714 esse
751 643 906 738 jussisse.
966 639 1248 738 Expergelactus
1263 637 1354 712 adeo
1371 658 1565 737 praesentes
1578 646 1631 714 vi-

322 789 445 838 sorum
467 763 638 859 imagines
657 764 775 834 animo
799 762 1096 862 representabat,
1123 779 1163 834 ut
1187 785 1263 833 rem
1293 786 1426 855 veram,
1448 789 1522 837 non
1537 747 1631 838 som-

321 889 419 960 nium
442 885 550 956 fuisse
573 885 813 960 arbitraretur.
873 889 918 959 Et
935 887 1019 985 quia
1045 887 1203 957 crastinae
1221 886 1430 982 egressionis
1449 911 1556 985 opem
1576 912 1633 984 per

322 1013 479 1108 quietem
496 1007 563 1080 sibi
580 1011 792 1106 promissam
814 1013 1038 1102 meminerat,
1065 1026 1135 1080 tam
1158 1023 1287 1080 certam
1311 1009 1512 1084 commodae
1535 1011 1633 1084 nari!-

321 1133 470 1234 gationis
487 1155 590 1230 spem
605 1137 725 1202 animo
741 1135 979 1230 praesumpsit,
996 1151 1047 1222 nt,
1065 1156 1259 1228 conscensa
1274 1133 1418 1228 cymba,
1433 1157 1632 1231 quanquam

322 1255 411 1330 nihil
434 1253 554 1326 adhuc
575 1255 770 1352 tempestati
795 1255 994 1328 detractum
1019 1273 1113 1347 erat,
1149 1252 1283 1326 malum
1312 1261 1419 1354 regiae
1443 1258 1561 1346 navist
1586 1257 1634 1328 cui

321 1377 493 1454 tetradus
516 1393 689 1474 praeerat,
715 1384 814 1450 ocius
833 1377 947 1449 attolli
962 1377 1115 1475 juberet,
1142 1375 1335 1474 cibumque
1355 1401 1484 1474 capere
1500 1403 1635 1475 prope·

320 1519 425 1576 raret
490 1497 655 1597 Epulanti
681 1507 888 1597 supervenit
911 1499 1083 1572 Astradus
1108 1497 1267 1575 indicans
1289 1503 1503 1600 tempestatis
1529 1525 1636 1572 occa-

322 1652 401 1700 sum
418 1641 469 1710 et,
495 1621 666 1722 quidnam
689 1621 765 1694 fieri
787 1621 986 1720 expediret,
1019 1624 1247 1722 interrogans.
1308 1628 1433 1700 iussos
1460 1643 1513 1698 est
1535 1622 1637 1711 illico,

321 1764 441 1822 erecto
469 1747 596 1845 navigii
624 1743 731 1835 malo,
756 1744 879 1820 fauces
894 1749 1042 1818 lsericas
1057 1751 1272 1842 penetrare,
1298 1754 1423 1846 eisque
1450 1747 1639 1844 praeteritis,

322 1868 493 1956 insulam,
519 1892 592 1964 qua
609 1869 735 1942 ventus
751 1869 905 1968 juberet,
931 1868 1078 1942 ambire.
1132 1869 1240 1962 Quod
1256 1895 1298 1943 eo
1313 1877 1441 1970 exequi
1457 1885 1639 1968 pergente,

322 1991 600 2089 expeditionaria
628 1989 765 2081 classis,
800 2018 882 2090 qnae
910 1991 1125 2064 ineundam
1151 1993 1242 2066 forte
1270 2013 1416 2092 portum
1441 1991 1640 2090 appulerat,

321 2116 441 2190 subito
470 2111 730 2211 tranquillitatis
755 2119 894 2187 incessu
918 2119 1058 2211 gavisa,
1093 2114 1255 2190 velorum
1279 2143 1384 2190 usum
1410 2117 1641 2216 navigationis

321 2237 426 2312 avida
444 2237 683 2336 preparabat.
736 2239 869 2320 Verum
885 2235 1027 2310 effectus
1045 2240 1162 2310 minor
1180 2244 1316 2338 impetu
1333 2240 1408 2312 luit
1460 2235 1642 2335 Siquidem

320 2363 431 2436 modo
465 2369 657 2453 orientem,
684 2357 794 2432 modo
821 2366 1137 2434 occasumincerto
1154 2379 1343 2436 ventorum
1359 2361 1443 2434 flatu
1461 2359 1643 2433 ludificata

320 2488 474 2561 vicissim
494 2485 655 2584 petebat,
680 2488 1018 2583 navigationemque
1042 2483 1220 2558 mutabilis
1239 2511 1337 2558 aurae
1355 2488 1503 2558 varietas
1519 2499 1642 2582 optato

320 2635 428 2684 cursu
450 2607 652 2682 fraudabat
711 2609 885 2680 Divinitas
905 2605 1106 2679 consultum
1130 2607 1315 2696 crederes,
1341 2624 1464 2681 aeaut
1485 2606 1645 2681 solitaria

317 2732 507 2806 Absalonis
536 2731 710 2828 navigatio
735 2744 797 2800 aut
823 2727 896 2802 aliis
921 2731 1059 2802 incessu
1092 2729 1225 2801 tardior
1253 2729 1455 2804 haberetur.
1534 2726 1644 2821 Quod

319 2859 424 2937 etiam
446 2857 556 2955 ipsius
579 2850 719 2951 liquido
735 2852 985 2950 comprobavit
1010 2851 1193 2926 adventus.
1260 2853 1458 2952 Siquidem,
1484 2850 1645 2926 adnavi-

320 2994 427 3071 gaote
449 3003 515 3071 eo,
541 2985 702 3050 omnium
725 2975 879 3048 nubium
902 2999 1022 3048 errore
1044 2972 1226 3070 discusso,
1254 2993 1370 3062 certos
1389 2975 1521 3074 pelago
1538 2973 1645 3046 ssatus

318 3099 491 3188 incubuit,
517 3115 685 3196 tantaque
704 3101 846 3196 propitii
863 3105 953 3171 venti
971 3097 1141 3174 stabilitas
1159 3098 1287 3192 incidit,
1303 3116 1341 3170 ut
1357 3101 1545 3196 navigatio,
1559 3121 1645 3196 quae

319 3240 399 3306 ante
422 3221 541 3296 dubiis
562 3221 649 3296 velis
665 3227 838 3294 incertum
855 3246 1002 3294 cursum
1024 3239 1199 3315 tenuerat,
1229 3223 1398 3296 continuo
1414 3225 1646 3318 prosperita-

318 3352 362 3420 tis
378 3344 502 3418 ordine
522 3345 708 3418 frueretur.
769 3347 820 3416 lta
841 3361 975 3416 naturae
991 3369 1112 3416 rerum
1130 3345 1337 3443 temperies,
1364 3369 1447 3442 quae
1471 3368 1511 3416 se
1529 3357 1647 3414 eaete-

319 3493 443 3542 rorum
467 3469 546 3542 usai
565 3466 754 3560 inviderat,
779 3464 968 3540 Absalonis
992 3468 1168 3563 respectui
1184 3467 1313 3539 tributa
1327 3483 1387 3540 est.
1449 3467 1520 3559 Qui
1535 3469 1645 3538 etiarn

318 3615 399 3663 cum
417 3615 543 3663 navem
559 3594 651 3688 regis
667 3589 734 3662 sibi
748 3589 917 3662 creditam
937 3587 1062 3664 validis
1079 3592 1293 3689 tempestatis
1308 3591 1531 3662 incrementis
1545 3611 1647 3660 con-

315 3729 433 3786 tusam
480 3729 710 3812 extremoque
747 3712 922 3812 naufragii
950 3713 1110 3810 periculo
1154 3716 1393 3810 propinquam
1430 3710 1651 3798 adverteret,

316 3839 486 3911 contiuuo
504 3841 539 3907 in
559 3836 654 3909 littus
671 3833 887 3907 subductam
905 3838 1113 3908 necessariae
1131 3835 1241 3908 trabis
1256 3834 1400 3908 vinculo
1418 3832 1550 3924 refecit,
1579 3829 1649 3902 la-

315 3987 512 4058 ceramque
535 3985 576 4031 ac
598 3983 701 4054 paene
724 3958 940 4029 confractam
959 3961 1113 4055 pristinae
1129 3959 1281 4030 firmitati
1303 3957 1457 4029 restituit
1517 3953 1584 4028 Sed
1611 3971 1654 4027 et

250 4113 254 4126 ·
314 4108 508 4180 prorarum
533 4084 613 4179 ejus
640 4080 843 4172 cacumina,
870 4105 944 4178 quo
970 4079 1096 4153 cultior
1119 4080 1314 4171 incederet,
1342 4085 1459 4152 aureis
1477 4077 1654 4178 apim'bus

314 4207 407 4275 texit.
460 4207 542 4297 Quo
556 4227 616 4274 rex
633 4201 731 4300 apud
746 4207 941 4275 Masnetam
958 4221 1139 4300 exceptus,
1164 4205 1286 4276 Polam
1305 4203 1541 4302 provinciam¹
1565 4225 1653 4274 co-

313 4325 397 4398 mite
413 4324 527 4398 classe
543 4325 695 4425 petebat.
746 4329 870 4424 Itaque
885 4327 1147 4416 communibus,
1162 4325 1227 4400 sed
1244 4325 1402 4400 discretis
1418 4325 1550 4398 viribus
1575 4321 1654 4395 al-

315 4461 432 4518 terum
455 4447 602 4520 Sclaviae
626 4445 718 4522 latus
740 4450 833 4521 Dani
856 4450 1076 4542 invaserant,
1102 4449 1254 4523 alterum
1273 4449 1478 4522 Theutones
1493 4446 1655 4520 lacera-

315 4566 421 4660 bant,
443 4569 696 4670 interdumque
721 4573 893 4646 exercitus
920 4570 1009 4646 alter
1025 4572 1073 4645 ab
1094 4573 1207 4648 altero
1226 4573 1379 4648 invicem
1395 4574 1539 4674 spectari
1556 4593 1662 4669 po-

362 4891 488 4950 ¹Polam
514 4886 713 4972 praeducebat]
748 4887 878 4950 insulam
902 4888 979 4949 Poel
1002 4889 1111 4952 inslnd
1130 4890 1352 4960 Wismatlensl.
