3524 5460
415 1631 640 1748 Saxonis
673 1630 1020 1749 Grammatici
1051 1627 1298 1746 ffistoriae
1331 1627 1557 1742 Danicae

562 1841 765 1932 ,Liber
800 1837 1046 1955 Quartus
1081 1797 1345 1930 Decimus.

327 2135 473 2252 Interea
489 2177 625 2268 oricus,
641 2177 811 2254 destinata
825 2180 862 2252 in
877 2180 1008 2253 Jotiam
1027 2178 1149 2271 classe,
1171 2201 1253 2252 cum
1271 2176 1317 2252 ad
1334 2179 1460 2277 Syrnm
1483 2173 1634 2251 insolam
1759 2223 1760 2272 p

327 2301 536 2400 appulisset,
560 2301 729 2375 nuncium
754 2300 799 2376 de
822 2303 914 2403 regis
940 2303 1174 2401 oppressione
1194 2301 1359 2400 suscepit.
1410 2301 1456 2373 Et
1479 2299 1572 2373 forte
1596 2304 1636 2373 in
1759 2285 1760 2362 l

327 2448 370 2498 ea
384 2447 506 2498 rerum
526 2423 724 2499 colluvione
737 2428 863 2500 Ericus
877 2449 921 2502 ae
938 2429 1040 2516 Bere,
1062 2440 1150 2496 natu
1174 2428 1264 2496 inter
1279 2419 1427 2497 Haraldi
1442 2419 1536 2518 filios
1552 2425 1635 2521 pri-
1759 2425 1760 2460 ³

326 2545 388 2636 mi,
401 2543 541 2622 deserto
557 2563 668 2645 patre,
686 2545 827 2624 fidelius
842 2572 883 2622 se
900 2573 1010 2647 quarn
1027 2545 1165 2622 lelieius
1185 2548 1311 2618 Erieo¹
1326 2545 1485 2642 junxere,
1523 2544 1636 2620 lidem
1759 2545 1760 2550 ’

326 2682 435 2742 noeto
457 2666 676 2743 clandestina
700 2675 808 2766 patris
831 2668 1008 2768 legatione
1031 2669 1145 2766 petiti,
1177 2665 1319 2743 silenter
1340 2682 1485 2764 accepta
1506 2692 1636 2768 gesse-
1759 2707 1760 2768 p

325 2807 418 2863 runt.
477 2793 521 2862 At
535 2791 669 2881 Ericns,
682 2789 910 2864 nihilominus
931 2789 1116 2892 legationis
1138 2787 1309 2862 indicium
1322 2803 1467 2882 nactos,
1489 2796 1637 2890 experi-
1746 2875 1760 2894 s

326 2911 428 2985 enclae
444 2935 567 2985 eorum
584 2889 669 2983 [idei
684 2915 795 3011 gratia
814 2912 1035 3011 aliquamdiu
1048 2913 1255 3014 ignorantie
1273 2908 1500 2986 simulatione
1519 2914 1637 2988 silen-
1759 2893 1760 2972 l

326 3035 417 3108 tium
440 3039 521 3134 egit.
580 3035 720 3129 Quibus
741 3051 919 3114 secretum
949 3052 1137 3136 paternum
1160 3050 1283 3132 tegere
1306 3035 1637 3131 perseverantibus,

326 3181 411 3230 cum
435 3181 474 3229 se
497 3153 633 3230 nullam
654 3183 697 3230 ex
719 3163 769 3232 eis
797 3160 918 3232 arcani
943 3157 1181 3258 cognitionem
1205 3169 1456 3252 suscepturum
1482 3173 1638 3256 putaret,

270 3273 274 3282 ’
329 3275 516 3375 desperato
542 3279 751 3356 voluntariae
775 3280 1008 3356 consessionis
1040 3279 1190 3372 indicio,
1232 3293 1377 3354 vocatos
1408 3283 1444 3352 in
1473 3279 1639 3356 medium
1759 3371 1760 3376 ἵ

202 3479 206 3488 k
281 3429 300 3442 ·
327 3397 527 3476 vehementi
549 3401 709 3508 perfidiae
728 3403 1007 3502 exprobratione
1031 3401 1224 3504 pulsabat,
1249 3398 1351 3499 quod
1374 3425 1451 3475 rem
1476 3426 1499 3476 a
1530 3419 1638 3502 patre

327 3521 531 3597 mandatam
560 3551 690 3624 parum
728 3524 848 3600 lucide
876 3541 1158 3625 pertractassent.
1230 3525 1439 3622 Interrogati
1470 3551 1636 3626 quoque,

327 3645 438 3743 quarn
454 3645 502 3718 ad
520 3671 582 3722 eos
595 3664 698 3746 pater
714 3647 927 3746 legationem
940 3649 1126 3742 habuerit,
1152 3648 1336 3723 consultos.
1349 3673 1399 3742 se,
1425 3645 1516 3746 quid
1540 3673 1638 3748 age-

325 3792 366 3839 re
394 3792 478 3842 eum
502 3772 725 3867 potissimum
747 3771 948 3870 expediret,
988 3788 1029 3846 ut
1055 3771 1102 3846 ad
1130 3767 1641 3872 mamistanensem·
1759 3829 1760 3840 2

371 4109 524 4172 ¹Ft'delt'us
537 4129 623 4194 quam
634 4108 759 4192 felicius
773 4105 948 4191 Ert'coJNo·
1005 4122 1069 4175 tem
1099 4108 1299 4192 Otbembylle
1339 4109 1415 4172 mira
1452 4105 1644 4174 fortitudine

324 4215 576 4302 sternentiquam
593 4211 677 4292 dicit,
693 4213 763 4276 illos
776 4213 948 4278 Haraldill·
1007 4217 1133 4281 Ericnm
1150 4241 1166 4281 a
1181 4217 1359 4302 captivitate
1372 4215 1514 4280 serravit.
1554 4220 1660 4279 Tam

324 4317 382 4381 lios
397 4339 478 4381 nune
491 4320 624 4405 primum
645 4339 677 4383 se
693 4319 787 4383 Erico
808 4320 949 4404 junxisse,
1007 4334 1042 4386 to
1052 4324 1174 4408 turpior
1191 4323 1277 4385 Erici
1299 4341 1370 4410 erga
1392 4340 1462 4384 eum
1481 4323 1649 4386 severitas.

243 4433 247 4444 '
323 4421 378 4484 sed
394 4423 426 4486 ia
437 4425 559 4490 turbine
574 4425 728 4490 bellorum
742 4426 877 4491 civilium
889 4427 950 4490 hoo
1007 4426 1179 4493 Secundum
1192 4427 1397 4494 narrationem
1412 4427 1562 4492 Stenonis
1573 4428 1655 4512 Ag-

324 4526 369 4591 ita
383 4527 536 4595 accidisse.
582 4537 664 4596 Bero
679 4531 762 4596 idem
777 4549 889 4596 nomen
906 4544 951 4596 est
1009 4533 1097 4618 genis
1109 4535 1225 4599 Bibrno
1238 4546 1426 4620 postuecem
1449 4532 1569 4597 demum
1581 4555 1656 4616 pa·
1759 4523 1760 4600 l

324 4635 494 4715 acBiorno‚
508 4640 589 4700 Bero
598 4637 691 4722 igitur
703 4637 783 4702 idern
804 4637 868 4719 ille,
886 4639 950 4724 qni,
1009 4641 1066 4703 tris
1090 4639 1127 4702 ab
1142 4640 1235 4705 Erico
1249 4654 1355 4726 captus
1374 4653 1405 4702 et
1430 4637 1463 4702 in
1484 4659 1566 4704 mare
1582 4636 1658 4703 cle-

324 4752 403 4804 teste
424 4743 566 4807 suenone
586 4745 724 4828 Aggonis
737 4743 870 4830 (script.
891 4765 952 4807 rer.
1009 4759 1190 4810 mersusest.
1759 4733 1760 4736 ¹

323 4850 403 4912 Dan.
417 4849 481 4914 rol.
502 4853 558 4935 lp.
574 4846 640 4932 60),
650 4851 684 4912 in
703 4871 805 4934 pugna
821 4848 859 4914 ad
874 4872 952 4935 pon·
