3536 5462
333 284 409 357 870
667 279 843 399 fflstptt.
859 279 963 350 DAN.
982 279 1121 352 LIBER
1137 277 1228 352 XIV.

209 487 212 498 ¹
286 535 371 584 eum
401 531 482 582 sse·
498 505 610 578 deseri
638 527 763 602 posse.
789 527 899 602 quem
913 520 949 578 et
966 501 1235 578 necessitudinis
1255 505 1516 578 etmctrimonii
1535 503 1600 576 ai-

286 637 416 710 iinitate
429 627 679 726 coniugum,
694 623 923 723 predicabat
976 628 1090 725 Cujus
1109 621 1303 699 comitandi
1320 627 1420 698 Suno
1435 653 1509 702 nou
1523 634 1601 702 mi-

287 781 356 832 nus
382 751 452 828 sibi
477 773 588 848 quam
611 749 697 845 ipsis
720 747 881 822 debitum
905 749 1113 822 incumbere
1136 745 1322 848 professus
1344 765 1417 841 est,
1441 748 1544 848 quod
1566 756 1603 823 ei

285 881 406 952 indrnn
423 877 569 973 junctus
585 872 852 969 propinquitate
867 885 1035 944 noscatur
1047 875 1077 944 ².
1129 869 1327 963 Echemus,
1350 897 1462 971 quem
1479 871 1603 948 solum

285 1003 429 1075 iratrem
443 993 615 1081 habebnt,
638 993 804 1066 comitatu
821 1015 887 1065 sua
903 989 1107 1068 orbandum
1133 993 1300 1092 negabat
1337 998 1378 1068 In
1396 993 1495 1070 hunc
1511 1019 1602 1070 mo—

288 1123 376 1200 dum
392 1137 466 1194 tota
487 1141 593 1217 paeue
607 1113 888 1188 sialandensium
912 1113 1034 1188 classis
1052 1113 1220 1190 'condixit
1261 1121 1343 1212 Quo
1362 1121 1516 1218 cognito,
1537 1141 1604 1190 rex

287 1272 360 1322 non
377 1243 495 1319 solum
508 1240 607 1335 ipsis,
632 1235 698 1311 sed
719 1253 753 1310 et
769 1236 939 1310 Absaloui
956 1252 1074 1335 grates
1091 1236 1230 1332 habuit,
1252 1245 1314 1338 qui
1330 1239 1401 1312 sibi
1416 1257 1486 1314 tam
1502 1263 1602 1338 pro-

287 1392 438 1470 pensum
458 1365 590 1436 civium
610 1359 771 1434 favorem
795 1361 930 1432 virtutis
945 1361 1078 1434 meritis
1095 1361 1299 1459 peperisset
1348 1365 1460 1460 Igitur
1474 1361 1604 1436 Absa—

288 1495 353 1566 lon
373 1502 459 1590 post
481 1484 573 1582 regis
603 1480 801 1556 discessum
826 1480 873 1554 ad
901 1481 1056 1558 tuendos
1071 1487 1197 1582 Rugiae
1224 1483 1315 1558 {ines
1333 1481 1491 1576 relictus,
1523 1509 1602 1556 non

287 1633 360 1688 tam
374 1625 486 1684 tutum
501 1604 624 1678 incolis
641 1607 895 1705 evagationem,
911 1629 1022 1703 quam
1036 1629 1203 1682 securam
1218 1611 1286 1704 ipsi
1303 1608 1429 1680 Daniue
1443 1607 1603 1705 quietem

287 1733 459 1837 praestitit,
482 1734 761 1802 Pomeranorum
785 1726 898 1802 classe
923 1731 1045 1826 patriae
1068 1730 1227 1802 terminis
1248 1727 1422 1802 excedere
1436 1753 1511 1802 nun
1527 1752 1603 1800 an-

288 1859 403 1932 dente.
462 1852 553 1925 Huic
577 1854 693 1926 Sveuo
724 1851 923 1924 Arusiensis
947 1875 1032 1924 cum
1054 1851 1239 1950 aliquanta
1263 1854 1466 1926 sotensium
1488 1875 1602 1924 manu

289 1978 510 2056 voluntarius
527 2000 679 2073 operum
705 1997 827 2047 comes
851 1997 893 2046 ac
916 1975 1045 2047 socius·
1059 1972 1135 2047 suit.

420 2123 476 2192 Eo
509 2135 670 2218 tempore
699 2122 865 2218 princeps
890 2119 1015 2218 Rugiae
1041 2115 1284 2214 Tetyzlavus³
1313 2143 1398 2215 cutn
1421 2120 1600 2191 tarium

289 2249 396 2322 fratre
418 2245 684 2341 superveniens,
708 2248 827 2342 gratiis
851 2237 1021 2316 Absaloni
1041 2242 1145 2332 actis,
1170 2257 1246 2314 urm
1272 2243 1326 2334 ei,
1349 2257 1426 2314 tum
1459 2257 1600 2314 caeterae

290 2370 393 2444 classi
415 2367 622 2442 suffecturos
645 2365 800 2440 excubiis
818 2379 1040 2439 commeatus
1057 2363 1312 2465 benignissime
1326 2363 1497 2464 prestitit,
1523 2367 1602 2436 eis·

292 2519 366 2591 que
393 2493 483 2564 inter
507 2491 651 2588 navigia
674 2487 877 2562 dividendis
904 2485 1096 2562 industrios
1123 2513 1168 2560 ex
1186 2491 1315 2562 nostris
1339 2490 1437 2562 viros
1463 2483 1604 2585 praefici

288 2613 490 2714 postulavit
542 2611 623 2702 Sed,
648 2613 739 2684 Jutis
764 2610 868 2684 alluta
882 2615 1016 2708 passim
1040 2629 1075 2683 et
1094 2619 1169 2686 sine
1184 2612 1433 2688 distributione
1447 2608 1604 2708 rapien-

287 2738 395 2828 tibus,
422 2735 581 2809 Absnlon
599 2733 668 2808 hac
687 2733 924 2806 munificentia
939 2731 1088 2810 ulterius
1104 2738 1156 2808 uti
1169 2736 1293 2830 uoluit,
1310 2749 1472 2834 excepto,
1499 2730 1604 2834 quod

287 2861 391 2934 halec
413 2885 433 2933 e
457 2859 606 2958 captura
627 2855 698 2930 sibi
718 2854 847 2928 deferri
869 2861 1059 2949 constituit,
1082 2883 1128 2932 ue
1150 2859 1367 2958 obsequium
1385 2859 1517 2958 injuria
1533 2881 1602 2931 re-

290 3182 403 3260 minis,
424 3179 508 3266 quod
526 3179 607 3266 opud
622 3181 794 3244 Sicuonem
811 3196 916 3262 regem
971 3186 1063 3244 monti·
1082 3183 1232 3268 affinitate
1258 3179 1454 3269 contingeres]
1488 3182 1603 3244 Petrus

288 3309 398 3372 mogun
413 3285 595 3348 auctoritate
610 3284 762 3362 valuisset,
785 3304 847 3345 nou
861 3304 917 3367 pc·
972 3287 1136 3351 Tborstaui
1161 3287 1240 3352 filins
1260 3287 1298 3352 de
1318 3287 1509 3370 Petersbcrg
1527 3303 1604 3346 uxo-

289 3394 358 3470 tuit‚
377 3391 451 3476 quin
471 3391 560 3454 esitio
581 3391 743 3452 mulctaret
765 3389 809 3468 (v.
824 3411 917 3476 supra
970 3415 1037 3460 rem
1064 3398 1188 3462 duxerat
1209 3396 1373 3475 Canitiem,
1394 3394 1517 3457 amitam
1536 3389 1603 3454 Ab·

290 3522 321 3584 p.
350 3494 412 3562 735
442 3493 510 3581 eqd.
542 3499 712 3574 Ceterum,
740 3516 833 3580 quum
865 3493 916 3557 hic
971 3503 1091 3567 salonis.
1130 3507 1183 3569 'An
1199 3507 1372 3588 cognatione
1386 3517 1510 3587 quoque
1527 3517 1604 3582 geu·

290 3605 375 3668 nulia
391 3603 585 3688 cognationis
604 3604 717 3666 mentio
735 3601 798 3678 fiat,
817 3601 917 3664 Thor-
971 3621 1035 3671 tem
1063 3609 1245 3674 Skinlmonis
1268 3607 1396 3674 Candidi
1424 3602 1603 3687 contigerit,

287 3709 400 3774 bernus
431 3721 536 3772 noster
564 3710 695 3773 Sunucis
731 3729 801 3771 mox
834 3705 915 3770 inire
972 3713 1102 3795 siiunde,
1116 3716 1349 3800 qnantumscio,
1365 3734 1427 3778 non
1442 3711 1603 3796 cognitum

287 3816 436 3884 nominati
459 3813 539 3880 filius
568 3817 616 3878 six
641 3813 718 3892 tuit,
746 3832 862 3899 neque,
889 3813 916 3876 si
972 3833 1028 3884 ost.

287 3921 437 3988 Ssenonis
471 3919 572 3984 iuerat
597 3919 801 3997 consiliarius,
826 3917 915 3984 facile
998 3941 1031 4000 ‘2
1045 3961 1136 4044 Quod
1160 3965 1190 4023 a·
1215 3965 1318 4024 intima
1336 3963 1460 4043 sunem
1475 3963 1604 4049 Win-

287 4048 351 4092 esse
376 4026 488 4114 potuit.
539 4031 580 4090 At
602 4047 690 4146 ‘vero-
717 4023 915 4144 Tborbernns
972 4073 1082 4152 quiem
1092 4068 1243 4148 noscatur]
1263 4068 1347 4132 Suno
1361 4068 1501 4132 Ebbonis
1510 4065 1605 4142 fitius,

287 4136 356 4211 itte,
382 4153 472 4217 quem
495 4135 573 4196 Saxo
600 4153 631 4192 tn
659 4129 787 4192 htstorta
807 4128 916 4192 barum
973 4173 1010 4236 de
1027 4171 1210 4258 “nardorp'
1245 4193 1338 4258 ‘upra
1362 4194 1434 4258 pag·
1465 4155 1529 4236 709
1554 4191 1604 4255 ’q'

288 4240 511 4360 “P‘difimm
548 4236 657 4358 ⁸²sspi⁰⁸
684 4249 755 4298 ’ΜΘ
774 4245 918 4358 ,00ωῶ
973 4292 1004 4342 et
1017 4281 1145 4366 posthac
1159 4280 1605 4365 saepissimecommemorstns‚

287 4357 427 4420 muravit,
447 4344 529 4408 band
546 4343 620 4404 ebus
638 4356 721 4406 ceste
738 4340 808 4420 fust,
826 4365 917 4428 quam
973 4387 1119 4470 patruelis
1137 4398 1203 4450 em
1221 4385 1392 4451 hulonis·

287 4448 338 4512 bic
362 4461 476 4514 noster.
519 4453 623 4534 ltaque
651 4468 707 4512 nee
738 4449 791 4512 ilie
815 4453 915 4514 Suno-

288 4555 335 4618 nis
355 4555 446 4634 iilius,
463 4567 500 4618 ut
520 4577 613 4639 supra
629 4551 715 4640 (pag.
728 4551 817 4637 803),
837 4557 915 4622 Sub·

322 4661 329 4676 .
639 4662 646 4676 .
1016 4597 1245 4683 ’Tetyszicvusl
1279 4603 1324 4664 tta
1348 4600 1456 4687 steph.
1500 4599 1535 4660 ln
1554 4594 1607 4660 ed.

282 4682 382 4724 mrum
403 4673 535 4737 secutus,
554 4672 657 4724 statut.

970 4726 1017 4790 pr.
1040 4708 1236 4790 Tetyscicuus.

334 4807 343 4840 ¹
363 4801 455 4885 Quem
474 4819 504 4862 st
526 4804 746 4864 necessitudinis
765 4821 795 4866 ct
814 4809 917 4866 matri-
