3524 5460
668 325 833 400 Etttctts
850 326 908 400 tv.
1316 327 1398 402 ddi

137 539 182 608 tia
202 539 427 634 ammones
450 534 542 612 aaut
556 534 745 634 pmdeatia
767 559 921 634 vacuus,
948 535 994 608 ita
1017 559 1148 635 parum
1174 559 1340 614 ammaus
1362 538 1447 616 elo-

139 661 236 755 quio.
290 661 468 733 Caetemm
482 657 576 734 adeo
596 658 811 734 salutiesuee
832 656 1008 759 prodigus
1023 681 1102 733 esse
1125 679 1375 753 consrevemt,
1406 677 1448 738 ot

139 777 278 852 bellum
295 779 561 873 commissurus,
586 807 632 854 ne
648 781 873 881 singulariter
887 787 922 853 in
938 781 1101 856 hostem²
1122 799 1362 880 procurreret,
1381 809 1448 856 ar·-

139 905 268 975 ctiusa
285 909 360 976 suis
375 903 556 978 observari
571 903 710 981 soleret
751 909 852 978 Tunc
866 901 1035 994 Eskillun,
1051 911 1194 1005 cognito
1209 930 1330 1006 regent
1348 904 1447 1006 apud

139 1027 271 1099 lutiam
287 1025 493 1119 decessisse,
508 1045 656 1124 repente
681 1029 906 1100 in‘Scaniam
928 1027 1073 1124 majoris
1095 1027 1280 1102 sacerdotii
1297 1029 1449 1104 allecta·-

140 1152 236 1221 tione
250 1149 467 1247 pervehitur.
522 1151 650 1223 Ericus
664 1175 765 1240 vero,
786 1147 954 1222 iniectum
977 1157 1208 1226 anteoessoris
1223 1155 1448 1251 propositam

141 1271 236 1343 anca
259 1271 436 1346 liiltonem
462 1271 605 1372 explere
631 1276 799 1372 cupiens,
833 1269 1047 1370 pontificalis
1070 1275 1104 1346 ei
1124 1272 1303 1372 dignitatis
1325 1276 1448 1346 incre-

140 1409 260 1466 menta
275 1393 432 1469 tribuere
447 1395 630 1496 gestiebat.
682 1399 889 1470 scanienses
903 1412 1035 1484 autem,
1048 1392 1172 1472 utrina
1188 1419 1345 1496 querque
1359 1421 1450 1494 per*-

141 1517 213 1612 peti
239 1541 351 1614 quum
381 1517 604 1618 pontificium
630 1519 666 1590 in
683 1543 813 1592 noram
831 1518 1022 1595 nansferre
1045 1515 1215 1590 tamtum
1236 1535 1450 1620 praeoptan-

143 1653 208 1730 tes,
224 1637 362 1714 bellum
389 1639 580 1716 adversum
602 1665 724 1742 κςαιι
754 1639 961 1714 decernunt.
1025 1644 1109 1733 Quo
1137 1639 1196 1714 ille
1216 1643 1377 1742 cognito,
1404 1667 1450 1714 nc

10 1841 12 1866 ,
142 1761 340 1838 multorum
361 1767 556 1838 inimicitias
579 1769 687 1848 unias
702 1771 765 1837 viri
781 1761 1016 1836 familiaritate
1039 1762 1280 1856 contraheret,
1304 1789 1450 1862 propo·-

143 1885 210 1959 sito
224 1911 291 1960 suo
310 1886 441 1987 cupide
457 1893 571 1979 cessit,
589 1887 801 1988 Eskilloque
816 1886 936 1962 sedem
953 1903 1091 1962 mutare
1104 1888 1315 1985 pennisso³,
1332 1886 1450 1960 ttito-

144 2033 227 2082 nem
239 2009 428 2084 sialandiae
441 2007 643 2108 presulem,
660 2010 899 2084 mediantibus
914 2009 999 2082 cleri
1015 2007 1204 2109 suffragiis,
1228 2025 1333 2082 creat.
1385 2011 1450 2082 ln·-

145 2145 239 2205 terea
255 2131 392 2207 Olavus
409 2131 554 2204 Haraldi
571 2131 667 2206 filius
681 2136 860 2234 Norragia
877 2155 1048 2223 reversus,
1071 2135 1322 2231 patrimonium
1335 2155 1451 2222 suum,

144 2260 233 2330 inter
250 2253 349 2330 bella
365 2253 476 2328 civilia
495 2279 516 2327 a
537 2269 666 2353 patruo
684 2273 913 2354 occupatum,
929 2253 1143 2330 baereditatis
1163 2253 1263 2328 titulo
1286 2261 1451 2354 reposcit.

147 2379 259 2478 bajus
275 2381 437 2501 petitioni
452 2381 578 2452 Ericus
602 2376 698 2450 illam
715 2381 926 2478 antiquitatis
939 2377 1057 2480 legem
1073 2379 1264 2476 opposuit,
1289 2403 1361 2477 qua
1385 2381 1451 2452 reis

148 2658 219 2748 nltm
238 2704 336 2772 puero
359 2696 503 2750 servaret·
544 2683 648 2748 Nihilo
669 2697 769 2749 tameo
876 2688 1146 2771 ’Nesiagulart'ter
1161 2688 1190 2746 in
1206 2679 1328 2764 hostem]
1344 2683 1389 2745 Ne
1403 2705 1451 2746 so·

147 2776 246 2855 secius¹
262 2789 372 2855 Erioas
392 2791 446 2854 illo
469 2813 530 2856 non
556 2803 643 2855 tutor
669 2789 771 2876 regius
831 2791 876 2854 lus
898 2804 929 2856 et
952 2791 1065 2877 absque
1087 2790 1248 2855 comitibus
1271 2790 1305 2854 in
1329 2789 1451 2853 bostem

149 2899 201 2962 sed
218 2919 269 2962 rex
283 2910 402 2962 creatus
418 2909 472 2961 est.
725 2884 735 2908 ¹
829 2897 976 2983 impetum
991 2897 1113 2961 laceret.

194 3007 306 3072 'Nost
326 3031 346 3070 a
366 3021 477 3068 nature
500 3003 580 3066 doro
604 2999 770 3092 acceperat]
876 3007 1012 3068 'Erkr'llo
1039 3008 1134 3068 sedem
1162 3021 1275 3068 arctare
1295 3001 1452 3092 praebeo]
1495 3025 1496 3030 ¹

148 3111 283 3176 Alianis
296 3129 470 3195 cognomen
487 3113 559 3174 [aa
577 3106 675 3194 (agni)
697 3110 771 3186 sire,
830 3110 1006 3194 anonymus
1016 3109 1182 3175 Roaltilden
1200 3111 1207 3128 ⁶
1234 3109 1353 3174 remita
1367 3130 1452 3173 enar-

148 3213 397 3282 teetelielmoldo
414 3216 484 3295 l.cq
497 3217 582 3302 Spcg
597 3213 771 3296 (namneti)
831 3229 880 3280 rat
891 3229 1007 3300 gestum
1021 3216 1056 3298 (Ι.
1064 3215 1118 3302 c):
1130 3223 1173 3280 Eo
1225 3197 1309 3304 'pore
1324 3241 1382 3278 noa
1397 3241 1453 3280 me·

149 3321 374 3408 otmignitus.
414 3321 528 3388 Scribit
544 3323 645 3388 Steno
669 3322 773 3406 Agge·
832 3323 939 3387 daberis
962 3327 999 3388 tis
1020 3336 1096 3388 anter
1117 3327 1277 3396 Rationem,
1297 3325 1456 3386 Sleeoicen·

151 3430 205 3512 nis,
226 3448 340 3492 nomen
362 3433 436 3492 Iam
454 3430 494 3492 ob
517 3449 616 3492 mores
635 3424 773 3490 stavissl·
831 3454 889 3492 sear
902 3429 1455 3520 episcopum,etEsir'llum,Roskt'lden·

152 3559 215 3602 mos
235 3537 283 3600 illi
307 3533 399 3600 fuisse
419 3535 557 3599 inditum.
606 3535 705 3598 Autot·
726 3531 773 3596 bl·
832 3561 889 3598 sem
913 3543 1087 3612 antestitem,
1112 3539 1148 3600 de
1169 3527 1319 3601 Ltlndensi
1345 3535 1455 3597 archie-

149 3643 578 3728 sloriallnytliogorumeum
591 3637 773 3725 prudentem
826 3647 982 3730 piscopatu
997 3662 1064 3708 orta
1079 3661 1131 3708 est.
1183 3643 1273 3728 Quod
1289 3658 1383 3704 tamen
1396 3655 1456 3703 cet·

150 3751 241 3830 (mir)
266 3749 351 3828 dixit,
373 3747 426 3812 aed
443 3749 493 3812 rix
515 3747 609 3811 ollam
627 3747 716 3809 eliam
730 3743 770 3808 ob
834 3763 929 3809 tomen
945 3751 1117 3812 venerabilis
1134 3754 1261 3820 Petrus,
1284 3749 1373 3830 stirias
1397 3751 1455 3808 Bo·

149 3879 279 3932 oausam,
298 3875 389 3941 quem
403 3852 485 3940 quod
505 3873 674 3939 cognomen
687 3855 773 3940 Spag
832 3855 928 3925 rttdt's,
948 3879 1001 3916 suo
1019 3858 1149 3941 sapienti
1166 3855 1284 3915 consilio
1305 3869 1335 3914 et
1356 3854 1459 3914 solerti

147 3963 289 4028 ema-it
307 3981 396 4026 sensu
414 3959 541 4024 lalaodis
560 3958 663 4024 solito.
711 3959 774 4020 lllis
835 3960 1006 4024 discretione
1025 3963 1151 4031 redonis,
1174 3977 1204 4022 et
1225 3985 1274 4022 eos
1295 3961 1347 4022 doc
1370 3959 1455 4020 modo

148 4071 230 4134 enim
246 4065 513 4157 spalrsaepisslme
531 4064 680 4148 significat
702 4087 775 4150 pru·
830 4067 1014 4152 perficeris,
1041 4084 1182 4150 quatenus
1201 4067 1327 4128 Eekiiius
1347 4067 1457 4130 archie-

149 4176 282 4240 dentem.
330 4175 406 4238 Cum
420 4175 533 4236 Nostro
555 4171 680 4238 omnino
700 4170 776 4234 sarit
830 4177 1016 4260 pr'scopatum
1044 4174 1203 4244 obtineret,
1228 4173 1310 4233 licio
1319 4213 1333 4246 ‚
1358 4194 1457 4258 quam-

148 4285 326 4364 Anonymtts
344 4280 552 4343 Rosltildensis
573 4277 700 4364 (Script.
716 4297 775 4340 ror·
834 4269 1035 4341 valedictura
1052 4280 1206 4342 Scant'enst‘
1224 4280 1299 4338 clero
1319 4296 1348 4341 st
1361 4303 1458 4367 popu·

149 4391 228 4450 Dan.
252 4387 314 4452 vol.
341 4389 354 4448 l
376 4409 407 4470 p.
421 4381 574 4465 385·386)
584 4383 719 4446 scribens
736 4382 773 4445 do
835 4387 876 4456 lo,
890 4401 1001 4455 tamen,
1021 4399 1104 4470 utens
1120 4385 1240 4444 consciis
1250 4385 1390 4469 praedicti
1402 4389 1459 4448 Pe·

149 4494 260 4557 Erioot
282 4495 340 4556 Vir
366 4496 471 4555 t'serut
479 4495 564 4579 plus,
581 4513 666 4576 quum
683 4492 781 4573 regali
841 4494 884 4550 tri
902 4507 932 4550 et
951 4491 1190 4550 disturbationem
1208 4503 1238 4549 et
1256 4511 1394 4572 guerram
1409 4493 1458 4556 dc·

152 4601 298 4684 dignitati
312 4601 422 4671 decretl,
440 4603 562 4686 simplos
578 4615 608 4660 et
630 4602 661 4659 ia
686 4591 788 4658 corrri-¹
835 4599 946 4667 citans,
956 4596 1168 4657 Roslr'idertsem
1180 4595 1238 4656 ‚a'bt
1248 4601 1459 4685 episcopatum,

153 4707 204 4768 dus
218 4710 276 4768 ciis
287 4709 349 4768 suo
364 4708 543 4779 inconstans,
560 4723 589 4769 et
601 4705 708 4793 duplex
722 4727 775 4766 aa·
834 4705 945 4764 clericis
966 4717 996 4764 et
1014 4703 1099 4766 lar'et's
1121 4703 1355 4778 reclamandus,
1377 4731 1459 4770 uaer-

155 4809 301 4883 offitio,
316 4817 403 4895 mgni
412 4829 442 4876 ee
456 4815 622 4878 sacerdotii.
831 4810 927 4894 poct't.
