3582 5466
702 341 874 414 sulcus.
1314 347 1384 422 dil

131 565 285 650 pesam,
299 547 503 624 collaudato
517 551 671 650 petentis
685 549 823 642 sardio,
847 565 993 650 postero
1008 572 1048 625 se
1064 549 1438 652 dieponnlationire-

132 695 351 774 sponsorum
363 672 548 771 promittit.
608 675 756 764 Interea,
770 674 834 772 qui
860 697 904 746 er
920 676 1031 748 Danis
1049 677 1259 753 Graecorum
1280 681 1440 760 militiam

132 798 244 873 monti
259 793 419 887 inerant,
441 794 788 894 irrapcratoreadlto,
822 819 946 896 regem
968 820 1076 869 sunm
1099 801 1347 878 consalutandi
1362 833 1439 906 po-

133 937 293 998 testatem
302 917 505 1018 efflagitant,
521 920 778 1016 permissisque
797 919 1013 1016 segregatim
1026 920 1144 1020 egredi
1155 923 1309 1020 jussum,
1322 953 1369 1002 ne
1384 937 1440 1002 si-

134 1045 207 1118 mul
228 1047 391 1117 omnium
417 1041 556 1114 ιιιιίιιιιιι
577 1065 649 1113 una
671 1041 764 1141 regia
787 1039 938 1116 hortatio
959 1057 1111 1139 caperet
1177 1047 1441 1128 subornaverat

134 1171 223 1242 emm
240 1169 438 1266 imperator
455 1163 642 1262 utriusque
656 1164 756 1238 vocis
769 1165 913 1262 peritos,
937 1187 1005 1262 per
1021 1187 1116 1264 quos
1130 1191 1255 1241 eorum
1275 1173 1440 1271 Erioiqoe

134 1290 313 1389 colloquia
337 1286 498 1360 dbceret·
547 1287 705 1358 Primum
727 1287 859 1386 itaque,
884 1285 1108 1362 consalutato
1130 1313 1226 1390 rege,
1252 1293 1440 1370 considere

133 1413 313 1512 jubentur.
365 1412 460 1484 Tam
475 1406 537 1480 ills
550 1405 618 1479 fari
633 1431 780 1482 esnrsns
802 1407 919 1500 docet,
935 1413 1058 1484 Dauos
1073 1413 1283 1488 Graeeorum
1298 1417 1440 1515 stipen-

134 1535 188 1608 dia
203 1549 381 1608 merentes
393 1533 468 1630 jaan
481 1527 623 1604 dudum
640 1527 787 1604 honoris
804 1555 924 1606 arcem
939 1531 1129 1606 virtutibus
1142 1536 1364 1633 inpetrasse,
1377 1539 1438 1612 in-

134 1657 265 1758 digenis
290 1654 413 1730 exules
439 1653 660 1752 imperitare,
686 1652 878 1755 multoque
909 1655 995 1730 loris
1010 1679 1120 1754 quam
1145 1657 1244 1731 domi
1264 1659 1440 1738 feliciores

133 1782 289 1854 existere.
355 1775 411 1851 Ad
435 1775 516 1849 bec
548 1777 800 1873 imperatorem
822 1801 948 1852 eornm
975 1777 1061 1852 fidei
1084 1785 1209 1879 capitis
1232 1785 1288 1857 sni
1312 1801 1439 1860 custo-

135 1902 230 1976 diam
245 1899 409 1995 credere,
434 1921 591 1996 eumque
606 1896 822 1996 praelationis
836 1923 943 1975 usum
959 1925 1032 1973 non
1049 1917 1123 1975 tarn
1146 1929 1191 1976 er
1208 1929 1335 1980 eornrn
1356 1933 1440 1982 me-

133 2029 205 2100 ritis
229 2047 343 2124 qnam
358 2047 401 2098 er
417 2021 572 2112 illorum,
596 2022 660 2118 qni
674 2037 754 2094 ante
765 2045 828 2098 eos
844 2025 1053 2098 Graecorum
1070 2023 1227 2100 militiam
1242 2027 1441 2122 coluissent,

134 2149 258 2222 virtate
271 2147 512 2246 progenitum.
575 2145 805 2244 Quapropter
820 2171 1040 2247 magnopere
1061 2149 1113 2222 eis
1129 2150 1330 2226 curandum
1352 2175 1440 2242 csse,

134 2295 175 2344 ne
186 2270 274 2372 plns
289 2265 502 2343 temulentie
520 2291 631 2366 qnam
646 2267 845 2344 sobrietatis
864 2268 991 2346 studiis
1004 2269 1241 2371 indulgerent,
1265 2289 1440 2374 susceptae

133 2393 259 2467 militiae
274 2390 403 2466 melius
419 2389 560 2464 affuturi
567 2442 578 2480 ,
603 2393 771 2490 sineque
796 2413 837 2466 se
859 2397 945 2466 rino
980 2415 1099 2492 neque
1120 2418 1244 2493 regem
1272 2393 1438 2470 solicitu-

131 2515 275 2591 dinibus
292 2528 506 2589 onerassent.
547 2517 641 2588 Fore
657 2529 789 2606 antem,
803 2519 830 2589 si
847 2512 1056 2614 frugalitatis
1075 2537 1239 2588 normam
1254 2515 1440 2594 deseruis-

132 2655 224 2732 sent,
255 2655 298 2714 nt
318 2637 479 2712 militiam
505 2660 653 2738 segnes,
684 2637 805 2737 jurgia
824 2634 958 2711 alacres
979 2651 1247 2735 exequerentur.
1299 2643 1441 2717 Monuit
1489 2725 1493 2736 ,

132 2787 289 2864 quoqne,
303 2786 361 2855 ne,
374 2781 521 2836 manum
536 2785 619 2836 curn
635 2759 804 2835 hostibus
819 2759 1027 2851 conserturi,
1041 2761 1220 2860 majorem
1235 2765 1315 2836 rita
1328 2786 1440 2861 φιιιιι

132 2889 268 2962 virtum
281 2909 403 2960 curam
418 2899 580 2985 agerent,
605 2907 698 2959 nere
713 2898 863 2956 mortem
878 2881 966 2983 iuga
985 2900 1260 2982 praecurrerent,
1290 2901 1354 2958 aut
1374 2909 1440 2960 sa·

130 3007 239 3084 intem
253 3028 359 3085 snam
378 3009 529 3110 ἰςιιιιίω
545 3005 714 3106 praesidio
727 3019 923 3097 tuerentur,
947 3010 1165 3104 promittere,
1190 3029 1241 3097 se,
1260 3031 1343 3082 curn
1358 3009 1440 3108 pri-

129 3157 228 3206 mum
244 3137 283 3206 in
299 3135 451 3230 patriam
468 3130 652 3220 redissent,
676 3126 821 3202 fidelem
836 3153 963 3202 eorum
977 3151 1125 3228 operam
1143 3127 1326 3206 beneficiis
1341 3155 1441 3230 pen-

132 3271 313 3348 estarum,
337 3251 438 3356 quod
463 3258 492 3328 si
518 3249 664 3327 viriliter
686 3249 890 3326 dimicantes
906 3253 1069 3353 spiritum
1096 3259 1132 3328 in
1154 3257 1227 3328 acie
1250 3250 1442 3352 profudis-

129 3393 223 3469 sent,
256 3383 484 3476 propinquos
508 3399 635 3448 eorum
662 3399 705 3448 ac
741 3377 958 3451 necessarios
990 3375 1129 3452 honore
1156 3391 1442 3478 prosecuturum.

131 3501 197 3572 llis
221 3515 330 3599 atque
352 3499 597 3574 consentaneis
614 3493 731 3570 modis
747 3497 933 3582 universos
952 3499 1096 3593 affatus,
1127 3521 1345 3600 propensam
1359 3501 1443 3574 Da·
1564 3527 1583 3582 ·.

129 3647 261 3696 noram
274 3619 386 3696 fidem
399 3623 548 3696 Graeciae
560 3617 793 3694 condliaait1.
844 3622 960 3720 Cujus
977 3626 1030 3698 rei
1053 3626 1247 3723 imperator
1260 3647 1329 3724 per
1343 3621 1442 3696 snb-

127 3757 276 3818 ornatos
289 3749 416 3818 cutim
430 3743 555 3836 iactus,
570 3741 660 3816 lalso
678 3743 814 3816 Graecis
825 3745 1008 3841 sapientiae
1021 3745 1295 3846 prerogativam
1310 3742 1441 3818 ascribi

128 3873 259 3968 inquit,
284 3865 387 3968 'quod
404 3865 508 3940 ducis
523 3863 633 3939 fidem
649 3879 847 3958 notassent,
879 3869 985 3966 cujus
1007 3883 1146 3966 gentem
1166 3867 1270 3939 toties
1292 3861 1443 3936 ahenam

126 3987 289 4089 perfidiae
320 3991 588 4092 cognovissent3
625 3985 803 4088 siquidem
834 3989 1088 4090 probatissimo
1119 3985 1306 4089 popularis
1348 4007 1442 4057 con-

125 4119 263 4188 stantiae
280 4115 520 4214 experimento
537 4113 644 4210 regiae
663 4108 746 4184 fidei
762 4107 905 4187 habitus
931 4113 1096 4187 aestimari
1115 4127 1265 4212 poterat.
1326 4111 1441 4182 Cum-

126 4261 200 4334 que
220 4263 308 4312 eum
330 4235 493 4336 religioni
515 4235 634 4334 potius
658 4259 769 4332 qnam
794 4233 912 4312 fraudi
935 4240 1105 4312 intentum
1132 4235 1321 4332 aspiceret,
1352 4227 1444 4306 urbe

125 4365 291 4438 ermari
320 4364 423 4461 jussa
448 4383 494 4434 ac
509 4355 634 4458 plateis
653 4354 781 4432 cultius
805 4362 930 4450 suam,
957 4357 1099 4433 dextera
1122 4382 1233 4432 manu
1248 4352 1444 4430 venerabi-

169 4637 343 4698 ιὒιιιιοιιιιιι
349 4633 441 4717 fidem
451 4633 570 4695 Groeeioe
579 4625 757 4709 coactliovit]
819 4629 878 4694 viri
896 4628 1100 4694 honestissimi
1112 4641 1142 4694 st
1160 4629 1197 4693 ad
1218 4627 1371 4694 crationes
1388 4627 1442 4691 ha·

125 4739 204 4834 Qnae
218 4739 271 4804 bic
289 4751 463 4819 comantur,
483 4749 515 4802 et
528 4733 757 4822 ingenioblexii
819 4733 933 4800 bendas
952 4736 1139 4824 promtioris,
1163 4737 1284 4822 egregit
1298 4733 1442 4800 conveni·

123 4845 279 4909 Comneni
293 4845 442 4933 suspicaci
460 4855 492 4908 et
513 4845 649 4910 moribus
662 4845 755 4925 Erioi,
817 4854 881 4906 unt.

181 4967 241 5014 aar.
255 4969 384 5016 amnt
398 4971 461 5017 liist.
474 4969 532 5016 llas.
746 5001 757 5021 ,
1169 4947 1245 5042 (39)
