<?xml version="1.0" encoding="UTF-8"?>
<!DOCTYPE html PUBLIC "-//W3C//DTD XHTML 1.0 Transitional//EN"
    "http://www.w3.org/TR/xhtml1/DTD/xhtml1-transitional.dtd">
<html xmlns="http://www.w3.org/1999/xhtml" xml:lang="en" lang="en">
 <head>
  <title>
</title>
<meta http-equiv="Content-Type" content="text/html;charset=utf-8" />
  <meta name='ocr-system' content='tesseract 3.04.00' />
  <meta name='ocr-capabilities' content='ocr_page ocr_carea ocr_par ocr_line ocrx_word'/>
</head>
<body>
  <div class='ocr_page' id='page_1' title='image "./historiadanica01velsgoog_0399.png"; bbox 0 0 3536 5462; ppageno 0'>
   <div class='ocr_carea' id='block_1_1' title="bbox 354 275 1233 356">
    <p class='ocr_par' dir='ltr' id='par_1_1' title="bbox 354 275 1233 356">
     <span class='ocr_line' id='line_1_1' title="bbox 354 275 1233 356; baseline -0.007 -2"><span class='ocrx_word' id='word_1_1' title='bbox 354 283 429 356; x_wconf 85' lang='grc'>936</span> <span class='ocrx_word' id='word_1_2' title='bbox 684 277 863 352; x_wconf 69' lang='lat' dir='ltr'>HlsTott</span> <span class='ocrx_word' id='word_1_3' title='bbox 877 280 984 352; x_wconf 80' lang='lat' dir='ltr'>DAN.</span> <span class='ocrx_word' id='word_1_4' title='bbox 1003 277 1143 352; x_wconf 82' lang='lat' dir='ltr'>LIBER</span> <span class='ocrx_word' id='word_1_5' title='bbox 1156 275 1233 350; x_wconf 86' lang='lat' dir='ltr'>XV.</span> 
     </span>
    </p>
   </div>
   <div class='ocr_carea' id='block_1_2' title="bbox 306 485 1614 588">
    <p class='ocr_par' dir='ltr' id='par_1_2' title="bbox 306 485 1614 588">
     <span class='ocr_line' id='line_1_2' title="bbox 306 485 1614 588; baseline -0.003 -21"><span class='ocrx_word' id='word_1_6' title='bbox 306 508 477 567; x_wconf 86' lang='lat' dir='ltr'>recturos.</span> <span class='ocrx_word' id='word_1_7' title='bbox 528 485 760 588; x_wconf 83' lang='lat' dir='ltr'><strong>Respondent</strong></span> <span class='ocrx_word' id='word_1_8' title='bbox 779 497 822 584; x_wconf 82' lang='lat'>¹,</span> <span class='ocrx_word' id='word_1_9' title='bbox 854 513 921 564; x_wconf 88' lang='lat' dir='ltr'>nec</span> <span class='ocrx_word' id='word_1_10' title='bbox 948 495 1054 564; x_wconf 86' lang='lat' dir='ltr'>armis</span> <span class='ocrx_word' id='word_1_11' title='bbox 1077 513 1117 563; x_wconf 87' lang='lat' dir='ltr'>se</span> <span class='ocrx_word' id='word_1_12' title='bbox 1150 513 1217 560; x_wconf 91' lang='lat' dir='ltr'>nee</span> <span class='ocrx_word' id='word_1_13' title='bbox 1249 487 1385 560; x_wconf 77' lang='lat' dir='ltr'>auxiliis</span> <span class='ocrx_word' id='word_1_14' title='bbox 1408 489 1614 577; x_wconf 85' lang='lat' dir='ltr'>instructos,</span> 
     </span>
    </p>
   </div>
   <div class='ocr_carea' id='block_1_3' title="bbox 209 607 1618 1570">
    <p class='ocr_par' dir='ltr' id='par_1_3' title="bbox 209 607 1618 1570">
     <span class='ocr_line' id='line_1_3' title="bbox 308 607 1616 714; baseline -0.003 -25"><span class='ocrx_word' id='word_1_15' title='bbox 308 613 539 689; x_wconf 88' lang='lat' dir='ltr'>contrahendi</span> <span class='ocrx_word' id='word_1_16' title='bbox 566 617 753 712; x_wconf 86' lang='lat' dir='ltr'>utriusque</span> <span class='ocrx_word' id='word_1_17' title='bbox 779 610 958 687; x_wconf 90' lang='lat' dir='ltr'>commodi</span> <span class='ocrx_word' id='word_1_18' title='bbox 987 635 1100 714; x_wconf 77' lang='lat' dir='ltr'>¹cansa</span> <span class='ocrx_word' id='word_1_19' title='bbox 1122 609 1273 684; x_wconf 91' lang='lat' dir='ltr'>dumnm</span> <span class='ocrx_word' id='word_1_20' title='bbox 1303 607 1443 709; x_wconf 77' lang='lat' dir='ltr'>digredi</span> <span class='ocrx_word' id='word_1_21' title='bbox 1472 632 1616 685; x_wconf 82' lang='lat' dir='ltr'>necesse</span> 
     </span>
     <span class='ocr_line' id='line_1_4' title="bbox 243 734 1615 836; baseline -0.004 -26"><span class='ocrx_word' id='word_1_22' title='bbox 243 755 247 761; x_wconf 88' lang='grc'><strong><em>·</em></strong></span> <span class='ocrx_word' id='word_1_23' title='bbox 307 735 463 827; x_wconf 88' lang='lat' dir='ltr'>habere,</span> <span class='ocrx_word' id='word_1_24' title='bbox 495 741 690 836; x_wconf 68' lang='lat' dir='ltr'>paratiores</span> <span class='ocrx_word' id='word_1_25' title='bbox 708 734 878 835; x_wconf 84' lang='lat' dir='ltr'>postridie</span> <span class='ocrx_word' id='word_1_26' title='bbox 901 759 1120 809; x_wconf 84' lang='lat' dir='ltr'>reversuros.</span> <span class='ocrx_word' id='word_1_27' title='bbox 1180 735 1303 832; x_wconf 89' lang='lat' dir='ltr'>Ipsum</span> <span class='ocrx_word' id='word_1_28' title='bbox 1319 735 1457 808; x_wconf 86' lang='lat' dir='ltr'>interim</span> <span class='ocrx_word' id='word_1_29' title='bbox 1483 739 1615 832; x_wconf 81' lang='lat' dir='ltr'>exqui-</span> 
     </span>
     <span class='ocr_line' id='line_1_5' title="bbox 258 853 1615 962; baseline -0.003 -29"><span class='ocrx_word' id='word_1_30' title='bbox 258 905 264 912; x_wconf 93' lang='lat'><em>·</em></span> <span class='ocrx_word' id='word_1_31' title='bbox 308 861 377 933; x_wconf 87' lang='lat' dir='ltr'>sito</span> <span class='ocrx_word' id='word_1_32' title='bbox 398 858 546 934; x_wconf 84' lang='lat' dir='ltr'>latebrae</span> <span class='ocrx_word' id='word_1_33' title='bbox 571 883 701 962; x_wconf 83' lang='lat' dir='ltr'>genere</span> <span class='ocrx_word' id='word_1_34' title='bbox 722 861 774 930; x_wconf 88' lang='lat' dir='ltr'>uti</span> <span class='ocrx_word' id='word_1_35' title='bbox 794 855 947 952; x_wconf 78' lang='lat' dir='ltr'>debere3</span> <span class='ocrx_word' id='word_1_36' title='bbox 968 853 1112 955; x_wconf 88' lang='lat' dir='ltr'>&#39;probro</span> <span class='ocrx_word' id='word_1_37' title='bbox 1135 859 1346 946; x_wconf 87' lang='lat' dir='ltr'>cariturum,</span> <span class='ocrx_word' id='word_1_38' title='bbox 1377 859 1442 955; x_wconf 92' lang='lat' dir='ltr'>qui</span> <span class='ocrx_word' id='word_1_39' title='bbox 1463 860 1615 954; x_wconf 78' lang='lat' dir='ltr'>tempori</span> 
     </span>
     <span class='ocr_line' id='line_1_6' title="bbox 307 977 1617 1080; baseline -0.004 -26"><span class='ocrx_word' id='word_1_40' title='bbox 307 981 479 1055; x_wconf 87' lang='lat' dir='ltr'>consulat.</span> <span class='ocrx_word' id='word_1_41' title='bbox 546 981 656 1077; x_wconf 87' lang='lat' dir='ltr'>Quod</span> <span class='ocrx_word' id='word_1_42' title='bbox 684 996 807 1053; x_wconf 88' lang='lat' dir='ltr'>utrum</span> <span class='ocrx_word' id='word_1_43' title='bbox 840 978 1056 1080; x_wconf 84' lang='lat' dir='ltr'>malignitate</span> <span class='ocrx_word' id='word_1_44' title='bbox 1092 979 1220 1077; x_wconf 86' lang='lat' dir='ltr'>ingenii</span> <span class='ocrx_word' id='word_1_45' title='bbox 1256 1003 1302 1050; x_wconf 86' lang='lat' dir='ltr'>an</span> <span class='ocrx_word' id='word_1_46' title='bbox 1328 981 1451 1076; x_wconf 86' lang='lat' dir='ltr'>inopia</span> <span class='ocrx_word' id='word_1_47' title='bbox 1481 977 1617 1052; x_wconf 89' lang='lat' dir='ltr'>consilii</span> 
     </span>
     <span class='ocr_line' id='line_1_7' title="bbox 305 1101 1618 1202; baseline 0.002 -28"><span class='ocrx_word' id='word_1_48' title='bbox 305 1101 539 1201; x_wconf 85' lang='lat' dir='ltr'>protulerint,</span> <span class='ocrx_word' id='word_1_49' title='bbox 573 1105 763 1193; x_wconf 87' lang='lat' dir='ltr'>aestiment,</span> <span class='ocrx_word' id='word_1_50' title='bbox 797 1102 929 1202; x_wconf 90' lang='lat' dir='ltr'>quibus</span> <span class='ocrx_word' id='word_1_51' title='bbox 959 1105 1142 1200; x_wconf 81' lang='lat' dir='ltr'>sequentia</span> <span class='ocrx_word' id='word_1_52' title='bbox 1178 1125 1304 1174; x_wconf 90' lang='lat' dir='ltr'>eorum</span> <span class='ocrx_word' id='word_1_53' title='bbox 1336 1115 1414 1172; x_wconf 87' lang='lat' dir='ltr'>acta</span> <span class='ocrx_word' id='word_1_54' title='bbox 1441 1125 1618 1199; x_wconf 82' lang='lat' dir='ltr'>cognosse</span> 
     </span>
     <span class='ocr_line' id='line_1_8' title="bbox 209 1222 1618 1316; baseline 0.001 -20"><span class='ocrx_word' id='word_1_55' title='bbox 209 1237 213 1242; x_wconf 85' lang='lat'>&#39;</span> <span class='ocrx_word' id='word_1_56' title='bbox 308 1223 447 1298; x_wconf 84' lang='lat' dir='ltr'>fastidio</span> <span class='ocrx_word' id='word_1_57' title='bbox 469 1249 543 1302; x_wconf 87' lang='lat' dir='ltr'>nou</span> <span class='ocrx_word' id='word_1_58' title='bbox 567 1225 682 1302; x_wconf 76' lang='lat' dir='ltr'>fiserit.</span> <span class='ocrx_word' id='word_1_59' title='bbox 741 1224 865 1299; x_wconf 87' lang='lat' dir='ltr'>Refert</span> <span class='ocrx_word' id='word_1_60' title='bbox 891 1222 1068 1315; x_wconf 81' lang='lat' dir='ltr'>Absalon‚</span> <span class='ocrx_word' id='word_1_61' title='bbox 1104 1223 1347 1296; x_wconf 88' lang='lat' dir='ltr'>honestiorem</span> <span class='ocrx_word' id='word_1_62' title='bbox 1380 1223 1448 1297; x_wconf 88' lang='lat' dir='ltr'>sibi</span> <span class='ocrx_word' id='word_1_63' title='bbox 1466 1224 1618 1316; x_wconf 84' lang='lat' dir='ltr'>castelli,</span> 
     </span>
     <span class='ocr_line' id='line_1_9' title="bbox 307 1343 1617 1446; baseline 0.002 -27"><span class='ocrx_word' id='word_1_64' title='bbox 307 1345 410 1445; x_wconf 90' lang='lat' dir='ltr'>quod</span> <span class='ocrx_word' id='word_1_65' title='bbox 424 1352 461 1420; x_wconf 88' lang='lat' dir='ltr'>in</span> <span class='ocrx_word' id='word_1_66' title='bbox 476 1348 654 1424; x_wconf 77' lang='lat' dir='ltr'>sialandia</span> <span class='ocrx_word' id='word_1_67' title='bbox 673 1346 835 1438; x_wconf 89' lang='lat' dir='ltr'>haberet,</span> <span class='ocrx_word' id='word_1_68' title='bbox 849 1346 986 1444; x_wconf 73' lang='lat' dir='ltr'>aditum</span> <span class='ocrx_word' id='word_1_69' title='bbox 1005 1345 1093 1438; x_wconf 84' lang='lat' dir='ltr'>fore,</span> <span class='ocrx_word' id='word_1_70' title='bbox 1109 1371 1238 1446; x_wconf 90' lang='lat' dir='ltr'>parum</span> <span class='ocrx_word' id='word_1_71' title='bbox 1256 1343 1412 1422; x_wconf 85' lang='lat' dir='ltr'>latebras</span> <span class='ocrx_word' id='word_1_72' title='bbox 1429 1353 1617 1446; x_wconf 83' lang='lat' dir='ltr'>exquirere</span> 
     </span>
     <span class='ocr_line' id='line_1_10' title="bbox 306 1466 1618 1570; baseline 0.001 -27"><span class='ocrx_word' id='word_1_73' title='bbox 306 1469 422 1547; x_wconf 85' lang='lat' dir='ltr'>solito.</span> <span class='ocrx_word' id='word_1_74' title='bbox 474 1473 635 1564; x_wconf 87' lang='lat' dir='ltr'>Quarum</span> <span class='ocrx_word' id='word_1_75' title='bbox 653 1469 916 1545; x_wconf 84' lang='lat' dir='ltr'>deformitatem</span> <span class='ocrx_word' id='word_1_76' title='bbox 930 1493 1103 1568; x_wconf 90' lang='lat' dir='ltr'>perosus,</span> <span class='ocrx_word' id='word_1_77' title='bbox 1123 1466 1319 1544; x_wconf 84' lang='lat' dir='ltr'>Thordone</span> <span class='ocrx_word' id='word_1_78' title='bbox 1332 1471 1514 1570; x_wconf 79' lang='lat' dir='ltr'>navigium</span> <span class='ocrx_word' id='word_1_79' title='bbox 1529 1497 1618 1570; x_wconf 83' lang='lat' dir='ltr'>pra·-</span> 
     </span>
    </p>
   </div>
   <div class='ocr_carea' id='block_1_4' title="bbox 162 1591 1618 1692">
    <p class='ocr_par' dir='ltr' id='par_1_4' title="bbox 162 1591 1618 1692">
     <span class='ocr_line' id='line_1_11' title="bbox 162 1591 1618 1692; baseline 0.002 -27"><span class='ocrx_word' id='word_1_80' title='bbox 162 1617 170 1630; x_wconf 78' lang='grc'><strong>’</strong></span> <span class='ocrx_word' id='word_1_81' title='bbox 307 1591 436 1688; x_wconf 87' lang='lat' dir='ltr'>berte,</span> <span class='ocrx_word' id='word_1_82' title='bbox 461 1591 618 1676; x_wconf 82' lang='lat' dir='ltr'>discedit.</span> <span class='ocrx_word' id='word_1_83' title='bbox 677 1597 803 1692; x_wconf 88' lang='lat' dir='ltr'>Neque</span> <span class='ocrx_word' id='word_1_84' title='bbox 825 1595 919 1667; x_wconf 90' lang='lat' dir='ltr'>enim</span> <span class='ocrx_word' id='word_1_85' title='bbox 944 1591 1137 1664; x_wconf 84' lang='lat' dir='ltr'>claritatem</span> <span class='ocrx_word' id='word_1_86' title='bbox 1157 1615 1261 1664; x_wconf 88' lang='lat' dir='ltr'>suam</span> <span class='ocrx_word' id='word_1_87' title='bbox 1293 1592 1505 1670; x_wconf 89' lang='lat' dir='ltr'>obscuriore</span> <span class='ocrx_word' id='word_1_88' title='bbox 1536 1593 1618 1668; x_wconf 88' lang='lat' dir='ltr'>loco</span> 
     </span>
    </p>
   </div>
   <div class='ocr_carea' id='block_1_5' title="bbox 307 1712 1627 3414">
    <p class='ocr_par' dir='ltr' id='par_1_5' title="bbox 308 1712 1619 1937">
     <span class='ocr_line' id='line_1_12' title="bbox 308 1712 1619 1818; baseline 0.002 -28"><span class='ocrx_word' id='word_1_89' title='bbox 308 1716 557 1794; x_wconf 84' lang='lat' dir='ltr'>coarctandam</span> <span class='ocrx_word' id='word_1_90' title='bbox 581 1715 754 1815; x_wconf 82' lang='lat' dir='ltr'>putabat,</span> <span class='ocrx_word' id='word_1_91' title='bbox 794 1715 899 1813; x_wconf 91' lang='lat' dir='ltr'>cujus</span> <span class='ocrx_word' id='word_1_92' title='bbox 919 1712 1100 1811; x_wconf 82' lang='lat' dir='ltr'>fulgorem</span> <span class='ocrx_word' id='word_1_93' title='bbox 1126 1739 1194 1812; x_wconf 85' lang='lat' dir='ltr'>per</span> <span class='ocrx_word' id='word_1_94' title='bbox 1224 1729 1275 1786; x_wconf 91' lang='lat' dir='ltr'>tot</span> <span class='ocrx_word' id='word_1_95' title='bbox 1297 1733 1476 1790; x_wconf 89' lang='lat' dir='ltr'>terrarum</span> <span class='ocrx_word' id='word_1_96' title='bbox 1504 1721 1619 1818; x_wconf 87' lang='lat' dir='ltr'>spatia</span> 
     </span>
     <span class='ocr_line' id='line_1_13' title="bbox 308 1833 1374 1937; baseline -0.001 -26"><span class='ocrx_word' id='word_1_97' title='bbox 308 1841 511 1937; x_wconf 89' lang='lat' dir='ltr'>conspicuis</span> <span class='ocrx_word' id='word_1_98' title='bbox 529 1843 664 1916; x_wconf 69' lang='lat' dir='ltr'>viantis</span> <span class='ocrx_word' id='word_1_99' title='bbox 686 1836 859 1936; x_wconf 87' lang='lat' dir='ltr'>operibns</span> <span class='ocrx_word' id='word_1_100' title='bbox 882 1833 1053 1910; x_wconf 87' lang='lat' dir='ltr'>diffusum</span> <span class='ocrx_word' id='word_1_101' title='bbox 1076 1861 1149 1910; x_wconf 93' lang='lat' dir='ltr'>non</span> <span class='ocrx_word' id='word_1_102' title='bbox 1175 1836 1374 1936; x_wconf 84' lang='lat' dir='ltr'>ignorabat.</span> 
     </span>
    </p>

    <p class='ocr_par' dir='ltr' id='par_1_6' title="bbox 307 1957 1627 3414">
     <span class='ocr_line' id='line_1_14' title="bbox 410 1957 1619 2061; baseline 0.002 -28"><span class='ocrx_word' id='word_1_103' title='bbox 410 1961 625 2036; x_wconf 79' lang='lat' dir='ltr'>sialandiam</span> <span class='ocrx_word' id='word_1_104' title='bbox 648 1964 847 2061; x_wconf 85' lang='lat' dir='ltr'>ingressus,</span> <span class='ocrx_word' id='word_1_105' title='bbox 882 1957 1170 2052; x_wconf 82' lang='lat' dir='ltr'>waldemarum,</span> <span class='ocrx_word' id='word_1_106' title='bbox 1205 1959 1305 2059; x_wconf 91' lang='lat' dir='ltr'>apud</span> <span class='ocrx_word' id='word_1_107' title='bbox 1331 1960 1484 2036; x_wconf 86' lang='lat' dir='ltr'>insulam</span> <span class='ocrx_word' id='word_1_108' title='bbox 1510 1965 1619 2036; x_wconf 85' lang='lat' dir='ltr'>Sam-</span> 
     </span>
     <span class='ocr_line' id='line_1_15' title="bbox 308 2067 1620 2184; baseline 0.002 -26"><span class='ocrx_word' id='word_1_109' title='bbox 308 2089 419 2158; x_wconf 82' lang='lat' dir='ltr'>sam²</span> <span class='ocrx_word' id='word_1_110' title='bbox 455 2083 608 2160; x_wconf 86' lang='lat' dir='ltr'>venandi</span> <span class='ocrx_word' id='word_1_111' title='bbox 645 2081 760 2157; x_wconf 88' lang='lat' dir='ltr'>studio</span> <span class='ocrx_word' id='word_1_112' title='bbox 797 2088 1063 2176; x_wconf 85' lang='lat' dir='ltr'>inservientem,</span> <span class='ocrx_word' id='word_1_113' title='bbox 1104 2067 1250 2182; x_wconf 85' lang='lat' dir='ltr'>recepta</span> <span class='ocrx_word' id='word_1_114' title='bbox 1282 2082 1438 2183; x_wconf 84' lang='lat' dir='ltr'>abipso</span> <span class='ocrx_word' id='word_1_115' title='bbox 1468 2085 1620 2184; x_wconf 85' lang='lat' dir='ltr'>epistola</span> 
     </span>
     <span class='ocr_line' id='line_1_16' title="bbox 308 2203 1621 2306; baseline 0.004 -25"><span class='ocrx_word' id='word_1_116' title='bbox 308 2226 431 2306; x_wconf 86' lang='lat' dir='ltr'>petere</span> <span class='ocrx_word' id='word_1_117' title='bbox 450 2206 616 2306; x_wconf 86' lang='lat' dir='ltr'>jubetur,</span> <span class='ocrx_word' id='word_1_118' title='bbox 648 2207 856 2282; x_wconf 87' lang='lat' dir='ltr'>necessariis</span> <span class='ocrx_word' id='word_1_119' title='bbox 879 2206 1002 2304; x_wconf 84' lang='lat' dir='ltr'>patriae</span> <span class='ocrx_word' id='word_1_120' title='bbox 1025 2203 1154 2280; x_wconf 90' lang='lat' dir='ltr'>usibus</span> <span class='ocrx_word' id='word_1_121' title='bbox 1176 2221 1378 2280; x_wconf 85' lang='lat' dir='ltr'>vacatums.</span> <span class='ocrx_word' id='word_1_122' title='bbox 1435 2209 1507 2283; x_wconf 90' lang='lat' dir='ltr'>Ubi</span> <span class='ocrx_word' id='word_1_123' title='bbox 1535 2237 1621 2286; x_wconf 90' lang='lat' dir='ltr'>cnm</span> 
     </span>
     <span class='ocr_line' id='line_1_17' title="bbox 308 2313 1621 2433; baseline 0.005 -32"><span class='ocrx_word' id='word_1_124' title='bbox 308 2331 452 2404; x_wconf 91' lang='lat' dir='ltr'>Sunone</span> <span class='ocrx_word' id='word_1_125' title='bbox 475 2328 714 2427; x_wconf 87' lang='lat' dir='ltr'>Esbemoque</span> <span class='ocrx_word' id='word_1_126' title='bbox 734 2329 938 2428; x_wconf 87' lang='lat' dir='ltr'>propositas</span> <span class='ocrx_word' id='word_1_127' title='bbox 963 2313 1187 2426; x_wconf 81' lang='lat' dir='ltr'>negotiorum</span> <span class='ocrx_word' id='word_1_128' title='bbox 1211 2329 1317 2402; x_wconf 84' lang='lat' dir='ltr'>curas</span> <span class='ocrx_word' id='word_1_129' title='bbox 1350 2328 1472 2405; x_wconf 85' lang='lat' dir='ltr'>debita</span> <span class='ocrx_word' id='word_1_130' title='bbox 1498 2337 1621 2433; x_wconf 80' lang='lat' dir='ltr'>agita-</span> 
     </span>
     <span class='ocr_line' id='line_1_18' title="bbox 307 2441 1621 2551; baseline 0.003 -24"><span class='ocrx_word' id='word_1_131' title='bbox 307 2455 403 2527; x_wconf 88' lang='lat' dir='ltr'>tione</span> <span class='ocrx_word' id='word_1_132' title='bbox 425 2441 653 2551; x_wconf 81' lang='lat' dir='ltr'>complexus,</span> <span class='ocrx_word' id='word_1_133' title='bbox 678 2468 863 2548; x_wconf 88' lang='lat' dir='ltr'>postremo</span> <span class='ocrx_word' id='word_1_134' title='bbox 887 2447 989 2549; x_wconf 90' lang='lat' dir='ltr'>apud</span> <span class='ocrx_word' id='word_1_135' title='bbox 1012 2455 1128 2550; x_wconf 85' lang='lat' dir='ltr'>regias</span> <span class='ocrx_word' id='word_1_136' title='bbox 1152 2475 1258 2526; x_wconf 84' lang='lat' dir='ltr'>aures</span> <span class='ocrx_word' id='word_1_137' title='bbox 1283 2454 1417 2528; x_wconf 87' lang='lat' dir='ltr'>Scanici</span> <span class='ocrx_word' id='word_1_138' title='bbox 1443 2456 1621 2530; x_wconf 88' lang='lat' dir='ltr'>tumultus</span> 
     </span>
     <span class='ocr_line' id='line_1_19' title="bbox 309 2571 1623 2675; baseline 0.005 -26"><span class='ocrx_word' id='word_1_139' title='bbox 309 2576 441 2650; x_wconf 88' lang='lat' dir='ltr'>famam</span> <span class='ocrx_word' id='word_1_140' title='bbox 467 2571 594 2666; x_wconf 87' lang='lat' dir='ltr'>edidit,</span> <span class='ocrx_word' id='word_1_141' title='bbox 626 2575 837 2675; x_wconf 90' lang='lat' dir='ltr'>primusque</span> <span class='ocrx_word' id='word_1_142' title='bbox 853 2578 930 2675; x_wconf 89' lang='lat' dir='ltr'>ipse</span> <span class='ocrx_word' id='word_1_143' title='bbox 951 2571 1259 2673; x_wconf 84' lang='lat' dir='ltr'>perturbationum</span> <span class='ocrx_word' id='word_1_144' title='bbox 1285 2601 1435 2652; x_wconf 89' lang='lat' dir='ltr'>suarum</span> <span class='ocrx_word' id='word_1_145' title='bbox 1457 2581 1623 2655; x_wconf 89' lang='lat' dir='ltr'>nuntium</span> 
     </span>
     <span class='ocr_line' id='line_1_20' title="bbox 309 2691 1623 2804; baseline 0.005 -35"><span class='ocrx_word' id='word_1_146' title='bbox 309 2721 416 2796; x_wconf 83' lang='lat' dir='ltr'>agere</span> <span class='ocrx_word' id='word_1_147' title='bbox 440 2721 514 2770; x_wconf 91' lang='lat' dir='ltr'>non</span> <span class='ocrx_word' id='word_1_148' title='bbox 547 2691 740 2771; x_wconf 83' lang='lat' dir='ltr'>exhorruit.</span> <span class='ocrx_word' id='word_1_149' title='bbox 797 2701 1013 2772; x_wconf 84' lang='lat' dir='ltr'>AEstuantem</span> <span class='ocrx_word' id='word_1_150' title='bbox 1041 2701 1160 2770; x_wconf 88' lang='lat' dir='ltr'>animo</span> <span class='ocrx_word' id='word_1_151' title='bbox 1190 2723 1332 2799; x_wconf 85' lang='lat' dir='ltr'>regem,</span> <span class='ocrx_word' id='word_1_152' title='bbox 1371 2701 1623 2804; x_wconf 88' lang='lat' dir='ltr'>seditiosisque</span> 
     </span>
     <span class='ocr_line' id='line_1_21' title="bbox 309 2818 1627 2921; baseline 0.005 -27"><span class='ocrx_word' id='word_1_153' title='bbox 309 2820 487 2920; x_wconf 84' lang='lat' dir='ltr'>supplicia</span> <span class='ocrx_word' id='word_1_154' title='bbox 504 2821 732 2912; x_wconf 85' lang='lat' dir='ltr'>minitantem,</span> <span class='ocrx_word' id='word_1_155' title='bbox 747 2818 882 2896; x_wconf 88' lang='lat' dir='ltr'>consilii</span> <span class='ocrx_word' id='word_1_156' title='bbox 901 2823 958 2894; x_wconf 91' lang='lat' dir='ltr'>sui</span> <span class='ocrx_word' id='word_1_157' title='bbox 977 2819 1245 2894; x_wconf 85' lang='lat' dir='ltr'>delenimentoa</span> <span class='ocrx_word' id='word_1_158' title='bbox 1260 2832 1451 2921; x_wconf 87' lang='lat' dir='ltr'>proposito</span> <span class='ocrx_word' id='word_1_159' title='bbox 1465 2831 1627 2921; x_wconf 74' lang='lat' dir='ltr'>retraxit,</span> 
     </span>
     <span class='ocr_line' id='line_1_22' title="bbox 310 2923 1623 3043; baseline 0.008 -29"><span class='ocrx_word' id='word_1_160' title='bbox 310 2941 565 3043; x_wconf 64' lang='lat' dir='ltr'>erigendisque</span> <span class='ocrx_word' id='word_1_161' title='bbox 590 2923 913 3018; x_wconf 84' lang='lat' dir='ltr'>ultionisaffectum</span> <span class='ocrx_word' id='word_1_162' title='bbox 938 2945 1139 3042; x_wconf 88' lang='lat' dir='ltr'>primorum</span> <span class='ocrx_word' id='word_1_163' title='bbox 1160 2943 1294 3018; x_wconf 86' lang='lat' dir='ltr'>Scaniae</span> <span class='ocrx_word' id='word_1_164' title='bbox 1313 2948 1474 3020; x_wconf 90' lang='lat' dir='ltr'>virorum</span> <span class='ocrx_word' id='word_1_165' title='bbox 1498 2948 1623 3024; x_wconf 87' lang='lat' dir='ltr'>bene-</span> 
     </span>
     <span class='ocr_line' id='line_1_23' title="bbox 310 3063 1623 3168; baseline 0.008 -32"><span class='ocrx_word' id='word_1_166' title='bbox 310 3063 394 3136; x_wconf 80' lang='lat' dir='ltr'>vola</span> <span class='ocrx_word' id='word_1_167' title='bbox 418 3067 606 3140; x_wconf 85' lang='lat' dir='ltr'>vocatione</span> <span class='ocrx_word' id='word_1_168' title='bbox 620 3065 763 3139; x_wconf 86' lang='lat' dir='ltr'>differre</span> <span class='ocrx_word' id='word_1_169' title='bbox 777 3065 908 3141; x_wconf 85' lang='lat' dir='ltr'>docuit.</span> <span class='ocrx_word' id='word_1_170' title='bbox 958 3069 1060 3160; x_wconf 87' lang='lat' dir='ltr'>Quos</span> <span class='ocrx_word' id='word_1_171' title='bbox 1078 3070 1194 3155; x_wconf 88' lang='lat' dir='ltr'>etlam,</span> <span class='ocrx_word' id='word_1_172' title='bbox 1216 3065 1318 3142; x_wconf 90' lang='lat' dir='ltr'>illum</span> <span class='ocrx_word' id='word_1_173' title='bbox 1341 3070 1442 3168; x_wconf 89' lang='lat' dir='ltr'>apud</span> <span class='ocrx_word' id='word_1_174' title='bbox 1458 3074 1623 3147; x_wconf 81' lang='lat' dir='ltr'>Fioniam</span> 
     </span>
     <span class='ocr_line' id='line_1_24' title="bbox 311 3187 1624 3292; baseline 0.011 -35"><span class='ocrx_word' id='word_1_175' title='bbox 311 3187 500 3284; x_wconf 90' lang='lat' dir='ltr'>petituros,</span> <span class='ocrx_word' id='word_1_176' title='bbox 522 3188 638 3286; x_wconf 89' lang='lat' dir='ltr'>plenis</span> <span class='ocrx_word' id='word_1_177' title='bbox 661 3187 886 3263; x_wconf 85' lang='lat' dir='ltr'>humanitatis</span> <span class='ocrx_word' id='word_1_178' title='bbox 908 3187 1034 3264; x_wconf 84' lang='lat' dir='ltr'>officiis</span> <span class='ocrx_word' id='word_1_179' title='bbox 1051 3193 1222 3290; x_wconf 89' lang='lat' dir='ltr'>prosequi</span> <span class='ocrx_word' id='word_1_180' title='bbox 1238 3213 1310 3262; x_wconf 92' lang='lat' dir='ltr'>non</span> <span class='ocrx_word' id='word_1_181' title='bbox 1326 3196 1536 3292; x_wconf 85' lang='lat' dir='ltr'>supersedit</span> <span class='ocrx_word' id='word_1_182' title='bbox 1592 3206 1624 3271; x_wconf 85' lang='grc' dir='ltr'><strong>Δ</strong></span> 
     </span>
     <span class='ocr_line' id='line_1_25' title="bbox 311 3308 1627 3414; baseline 0.012 -33"><span class='ocrx_word' id='word_1_183' title='bbox 311 3308 446 3406; x_wconf 89' lang='lat' dir='ltr'>quibus</span> <span class='ocrx_word' id='word_1_184' title='bbox 477 3310 631 3386; x_wconf 87' lang='lat' dir='ltr'>eundem</span> <span class='ocrx_word' id='word_1_185' title='bbox 660 3313 801 3410; x_wconf 80' lang='lat' dir='ltr'>precari</span> <span class='ocrx_word' id='word_1_186' title='bbox 828 3328 993 3414; x_wconf 78' lang='lat' dir='ltr'>rogatus,</span> <span class='ocrx_word' id='word_1_187' title='bbox 1031 3335 1078 3385; x_wconf 86' lang='lat' dir='ltr'>nc</span> <span class='ocrx_word' id='word_1_188' title='bbox 1102 3314 1280 3386; x_wconf 79' lang='lat' dir='ltr'>saxonem</span> <span class='ocrx_word' id='word_1_189' title='bbox 1301 3313 1340 3404; x_wconf 83' lang='lat'>³,</span> <span class='ocrx_word' id='word_1_190' title='bbox 1381 3317 1569 3396; x_wconf 73' lang='lat' dir='ltr'>rohonem</span> <span class='ocrx_word' id='word_1_191' title='bbox 1588 3323 1627 3412; x_wconf 82' lang='lat'>⁴,</span> 
     </span>
    </p>
   </div>
   <div class='ocr_carea' id='block_1_6' title="bbox 359 3621 1763 3720">
    <p class='ocr_par' dir='ltr' id='par_1_7' title="bbox 359 3621 1763 3720">
     <span class='ocr_line' id='line_1_26' title="bbox 359 3621 1763 3720; baseline 0.009 -33"><span class='ocrx_word' id='word_1_192' title='bbox 359 3621 935 3714; x_wconf 56' lang='lat' dir='ltr'>¹RespondemusStephanintemen·</span> <span class='ocrx_word' id='word_1_193' title='bbox 991 3623 1184 3712; x_wconf 78' lang='lat' dir='ltr'>praefecturae</span> <span class='ocrx_word' id='word_1_194' title='bbox 1203 3627 1250 3691; x_wconf 76' lang='lat' dir='ltr'>vir</span> <span class='ocrx_word' id='word_1_195' title='bbox 1269 3627 1396 3712; x_wconf 87' lang='lat' dir='ltr'>dicitnr,</span> <span class='ocrx_word' id='word_1_196' title='bbox 1416 3629 1548 3700; x_wconf 79' lang='lat' dir='ltr'>fortasse</span> <span class='ocrx_word' id='word_1_197' title='bbox 1561 3639 1626 3702; x_wconf 88' lang='lat' dir='ltr'>Sti·</span> <span class='ocrx_word' id='word_1_198' title='bbox 1762 3713 1763 3720; x_wconf 13' lang='lat' dir='ltr'>p</span> 
     </span>
    </p>
   </div>
   <div class='ocr_carea' id='block_1_7' title="bbox 313 3726 1626 3928">
    <p class='ocr_par' dir='ltr' id='par_1_8' title="bbox 313 3726 1626 3928">
     <span class='ocr_line' id='line_1_27' title="bbox 313 3726 1626 3829; baseline 0.012 -39"><span class='ocrx_word' id='word_1_199' title='bbox 313 3726 396 3792; x_wconf 84' lang='lat' dir='ltr'>davit</span> <span class='ocrx_word' id='word_1_200' title='bbox 415 3731 483 3794; x_wconf 80' lang='lat' dir='ltr'>lect</span> <span class='ocrx_word' id='word_1_201' title='bbox 503 3731 550 3796; x_wconf 89' lang='lat' dir='ltr'>ed.</span> <span class='ocrx_word' id='word_1_202' title='bbox 567 3755 615 3818; x_wconf 87' lang='lat' dir='ltr'>pr.</span> <span class='ocrx_word' id='word_1_203' title='bbox 638 3733 796 3820; x_wconf 78' lang='lat' dir='ltr'>respoudit.</span> <span class='ocrx_word' id='word_1_204' title='bbox 860 3779 862 3787; x_wconf 59' lang='grc'>,</span> <span class='ocrx_word' id='word_1_205' title='bbox 990 3732 1056 3820; x_wconf 80' lang='lat' dir='ltr'>goti</span> <span class='ocrx_word' id='word_1_206' title='bbox 1077 3733 1129 3797; x_wconf 88' lang='lat' dir='ltr'>ille</span> <span class='ocrx_word' id='word_1_207' title='bbox 1151 3734 1332 3817; x_wconf 82' lang='lat' dir='ltr'>filiuserat,</span> <span class='ocrx_word' id='word_1_208' title='bbox 1359 3740 1535 3825; x_wconf 81' lang='lat' dir='ltr'>splendidus</span> <span class='ocrx_word' id='word_1_209' title='bbox 1568 3765 1626 3829; x_wconf 82' lang='lat' dir='ltr'>ge·</span> 
     </span>
     <span class='ocr_line' id='line_1_28' title="bbox 358 3836 1625 3928; baseline 0.014 -31"><span class='ocrx_word' id='word_1_210' title='bbox 358 3837 370 3874; x_wconf 78' lang='lat'>²</span> <span class='ocrx_word' id='word_1_211' title='bbox 393 3839 523 3901; x_wconf 83' lang='lat' dir='ltr'>Insulam</span> <span class='ocrx_word' id='word_1_212' title='bbox 543 3838 690 3919; x_wconf 85' lang='lat' dir='ltr'>Samscm]</span> <span class='ocrx_word' id='word_1_213' title='bbox 715 3836 818 3901; x_wconf 84' lang='lat' dir='ltr'>Hodie</span> <span class='ocrx_word' id='word_1_214' title='bbox 845 3837 936 3902; x_wconf 88' lang='lat' dir='ltr'>etiarn</span> <span class='ocrx_word' id='word_1_215' title='bbox 990 3859 1062 3903; x_wconf 85' lang='lat' dir='ltr'>nere</span> <span class='ocrx_word' id='word_1_216' title='bbox 1085 3839 1144 3918; x_wconf 85' lang='lat' dir='ltr'>vir,</span> <span class='ocrx_word' id='word_1_217' title='bbox 1165 3839 1218 3926; x_wconf 91' lang='lat' dir='ltr'>qui</span> <span class='ocrx_word' id='word_1_218' title='bbox 1238 3841 1386 3928; x_wconf 82' lang='lat' dir='ltr'>inpugna</span> <span class='ocrx_word' id='word_1_219' title='bbox 1404 3869 1430 3910; x_wconf 84' lang='lat' dir='ltr'>a.</span> <span class='ocrx_word' id='word_1_220' title='bbox 1447 3845 1528 3912; x_wconf 80' lang='lat'>1170</span> <span class='ocrx_word' id='word_1_221' title='bbox 1550 3871 1625 3915; x_wconf 89' lang='lat' dir='ltr'>cum</span> 
     </span>
    </p>
   </div>
   <div class='ocr_carea' id='block_1_8' title="bbox 311 3943 1762 4044">
    <p class='ocr_par' dir='ltr' id='par_1_9' title="bbox 311 3943 1762 4044">
     <span class='ocr_line' id='line_1_29' title="bbox 311 3943 1762 4044; baseline 0.004 -40"><span class='ocrx_word' id='word_1_222' title='bbox 311 3943 396 4004; x_wconf 85' lang='lat' dir='ltr'>Sams</span> <span class='ocrx_word' id='word_1_223' title='bbox 412 3961 441 4006; x_wconf 81' lang='lat' dir='ltr'>v.</span> <span class='ocrx_word' id='word_1_224' title='bbox 454 3946 572 4014; x_wconf 66' lang='lat' dir='ltr'>Samaeis</span> <span class='ocrx_word' id='word_1_225' title='bbox 592 3944 712 4024; x_wconf 87' lang='lat' dir='ltr'>dicitnr,</span> <span class='ocrx_word' id='word_1_226' title='bbox 737 3944 833 4008; x_wconf 81' lang='lat' dir='ltr'>insula</span> <span class='ocrx_word' id='word_1_227' title='bbox 856 3945 937 4008; x_wconf 78' lang='lat' dir='ltr'>inter</span> <span class='ocrx_word' id='word_1_228' title='bbox 992 3945 1080 4011; x_wconf 80' lang='lat' dir='ltr'>Curis</span> <span class='ocrx_word' id='word_1_229' title='bbox 1101 3945 1260 4010; x_wconf 78' lang='lat' dir='ltr'>commissa</span> <span class='ocrx_word' id='word_1_230' title='bbox 1282 3953 1424 4015; x_wconf 81' lang='lat' dir='ltr'>excelluit</span> <span class='ocrx_word' id='word_1_231' title='bbox 1440 3949 1484 4034; x_wconf 80' lang='lat' dir='ltr'>(v.</span> <span class='ocrx_word' id='word_1_232' title='bbox 1506 3977 1529 4020; x_wconf 85' lang='lat' dir='ltr'>s.</span> <span class='ocrx_word' id='word_1_233' title='bbox 1546 3979 1625 4044; x_wconf 71' lang='lat' dir='ltr'>pag,</span> <span class='ocrx_word' id='word_1_234' title='bbox 1761 4007 1762 4010; x_wconf 74' lang='grc'>,</span> 
     </span>
    </p>
   </div>
   <div class='ocr_carea' id='block_1_9' title="bbox 312 4047 1628 4245">
    <p class='ocr_par' dir='ltr' id='par_1_10' title="bbox 312 4047 1628 4245">
     <span class='ocr_line' id='line_1_30' title="bbox 312 4047 1626 4140; baseline 0.014 -30"><span class='ocrx_word' id='word_1_235' title='bbox 312 4048 424 4112; x_wconf 82' lang='lat' dir='ltr'>lutiam</span> <span class='ocrx_word' id='word_1_236' title='bbox 445 4061 477 4116; x_wconf 82' lang='lat' dir='ltr'>et</span> <span class='ocrx_word' id='word_1_237' title='bbox 494 4048 703 4133; x_wconf 74' lang='lat' dir='ltr'>Sjasllandinm</span> <span class='ocrx_word' id='word_1_238' title='bbox 722 4050 788 4112; x_wconf 85' lang='lat' dir='ltr'>sita.</span> <span class='ocrx_word' id='word_1_239' title='bbox 991 4047 1052 4114; x_wconf 81' lang='lat'>851</span> <span class='ocrx_word' id='word_1_240' title='bbox 1083 4053 1144 4138; x_wconf 85' lang='lat' dir='ltr'>sq).</span> <span class='ocrx_word' id='word_1_241' title='bbox 1191 4053 1253 4117; x_wconf 77' lang='lat' dir='ltr'>Sed</span> <span class='ocrx_word' id='word_1_242' title='bbox 1280 4077 1375 4140; x_wconf 86' lang='lat' dir='ltr'>quum</span> <span class='ocrx_word' id='word_1_243' title='bbox 1399 4079 1436 4120; x_wconf 87' lang='lat' dir='ltr'>ax</span> <span class='ocrx_word' id='word_1_244' title='bbox 1461 4061 1626 4128; x_wconf 85' lang='lat' dir='ltr'>hocloco</span> 
     </span>
     <span class='ocr_line' id='line_1_31' title="bbox 358 4152 1628 4245; baseline 0.011 -27"><span class='ocrx_word' id='word_1_245' title='bbox 358 4153 551 4238; x_wconf 73' lang='lat' dir='ltr'>³Sororem]</span> <span class='ocrx_word' id='word_1_246' title='bbox 585 4160 620 4220; x_wconf 93' lang='lat' dir='ltr'>ln</span> <span class='ocrx_word' id='word_1_247' title='bbox 644 4156 748 4218; x_wconf 84' lang='lat' dir='ltr'>chron.</span> <span class='ocrx_word' id='word_1_248' title='bbox 775 4153 936 4219; x_wconf 77' lang='lat' dir='ltr'>Sialandiae</span> <span class='ocrx_word' id='word_1_249' title='bbox 992 4169 1113 4244; x_wconf 81' lang='lat' dir='ltr'>pateat,</span> <span class='ocrx_word' id='word_1_250' title='bbox 1147 4171 1299 4245; x_wconf 74' lang='lat' dir='ltr'>satrapam</span> <span class='ocrx_word' id='word_1_251' title='bbox 1328 4152 1540 4234; x_wconf 75' lang='lat' dir='ltr'>scanicnalbus</span> <span class='ocrx_word' id='word_1_252' title='bbox 1573 4169 1628 4232; x_wconf 82' lang='lat' dir='ltr'>in·</span> 
     </span>
    </p>
   </div>
   <div class='ocr_carea' id='block_1_10' title="bbox 314 4257 1761 4356">
    <p class='ocr_par' dir='ltr' id='par_1_11' title="bbox 314 4257 1761 4356">
     <span class='ocr_line' id='line_1_32' title="bbox 314 4257 1761 4356; baseline 0.015 -34"><span class='ocrx_word' id='word_1_253' title='bbox 314 4261 392 4330; x_wconf 85' lang='lat' dir='ltr'>(Sor.</span> <span class='ocrx_word' id='word_1_254' title='bbox 410 4265 449 4325; x_wconf 89' lang='lat' dir='ltr'>R.</span> <span class='ocrx_word' id='word_1_255' title='bbox 471 4266 547 4326; x_wconf 81' lang='lat' dir='ltr'>Dan.</span> <span class='ocrx_word' id='word_1_256' title='bbox 566 4263 611 4342; x_wconf 84' lang='lat'>11,</span> <span class='ocrx_word' id='word_1_257' title='bbox 630 4257 706 4342; x_wconf 76' lang='lat'>621)</span> <span class='ocrx_word' id='word_1_258' title='bbox 727 4261 777 4326; x_wconf 87' lang='lat' dir='ltr'>bic</span> <span class='ocrx_word' id='word_1_259' title='bbox 796 4265 875 4328; x_wconf 84' lang='lat' dir='ltr'>Saxo</span> <span class='ocrx_word' id='word_1_260' title='bbox 892 4263 937 4326; x_wconf 90' lang='lat' dir='ltr'>di·</span> <span class='ocrx_word' id='word_1_261' title='bbox 992 4265 1090 4330; x_wconf 77' lang='lat' dir='ltr'>vium</span> <span class='ocrx_word' id='word_1_262' title='bbox 1117 4277 1202 4330; x_wconf 83' lang='lat' dir='ltr'>extra</span> <span class='ocrx_word' id='word_1_263' title='bbox 1233 4269 1372 4334; x_wconf 77' lang='lat' dir='ltr'>Scanim</span> <span class='ocrx_word' id='word_1_264' title='bbox 1404 4285 1508 4339; x_wconf 77' lang='lat' dir='ltr'>ortum</span> <span class='ocrx_word' id='word_1_265' title='bbox 1537 4295 1627 4356; x_wconf 76' lang='lat' dir='ltr'>esse,</span> <span class='ocrx_word' id='word_1_266' title='bbox 1760 4299 1761 4322; x_wconf 62' lang='lat'>¹</span> 
     </span>
    </p>
   </div>
   <div class='ocr_carea' id='block_1_11' title="bbox 313 4365 1630 4780">
    <p class='ocr_par' dir='ltr' id='par_1_12' title="bbox 313 4365 1629 4686">
     <span class='ocr_line' id='line_1_33' title="bbox 313 4365 1627 4461; baseline 0.018 -37"><span class='ocrx_word' id='word_1_267' title='bbox 313 4365 392 4427; x_wconf 87' lang='lat' dir='ltr'>citur</span> <span class='ocrx_word' id='word_1_268' title='bbox 408 4370 490 4449; x_wconf 79' lang='lat' dir='ltr'>filins</span> <span class='ocrx_word' id='word_1_269' title='bbox 507 4372 679 4450; x_wconf 71' lang='lat' dir='ltr'>llorberni,</span> <span class='ocrx_word' id='word_1_270' title='bbox 697 4369 778 4431; x_wconf 86' lang='lat' dir='ltr'>illins</span> <span class='ocrx_word' id='word_1_271' title='bbox 798 4367 937 4451; x_wconf 72' lang='lat' dir='ltr'>fomsse,</span> <span class='ocrx_word' id='word_1_272' title='bbox 992 4371 1043 4434; x_wconf 93' lang='lat' dir='ltr'>hic</span> <span class='ocrx_word' id='word_1_273' title='bbox 1074 4371 1194 4456; x_wconf 86' lang='lat' dir='ltr'>quidem</span> <span class='ocrx_word' id='word_1_274' title='bbox 1233 4373 1387 4460; x_wconf 76' lang='lat' dir='ltr'>Stigotum</span> <span class='ocrx_word' id='word_1_275' title='bbox 1423 4381 1627 4461; x_wconf 80' lang='lat' dir='ltr'>Hritaleder,</span> 
     </span>
     <span class='ocr_line' id='line_1_34' title="bbox 314 4469 1628 4570; baseline 0.018 -41"><span class='ocrx_word' id='word_1_276' title='bbox 314 4469 400 4552; x_wconf 85' lang='lat' dir='ltr'>cujus</span> <span class='ocrx_word' id='word_1_277' title='bbox 422 4473 454 4534; x_wconf 91' lang='lat' dir='ltr'>in</span> <span class='ocrx_word' id='word_1_278' title='bbox 482 4474 540 4536; x_wconf 84' lang='lat' dir='ltr'>hac</span> <span class='ocrx_word' id='word_1_279' title='bbox 558 4473 684 4540; x_wconf 84' lang='lat' dir='ltr'>historia</span> <span class='ocrx_word' id='word_1_280' title='bbox 702 4475 811 4561; x_wconf 75' lang='lat' dir='ltr'>saepius</span> <span class='ocrx_word' id='word_1_281' title='bbox 832 4490 937 4540; x_wconf 85' lang='lat' dir='ltr'>noster</span> <span class='ocrx_word' id='word_1_282' title='bbox 991 4479 1199 4558; x_wconf 82' lang='lat' dir='ltr'>scaniensem,</span> <span class='ocrx_word' id='word_1_283' title='bbox 1228 4480 1279 4543; x_wconf 82' lang='lat' dir='ltr'>vix</span> <span class='ocrx_word' id='word_1_284' title='bbox 1307 4494 1425 4565; x_wconf 84' lang='lat' dir='ltr'>patrem</span> <span class='ocrx_word' id='word_1_285' title='bbox 1449 4485 1557 4551; x_wconf 86' lang='lat' dir='ltr'>babuit</span> <span class='ocrx_word' id='word_1_286' title='bbox 1575 4485 1628 4570; x_wconf 81' lang='lat' dir='ltr'>(v.</span> 
     </span>
     <span class='ocr_line' id='line_1_35' title="bbox 314 4574 1629 4686; baseline 0.02 -50"><span class='ocrx_word' id='word_1_287' title='bbox 314 4574 498 4642; x_wconf 76' lang='lat' dir='ltr'>mentionem</span> <span class='ocrx_word' id='word_1_288' title='bbox 519 4577 609 4657; x_wconf 84' lang='lat' dir='ltr'>lecit,</span> <span class='ocrx_word' id='word_1_289' title='bbox 631 4601 658 4644; x_wconf 79' lang='lat' dir='ltr'>v.</span> <span class='ocrx_word' id='word_1_290' title='bbox 677 4602 701 4644; x_wconf 84' lang='lat' dir='ltr'>a.</span> <span class='ocrx_word' id='word_1_291' title='bbox 722 4603 791 4666; x_wconf 80' lang='lat' dir='ltr'>pag.</span> <span class='ocrx_word' id='word_1_292' title='bbox 810 4577 873 4644; x_wconf 86' lang='grc'>869</span> <span class='ocrx_word' id='word_1_293' title='bbox 890 4603 936 4667; x_wconf 83' lang='lat' dir='ltr'>aq.</span> <span class='ocrx_word' id='word_1_294' title='bbox 991 4605 1015 4646; x_wconf 86' lang='lat' dir='ltr'>s.</span> <span class='ocrx_word' id='word_1_295' title='bbox 1041 4607 1072 4668; x_wconf 92' lang='lat' dir='ltr'>p.</span> <span class='ocrx_word' id='word_1_296' title='bbox 1100 4579 1163 4646; x_wconf 78' lang='lat'>851</span> <span class='ocrx_word' id='word_1_297' title='bbox 1191 4598 1256 4649; x_wconf 88' lang='lat' dir='ltr'>not.</span> <span class='ocrx_word' id='word_1_298' title='bbox 1283 4583 1328 4669; x_wconf 75' lang='lat'>2).</span> <span class='ocrx_word' id='word_1_299' title='bbox 1370 4591 1488 4686; x_wconf 82' lang='lat' dir='ltr'>Quare,</span> <span class='ocrx_word' id='word_1_300' title='bbox 1519 4595 1545 4659; x_wconf 84' lang='lat' dir='ltr'>ti</span> <span class='ocrx_word' id='word_1_301' title='bbox 1570 4595 1629 4661; x_wconf 75' lang='lat' dir='ltr'>his</span> 
     </span>
    </p>

    <p class='ocr_par' dir='ltr' id='par_1_13' title="bbox 357 4677 1630 4780">
     <span class='ocr_line' id='line_1_36' title="bbox 357 4677 1630 4780; baseline 0.015 -33"><span class='ocrx_word' id='word_1_302' title='bbox 357 4685 371 4719; x_wconf 81' lang='lat'>⁴</span> <span class='ocrx_word' id='word_1_303' title='bbox 395 4677 553 4766; x_wconf 72' lang='lat' dir='ltr'>Actorum]</span> <span class='ocrx_word' id='word_1_304' title='bbox 568 4687 736 4766; x_wconf 77' lang='lat' dir='ltr'>Hicdclno,</span> <span class='ocrx_word' id='word_1_305' title='bbox 751 4687 831 4750; x_wconf 84' lang='lat' dir='ltr'>haud</span> <span class='ocrx_word' id='word_1_306' title='bbox 846 4687 937 4751; x_wconf 88' lang='lat' dir='ltr'>dubie</span> <span class='ocrx_word' id='word_1_307' title='bbox 992 4688 1110 4753; x_wconf 83' lang='lat' dir='ltr'>dnobus</span> <span class='ocrx_word' id='word_1_308' title='bbox 1129 4687 1227 4771; x_wconf 83' lang='lat' dir='ltr'>locis,</span> <span class='ocrx_word' id='word_1_309' title='bbox 1244 4706 1278 4757; x_wconf 91' lang='lat' dir='ltr'>ut</span> <span class='ocrx_word' id='word_1_310' title='bbox 1300 4692 1431 4780; x_wconf 76' lang='lat' dir='ltr'>ridcuu,</span> <span class='ocrx_word' id='word_1_311' title='bbox 1453 4699 1490 4766; x_wconf 87' lang='lat' dir='ltr'>de</span> <span class='ocrx_word' id='word_1_312' title='bbox 1510 4699 1630 4766; x_wconf 76' lang='lat' dir='ltr'>eadem</span> 
     </span>
    </p>
   </div>
   <div class='ocr_carea' id='block_1_12' title="bbox 313 4787 1631 4884">
    <p class='ocr_par' dir='ltr' id='par_1_14' title="bbox 313 4787 1631 4884">
     <span class='ocr_line' id='line_1_37' title="bbox 313 4787 1631 4884; baseline 0.017 -31"><span class='ocrx_word' id='word_1_313' title='bbox 313 4787 409 4869; x_wconf 88' lang='lat' dir='ltr'>idem,</span> <span class='ocrx_word' id='word_1_314' title='bbox 446 4790 497 4876; x_wconf 90' lang='lat' dir='ltr'>qui</span> <span class='ocrx_word' id='word_1_315' title='bbox 526 4794 629 4876; x_wconf 85' lang='lat' dir='ltr'>paullo</span> <span class='ocrx_word' id='word_1_316' title='bbox 653 4814 744 4879; x_wconf 83' lang='lat' dir='ltr'>supra</span> <span class='ocrx_word' id='word_1_317' title='bbox 769 4791 935 4880; x_wconf 80' lang='lat' dir='ltr'>splendidae</span> <span class='ocrx_word' id='word_1_318' title='bbox 990 4815 1122 4884; x_wconf 82' lang='lat' dir='ltr'>persona</span> <span class='ocrx_word' id='word_1_319' title='bbox 1144 4816 1244 4863; x_wconf 81' lang='lat' dir='ltr'>sermo</span> <span class='ocrx_word' id='word_1_320' title='bbox 1261 4812 1317 4884; x_wconf 83' lang='lat' dir='ltr'>cst,</span> <span class='ocrx_word' id='word_1_321' title='bbox 1337 4801 1418 4868; x_wconf 80' lang='lat' dir='ltr'>band</span> <span class='ocrx_word' id='word_1_322' title='bbox 1431 4805 1631 4874; x_wconf 70' lang='lat' dir='ltr'>instrucre-</span> 
     </span>
    </p>
   </div>
   <div class='ocr_carea' id='block_1_13' title="bbox 0 0 1784 5462">
    <p class='ocr_par' dir='ltr' id='par_1_15' title="bbox 0 0 1784 5462">
     <span class='ocr_line' id='line_1_38' title="bbox 0 0 1784 5462; baseline 0 0"><span class='ocrx_word' id='word_1_323' title='bbox 0 0 1784 5462; x_wconf 95' lang='lat' dir='ltr'> </span> 
     </span>
    </p>
   </div>
  </div>
 </body>
</html>
