3508 5460
362 237 435 310 796
679 237 853 308 HISTOR.
879 239 986 310 DAN.
1012 239 1152 312 LIBER
1176 239 1266 312 xlv.

307 467 478 542 sponsam
499 440 682 518 adscivit¹.
733 447 867 541 Itaque,
886 446 1043 520 Heurico
1058 450 1208 522 terrestri
1232 459 1409 544 apparatu
1430 428 1624 520 exercitum
1659 473 1662 480 ·

308 575 511 656 instruente,
535 567 662 663 ipsein
681 569 832 642 classem
849 567 1015 660 collatus,
1032 595 1117 641 cum
1132 568 1233 667 apud
1258 573 1412 670 Rugiam
1429 575 1618 666 pervenis-

304 708 369 781 set,
385 688 513 761 auxilia
531 688 577 759 ab
593 692 733 783 incolis,
746 691 936 762 amicitiam
951 715 1056 764 suam
1074 691 1185 765 dubia
1201 689 1272 764 fide
1299 694 1439 778 secutis,
1457 715 1526 790 per
1542 692 1621 764 Ab·

305 811 465 888 saionem
480 809 723 885 contrahenda
737 818 885 886 curavit.
939 813 1094 906 Deinde,
1107 841 1153 887 ne
1168 816 1320 886 Heurico
1335 811 1472 888 tardius
1487 837 1621 886 occor-

304 953 398 1010 reret
428 960 586 1033 eumque
627 937 807 1034 promisso
831 935 1031 1028 fraudaret,
1053 935 1101 1008 ad
1117 942 1251 1010 Penum
1274 935 1427 1010 fluvium
1451 939 1624 1047 ocyssime

303 1061 537 1160 navigationis
552 1081 700 1131 cursum
716 1057 850 1132 direxit
911 1059 1089 1150 Absalon,
1108 1085 1319 1159 quanquam
1341 1057 1462 1134 adhuc
1480 1063 1622 1160 Rugin-

302 1209 432 1257 norum
447 1182 566 1280 pactio
593 1207 794 1278 paucorum
809 1182 978 1256 obsidum
1000 1183 1151 1280 pignore
1169 1185 1354 1272 niteretur,
1380 1209 1506 1258 eorum
1529 1210 1621 1256 con·

303 1310 444 1380 cionem
465 1305 665 1402 ingressus,
694 1321 803 1402 atque
824 1311 913 1377 inter
939 1306 1038 1403 ipsos
1068 1303 1344 1378 honoratissimo
1368 1304 1515 1378 sedendi
1539 1305 1621 1378 loco

301 1445 508 1530 susceptae,
542 1451 625 1500 cum
655 1426 839 1526 legationis
867 1427 1034 1500 mandata
1059 1427 1254 1525 proferret,
1290 1452 1445 1525 eamque
1475 1430 1622 1501 Danicae

301 1555 402 1626 vocis
415 1550 546 1650 ignaris
561 1574 627 1648 per
642 1551 869 1648 interpretem
887 1550 1091 1650 explicaret,
1108 1549 1251 1639 accidit,
1274 1567 1314 1624 ut
1329 1548 1476 1648 quidam
1493 1575 1516 1622 e
1540 1553 1623 1624 Ru·

301 1679 414 1777 gianis
430 1673 650 1765 adolescens,
671 1670 833 1746 Sclavico
848 1676 1008 1774 ingenio,
1030 1677 1122 1746 Dani
1140 1674 1257 1748 militis
1276 1699 1431 1772 equum,
1456 1702 1525 1774 pro
1548 1701 1622 1776 quo

299 1825 340 1876 se
353 1804 508 1898 pretium
524 1811 794 1870 numeraturum
813 1793 991 1895 fingebat,
1008 1797 1115 1870 veluti
1133 1800 1293 1871 incessus
1314 1797 1396 1894 ejus
1416 1799 1621 1897 experiendi
1730 1857 1731 1860 ,

300 1947 410 1998 causa
431 1917 692 2007 conscendens,
723 1917 847 2015 fugam
864 1936 1022 1992 tentaret.
1091 1918 1198 2011 Quod
1221 1945 1306 1992 cum
1328 1919 1487 1994 Absalon
1512 1919 1620 1996 adse

298 2047 478 2146 perlatum
494 2047 529 2114 in
543 2045 715 2115 concione
725 2058 952 2139 proponeret,
969 2045 1134 2118 universa
1146 2041 1274 2140 populi
1292 2041 1490 2134 multitudo,
1510 2067 1618 2144 mag-

298 2197 387 2242 num
410 2167 494 2246 fidei
511 2191 585 2238 suae
602 2168 745 2238 'crimen
780 2167 885 2238 nnius
911 2165 1065 2238 hominis
1088 2163 1237 2261 perfidia
1266 2163 1412 2237 allatum
1444 2162 1647 2264 judicans,'

231 2273 237 2286 ⁶
299 2292 450 2368 similem
477 2291 590 2362 furori
623 2291 796 2386 impetum
825 2290 987 2362 confessa
1019 2288 1187 2376 dissiluit,
1223 2303 1458 2386 autoremque
1482 2287 1618 2360 fraudis

297 2417 427 2514 raptim
445 2416 583 2508 insequi
601 2414 819 2508 properavit.
871 2415 989 2512 Igitur,
1004 2410 1193 2487 Absalonis
1213 2410 1403 2484 comitibus
1420 2408 1467 2483 ad
1483 2427 1619 2483 metum

296 2556 331 2612 et
349 2556 535 2635 stuporem
565 2559 683 2632 usque
708 2533 867 2606 subitum
893 2535 991 2634 vulgi
1018 2560 1235 2610 concursum
1251 2534 1475 2624 mirantibus
1503 2540 1619 2633 pauci,

296 2663 359 2760 qui
377 2658 640 2732 adolescentem
659 2655 824 2730 affinitate
842 2659 1043 2757 tangebant,
1068 2659 1151 2758 plus
1174 2661 1312 2757 privata
1335 2660 1481 2732 caritate
1505 2683 1614 2756 quam

295 2783 444 2884 publico
470 2781 605 2854 rubore
626 2784 790 2878 permoti,
816 2781 1001 2880 supplices
1026 2783 1216 2856 Absalonis
1240 2779 1391 2880 genibus
1407 2778 1617 2854 advolvun-

297 2926 366 2999 tur,
398 2910 482 3004 equi
505 2905 762 2978 restitutionem
786 2903 951 3003 polliciti,
992 2903 1152 2978 simodo
1181 2929 1245 3000 per
1279 2929 1363 2975 eum
1393 2901 1441 2974 ab
1474 2908 1617 3001 incepto

296 3034 419 3103 concio
436 3043 653 3110 revocetur„
688 3031 850 3120 Quorum
867 3027 1025 3100 Absalon
1044 3028 1232 3125 permixtas
1257 3025 1428 3123 precibus
1445 3025 1614 3097 lacrimas

292 3156 499 3238 miseratus,
525 3152 655 3241 missis,
682 3153 745 3247 qui
769 3150 916 3248 plebem
936 3167 1123 3248 pacarent,
1158 3146 1352 3221 tumultum
1371 3149 1614 3248 ,compescuit

293 3279 613 3350 consternationem
639 3272 784 3364 sedavit,
808 3299 980 3374 equoque
999 3277 1160 3370 protinus
1176 3269 1328 3364 reddito,
1349 3270 1493 3344 militem
1509 3297 1614 3344 suunt

291 3395 442 3470 stultitiae
468 3395 667 3485 damnavit,
694 3395 795 3493 quod
818 3423 884 3495 per
901 3397 1061 3469 inertiam
1086 3413 1122 3468 et
1152 3393 1375 3468 stoliditatem
1410 3397 1546 3494 raptori
1575 3420 1615 3468 se

291 3517 640 3595 circumveniendum
659 3516 820 3591 dedisset.
874 3519 1024 3612 Deinde,
1051 3525 1162 3617 gentis
1182 3541 1266 3616 rege
1295 3517 1495 3592 Tetisnlavo
1512 3515 1615 3590 clas·-

289 3645 337 3716 sis
356 3640 648 3741 supplementum
673 3641 853 3740 pollicito,
878 3669 1000 3742 regem
1022 3643 1193 3740 subsequi
1218 3644 1417 3715 maturavit.
1473 3645 1611 3714 Interea

288 3769 464 3840 Heurieus
486 3763 728 3838 Holsatiorum
751 3767 951 3863 principem
975 3763 1184 3862 Adolphum
1198 3789 1281 3836 curn
1308 3767 1463 3838 Heurico
1488 3767 1611 3835 Rana-

288 3890 460 3988 burgensi
476 3885 763 3988 praefectumque
779 3889 924 3960 Swerini
943 3887 1107 3987 oppid12,
1121 3885 1386 3982 Gunceliinum,
1412 3885 1516 3988 quod
1534 3913 1609 3958 nu-

336 4185 464 4246 'Plir'am
486 4186 550 4264 ejus
576 4225 601 4242 ..
621 4205 759 4269 sponsam
782 4179 922 4262 adsctbt't]
980 4199 1086 4266 peram
1117 4181 1277 4248 Gertrudis
1317 4186 1440 4249 nomine
1472 4180 1609 4270 appoliti

287 4291 406 4350 Nomen
420 4287 510 4371 hujus
527 4286 618 4366 fitiae,
655 4309 747 4372 quam
772 4289 925 4352 Heurieus
980 4309 1011 4372 p·
1036 4284 1107 4352 381.
1135 4281 1202 4369 (Υ.)

287 4389 377 4454 brevi
404 4404 476 4477 post
506 4405 608 4457 morte
636 4408 820 4478 praemetura
850 4396 923 4459 emi-

287 4499 338 4574 sit,
362 4496 532 4580 ignoratur.
575 4501 692 4564 Auctor
723 4501 793 4566 hist.
830 4501 925 4584 ttnyt-
995 4487 998 4494 ¹
1025 4502 1224 4585 ²Proestrctum
1255 4505 1379 4568 ,Severini
1412 4497 1530 4590 oppida]
1557 4495 1606 4562 At

287 4603 373 4686 ling,
396 4604 449 4686 qui
464 4601 594 4666 fortasse
610 4608 710 4670 verius
725 4627 789 4671 eam
809 4608 842 4672 in
856 4607 921 4693 ipsa
977 4607 1145 4672 Helmoldo
1169 4609 1190 4671 l.
1212 4628 1240 4671 c.
1260 4609 1313 4675 lib.
1337 4615 1363 4674 ΙΙ
1392 4631 1459 4694 cap.
1489 4609 1532 4675 tv
1552 4625 1605 4670 vo·

287 4706 414 4772 demum
442 4706 634 4794 expeditione
653 4734 671 4774 a
691 4726 780 4796 patre
802 4715 921 4777 canuto
977 4726 1064 4776 catur
1092 4714 1290 4780 Guncellinus
1314 4715 1481 4802 prefectus
1514 4725 1606 4777 tenc

284 4815 465 4902 desponsam
488 4833 552 4880 csse
575 4813 667 4896 dicit,
694 4817 821 4884 eandem
851 4839 920 4905 per·
977 4817 1204 4886 Obotritcrum.
