3538 5460
363 258 438 332 972

705 253 883 332 utsrox.
907 259 1013 334 nau.
1036 229 1175 334 tinnit
1190 261 1283 336 xvi.

311 473 453 565 tudine,
483 489 562 546 tum
585 472 689 544 etiam
711 468 760 544 ab
784 469 938 570 ingenita
949 473 1088 547 Danico
1111 472 1275 572 sangvini
1295 472 1427 548 virtute
1443 487 1637 564 uexerunt,

311 569 431 698 digni,
453 596 518 693 qui
533 595 630 668 vocis
645 617 722 668 suae
738 597 892 694 augurio
916 620 990 669 non
1009 593 1224 668 fallerentur.
1274 597 1383 696 Igitur
1397 593 1559 668 Absalon
1573 597 1636 668 in-

309 737 414 794 certae
436 719 668 824 narigationis
690 733 807 808 metu,
841 716 944 816 quod
965 716 1096 791 sreturn
1115 716 1238 791 dubtae
1255 715 1505 816 profunditatis
1530 734 1637 810 esset,

308 840 506 916 diluculum
524 838 768 939 praestolatus,
793 867 878 914 cum
894 839 979 914 inde
995 838 1178 915 soluturus
1195 858 1307 930 esset,
1330 839 1554 940 aliquamdiu
1568 867 1634 914 re-

281 980 427 1062 tentus
449 979 520 1055 est,
557 970 674 1037 arenis
701 961 860 1036 anchora
885 961 988 1036 aluus
1012 962 1193 1037 insidente.
1250 966 1332 1058 Quo
1356 967 1491 1055 evenit,
1523 979 1563 1038 ut
1582 963 1635 1038 ab

307 1087 504 1176 universis,
527 1084 704 1158 infinitum
722 1083 945 1184 procedendi
965 1083 1132 1158 ardorem
1150 1083 1377 1184 gerentibus,
1402 1087 1634 1186 relinquere·
1754 1091 1755 1138 ³

306 1224 383 1282 tur,
428 1206 498 1280 Sed
521 1233 640 1306 neque
661 1232 701 1282 se
716 1207 766 1280 ab
790 1212 945 1282 exercitu
969 1206 1127 1305 praecedi
1144 1208 1313 1286 indecens
1335 1209 1580 1303 existimabat,
1611 1235 1634 1282 a
1754 1179 1755 1230 ἒ

307 1358 384 1432 quo
393 1330 477 1431 plus
492 1329 685 1404 hortationi
699 1353 774 1404 suae
785 1355 895 1427 quam
906 1336 1117 1404 cunctationi
1128 1332 1302 1406 tributum
1314 1330 1490 1406 cernebat.
1513 1335 1633 1426 Quem
1754 1411 1755 1416 ἵ

306 1456 433 1528 merito
449 1452 506 1525 bis
523 1452 739 1553 gratulatum
763 1451 987 1546 crediderim,
1013 1456 1077 1552 qui
1090 1456 1197 1553 justae
1214 1455 1397 1531 celeritatis
1418 1461 1625 1555 compotes¹
1754 1457 1755 1526 ὲ

303 1603 416 1677 quam
434 1574 597 1651 violentae
612 1599 724 1648 morae
742 1593 928 1652 consortes
943 1578 1091 1650 existere
1111 1576 1324 1654 maluerunt.
1374 1584 1492 1672 Quam
1509 1579 1630 1653 tardi-

303 1704 380 1777 tatis
392 1703 567 1800 jacturam
586 1696 843 1796 impedimento
865 1697 1004 1772 solutus
1030 1713 1131 1772 tanta·
1153 1705 1291 1802 remigii
1315 1701 1503 1776 velocitate
1530 1728 1628 1802 pen-
1650 1793 1655 1800 ἱ

169 1897 171 1902 ,
302 1829 410 1912 sarit,
435 1822 710 1919 utpeneprima
727 1822 867 1919 navigia
891 1827 1140 1919 occupaverit,
1166 1823 1393 1923 dispendium
1418 1850 1504 1900 casu
1519 1827 1628 1940 iuve-
1754 1833 1755 1924 J

301 1963 399 2022 ctum
416 1941 608 2044 praeliandi
621 1942 790 2040 cupidine
810 1940 1035 2016 redimendo.
1089 1949 1192 2022 Hunc
1208 1947 1367 2046 publicae
1391 1949 1625 2022 festinationis

302 2093 515 2170 procursum
531 2067 641 2140 missa
659 2091 680 2138 a
697 2069 869 2163 Rugianis
893 2066 976 2138 ratis
995 2070 1150 2166 excepit,
1175 2094 1258 2168 quae
1280 2070 1464 2169 aliquanto
1488 2073 1621 2146 remis-

301 2194 395 2266 siore
417 2194 644 2292 navigatione
660 2172 833 2264 utendum
851 2187 1015 2283 doceret,
1041 2191 1165 2290 quod,
1191 2192 1403 2294 Rogiszlavo
1418 2185 1542 2268 adbuc
1561 2195 1623 2266 in-

299 2313 417 2390 sulam
433 2315 580 2388 Cottam
603 2317 779 2405 tenente²,
805 2315 960 2387 incertus
983 2313 1187 2413 irruptionis
1204 2313 1310 2399 locus¹
1328 2316 1500 2390 existeret.
1552 2315 1624 2389 Sed

299 2456 336 2514 et
352 2439 548 2511 larimnrus
571 2461 753 2511 secessum
776 2433 934 2510 bostium
952 2433 1148 2510 domestico
1172 2437 1282 2511 milite
1303 2441 1506 2514 succinctus
1525 2463 1620 2537 ope-

297 2561 479 2636 richetae·
517 2560 637 2660 igitur,
664 2577 800 2634 cessata
814 2540 968 2659 impetus
985 2583 1081 2652 cura,
1107 2559 1155 2632 ad
1170 2560 1478 2634 littusDreccense
1492 2560 1621 2638 diver-

297 2686 416 2758 titur³.
475 2680 552 2755 lllic
575 2683 738 2774 affertur,
770 2682 890 2757 hostes
918 2682 1065 2756 domum
1093 2685 1242 2781 petisse,
1282 2686 1411 2758 nuntiis
1435 2682 1621 2757 incidentis

296 2807 392 2883 sorte
407 2804 552 2878 nebulae
570 2830 690 2879 errore
710 2803 878 2904 deceptis.
916 2806 1049 2880 lidem⁴
1070 2810 1211 2897 nostris,
1234 2823 1382 2904 portum
1398 2802 1613 2881 Dareinum⁶

343 2987 615 3078 *companatico
627 2986 924 3074 vccabulnmSteph.
989 2992 1153 3077 Bagisiero
1175 2991 1301 3055 ulterius
1318 2989 1441 3053 obviam
1461 2989 1507 3054 ire
1525 2990 1620 3054 bbu-

295 3098 360 3163 sine
381 3119 467 3162 causa
488 3097 601 3158 omisit.
989 3099 1054 3162 loni
1083 3119 1144 3160 non
1174 3099 1206 3160 io
1235 3097 1336 3161 animo
1367 3095 1459 3159 luisse
1489 3097 1620 3175 videtur,

218 3247 224 3259 „
342 3209 355 3244 ²
384 3205 505 3266 Cottam
531 3199 655 3280 tenente]
685 3203 730 3264 lta
758 3202 865 3287 Stepb.
890 3203 924 3264 ln
989 3204 1207 3289 quoniamnoo
1223 3217 1311 3266 antes
1326 3201 1524 3267 boclecerat.
1546 3205 1618 3294 Qun

295 3307 342 3374 ed.
364 3331 411 3394 pr.
432 3325 582 3371 tenentem.
986 3310 1114 3374 tendens
1123 3307 1430 3395 Absalcnallugianc
1445 3309 1555 3372 nuntio
1566 3328 1620 3372 ex·

340 3419 353 3454 ³
383 3414 435 3476 Ad
456 3416 541 3476 littus
562 3419 723 3478 Dreecense
748 3409 919 3493 divertitur]
987 3416 1118 3499 cipitur,
1152 3429 1183 3480 et
1214 3435 1294 3478 nune
1321 3412 1455 3480 ''cessets
1484 3415 1619 3500 impetus

293 3524 341 3586 Ex
361 3519 542 3586 occidentali
551 3521 660 3605 Rugiae
682 3521 785 3584 littore
805 3519 921 3603 promi·

292 3641 346 3694 net
373 3627 547 3713 peninsula,
583 3647 653 3710 quae
680 3625 778 3688 vicum
803 3637 919 3709 portat,

291 3741 408 3821 Drr'gge
423 3747 573 3798 vocatum.
615 3732 715 3815 Hujus
735 3732 830 3816 igitur
843 3754 920 3818 peo-

290 3843 397 3906 insnlae
440 3863 493 3904 ora
536 3838 656 3904 ridetur
690 3859 753 3902 esse
790 3840 918 3904 Saxonis

290 3951 375 4012 lt'ttus
391 3951 559 4010 Dreccense.
607 3947 651 4008 lte
671 3945 832 4024 Submius,
854 3945 874 4007 l.
893 3965 919 4008 e.
943 4020 948 4024 1

290 4056 378 4132 vttt,
398 4049 458 4132 55,
488 4063 520 4114 et
542 4055 689 4116 Petersen
713 4051 732 4112 l.
756 4070 783 4114 c.
805 4072 837 4134 p.
854 4047 918 4112 219

288 4170 437 4234 statuunt,
458 4170 489 4221 et
508 4177 620 4220 nornen
640 4169 724 4220 certe
745 4157 824 4220 banc
845 4175 919 4220 con·

288 4263 437 4348 jecturern
459 4286 550 4350 quain
572 4265 698 4327 maxime
715 4261 920 4327 commentae.

287 4367 435 4433 Attamen
456 4369 679 4436 observandum
701 4383 764 4449 est,
791 4371 918 4434 classem

286 4474 445 4554 Denicarn,
454 4478 550 4542 insule
560 4477 689 4561 Hytbitn
704 4477 822 4556 relicte,
833 4478 932 4552 Stre-¹

286 4581 349 4644 lam
373 4597 473 4645 tersus
495 4585 675 4666 tetendisse,
704 4587 775 4672 quia
804 4581 917 4668 praedi-

986 3541 1058 3586 curc
1076 3523 1108 3585 in
1128 3523 1213 3586 littus
1231 3527 1403 3586 Dreccense
1422 3519 1618 3594 divertitur?

985 3630 1033 3691 Ex
1053 3628 1110 3692 bec
1131 3631 1321 3713 expositione
1341 3630 1402 3714 jam
1424 3629 1511 3716 aequi
1534 3629 1620 3694 rida-

986 3746 1048 3814 tur,
1068 3735 1154 3798 littus
1170 3739 1342 3798 Dreccense
1361 3737 1446 3820 juxta
1465 3737 1547 3802 vient
1570 3739 1621 3800 in·-

984 3853 1034 3905 ter
1055 3829 1183 3923 Hrtbim
1201 3856 1232 3904 et
1247 3843 1377 3906 Strelam
1397 3843 1509 3908 insulas
1525 3845 1621 3908 eitum

986 3965 1059 4010 esse.
1110 3946 1270 4011 Aderam
1295 3967 1368 4011 vero
1396 3949 1479 4014 illins
1507 3952 1619 4038 penin-

983 4052 1059 4116 sulae
1076 4053 1202 4138 Drigge,
1224 4055 1481 4142 praeternavigat
1495 4057 1620 4126 denen

985 4158 1082 4220 insula
1103 4161 1213 4237 Strela,
1235 4161 1422 4244 pervenitur.
1465 4165 1529 4228 Sed
1548 4163 1618 4228 tec

985 4263 1136 4328 dubitatio
1151 4263 1281 4330 sortasse
1300 4268 1469 4332 narrationi
1476 4268 1617 4346 wenis,

985 4369 1022 4434 de
1043 4371 1102 4435 loci
1121 4372 1183 4438 situ
1204 4375 1302 4438 minna
1324 4373 1402 4439 bane
1420 4373 1538 4455 edocti,
1558 4370 1618 4440 te·

984 4476 1084 4542 betur.

1028 4589 1042 4624 ⁴
1056 4583 1162 4664 Iidem]
1177 4586 1221 4647 lta
1235 4583 1345 4670 steph.
1359 4588 1392 4647 ln
1404 4581 1453 4648 etl.
1465 4585 1620 4668 paldm-

286 4700 372 4760 otum
390 4699 473 4768 erat,
493 4691 692 4777 Bagislavum
711 4693 765 4756 ''ex
786 4690 916 4758 adverso
1028 4698 1040 4740 i
1069 4698 1194 4762 Portum
1217 4690 1395 4774 Dareium]
1419 4695 1513 4755 Hunc
1539 4711 1622 4778 por-

284 4795 376 4881 bnjus
402 4793 511 4862 insulae
537 4799 643 4885 copias
675 4799 913 4884 expositarum.”
981 4813 1046 4868 tun
1064 4799 1223 4881 Submius,
1251 4801 1270 4863 l.
1288 4819 1315 4864 c.
1340 4802 1412 4880 Vll,
1431 4795 1474 4862 55
1493 4819 1557 4887 etp,
1576 4809 1617 4866 st
