3538 5460
670 311 878 386 CANUTUS
896 311 953 386 Vl.
1350 311 1423 386 stt

148 491 355 623 speciosum
387 518 565 598 ducendo.
623 523 807 620 igiturex
841 521 1117 618 quingentarum
1148 523 1295 598 narium
1321 549 1476 600 numero

149 651 311 745 quinque
327 671 371 720 ac
390 647 529 746 triginta
546 641 721 742 delapsis,
750 640 875 716 decem
895 659 929 716 et
952 659 1032 718 coto
1049 641 1242 717 confractis
1249 696 1261 735 ,
1286 661 1422 720 coeteroe
1437 649 1475 722 in

147 771 336 842 Danorum
353 785 561 868 potestatem
580 765 826 863 ditionemque
841 791 989 840 cessere.
1041 764 1105 839 llla
1122 768 1231 866 igitur
1250 767 1364 860 dies²,
1389 795 1475 868 quae

147 891 340 966 Absatonts
376 890 535 964 claritate
568 889 791 964 obcaecatam
815 886 971 964 bostium
1000 889 1236 964 classem'nnt
1264 891 1388 990 lugam
1413 909 1475 968 aut

55 1075 61 1086 .
149 1017 294 1088 exitium
319 1020 392 1113 pnti
419 1017 556 1114 codgit,
576 1029 636 1102 ,tot
658 1037 815 1105 errores,
840 1029 893 1086 tot
919 1014 1095 1086 maritima
1121 1012 1323 1088 discrimina
1350 1013 1474 1108 finivit,

149 1134 367 1211 Sinlaudicos
382 1151 507 1235 portus
522 1159 565 1208 nc
575 1136 747 1210 Balticuut
763 1135 917 1209 iretum²
927 1135 1100 1234 pestilero
1115 1141 1311 1234 piratarum
1326 1141 1480 1232 incursu¹
1560 1227 1564 1236 ,

146 1260 362 1354 vacuefecit,
387 1259 566 1334 efferatam
592 1251 836 1333 barbarorum
854 1261 1023 1331 saevitiam
1041 1261 1117 1357 jugi
1135 1261 1326 1356 patientem
1342 1259 1474 1334 reddi-

147 1385 212 1478 dit,
231 1388 458 1486 patriamque
475 1398 633 1456 nostram
654 1387 716 1454 virt
729 1379 890 1454 libertate
904 1405 970 1456 sua
987 1386 1179 1478 potientem
1196 1381 1473 1460 Solavioe'domi·

147 1535 232 1583 nam
257 1508 377 1582 effecit
429 1507 562 1580 Efficax
584 1521 620 1578 et
640 1505 846 1578 inusitatum
876 1527 990 1604 genus
1010 1497 1193 1596 >victorioe,
1226 1513 1302 1604 q'uo
1326 1515 1472 1584 cunctas

146 1631 305 1708 hostium
323 1634 416 1706 vires
442 1629 603 1704 funditus
619 1629 729 1701 everti
747 1629 902 1728 contigit
952 1627 1092 1700 Eadem
1117 1643 1153 1700 ut
1169 1626 1317 1702 Sclavici
1336 1632 1472 1707 cruoris

146 1755 257 1856 plena
275 1756 393 1847 extitit,
409 1755 460 1842 ¹ita
475 1751 615 1825 nullum
631 1753 756 1824 Danici
776 1750 998 1849 impendium
1017 1748 1155 1822 habuit.
1191 1754 1356 1844 Quattuor
1370 1753 1472 1828 dun·-

146 1895 242 1952 taxat
264 1859 498 1976 ex'liugianis
521 1879 701 1948 sociorum
725 1899 770 1946 au
793 1873 950 1948 hostium
975 1871 1053 1946 telis
1077 1875 1265 1971 perierint,
1295 1879 1471 1948 incertum

145 2018 210 2078 est.
250 2002 319 2074 Die
337 2015 482 2099 postero
500 1996 626 2070 decem
642 2011 676 2068 et
690 2013 771 2071 octo
786 1987 1028 2070 Scuuiensium
1046 1998 1185 2094 navigia
1203 1998 1471 2096 superveniunt,

144 2149 239 2224 quos
259 2122 431 2216 Absalon,
454 2147 527 2193 non
548 2145 660 2192 morae
677 2145 814 2210 eorum,
830 2117 894 2192 sed
913 2117 1104 2193 voluntatis
1121 2122 1349 2193 aestimatione
1366 2118 1470 2211 sacta,

142 2245 307 2346 praedam
338 2269 421 2318 cum
450 2243 646 2317 victoribus
676 2241 942 2316 communicare
968 2243 1148 2340 praecepit.
1212 2240 1308 2334 Quid
1338 2240 1470 2317 deinde

143 2369 280 2444 Sclavis
305 2366 445 2442 consilii
469 2365 577 2458 foret,
609 2389 786 2464 cognosse
813 2369 984 2462 cupiens,
1018 2362 1190 2436 callidum
1214 2361 1468 2462 speculationis

141 2517 258 2594 genus
274 2489 472 2590 amplexus,
497 2486 761 2588 Bogiszlnvum,
778 2485 848 2563 sub
866 2485 1091 2560 simulatione
1106 2485 1271 2585 benignae
1290 2501 1324 2559 et
1337 2488 1467 2562 veteris

141 2618 317 2704 amicitiae‚
342 2609 504 2711 perfidiae
521 2636 588 2709 per
603 2609 741 2708 legatos
758 2607 985 2712 arguendum
1001 2627 1113 2702 curat,
1134 2611 1352 2710 nimiamque
1371 2615 1467 2710 regis

141 2739 314 2814 offensam
342 2733 477 2809 obnixo
503 2733 713 2834 placationis
736 2732 857 2808 studio
878 2739 1051 2833 praecurri
1076 2733 1245 2832 postulat.
1303 2731 1361 2805 ud
1386 2731 1470 2805 haec

140 2857 374 2959 Bugiszlavus
390 2872 522 2930 tantam
538 2871 689 2954 receptae
706 2855 820 2931 cladis
838 2856 1153 2933 dissimulationem
1167 2881 1274 2955 agere
1289 2856 1467 2949 sustinuit,

71 3021 76 3032 r
140 3001 191 3076 ut,
205 2980 350 3058 laudata
366 2981 549 3054 monitoris
564 2977 823 3078 benevolentia,
839 2980 1019 3054 iacturum
1036 3003 1085 3071 se,
1110 2978 1209 3079 quud
1227 2979 1276 3052 ab
1289 2981 1468 3078 ipsosua·

140 3107 316 3195 debatur,
341 3104 573 3204 promitteret.
624 3105 779 3176 Tantum
806 3119 925 3176 autem
945 3105 1080 3176 timoris
1102 3101 1314 3176 sclavorum
1331 3100 1468 3202 tulgus

141 3227 194 3303 ob
209 3229 391 3328 pristinam
408 3225 531 3324 sugam
550 3224 675 3297 animis
690 3225 830 3298 insitum
849 3223 1019 3316 habebat,
1045 3239 1084 3299 ut
1101 3227 1365 3314 etiamuovam,
1388 3227 1467 3300 visa

140 3367 232 3442 rate,
251 3331 335 3450 quae
351 3348 487 3448 legatos
504 3345 672 3437 vehebat,
696 3345 806 3421 edere
821 3374 898 3423 non
912 3347 1150 3422 erubesceret.
1201 3351 1287 3422 Post
1300 3345 1380 3422 haec
1390 3349 1468 3427 Ab·

141 3471 256 3566 salon,
269 3497 388 3546 rerum
404 3495 426 3542 a
441 3485 675 3568 augustarum
691 3469 825 3544 lamam
841 3471 966 3545 illustri
984 3476 1110 3545 nuntio
1126 3473 1298 3569 proecurri
1318 3479 1464 3572 magni-

139 3595 253 3670 ficum
273 3611 394 3686 ratus,
419 3591 649 3688 Tacbonem,
679 3592 776 3666 claro
790 3593 922 3665 Fioniae
943 3591 1026 3666 locu
1044 3610 1185 3686 natum,
1211 3621 1293 3670 cum
1311 3597 1465 3672 tentorio

139 3717 360 3818 Bogiszlavi‚
386 3712 488 3815 qnod
504 3719 535 3787 ei
553 3715 727 3812 portionis
748 3719 1083 3805 contremuerat,
1110 3719 1236 3790 remitti
1252 3732 1373 3808 curat,
1398 3741 1464 3790 nec

137 3839 259 3916 solum
275 3841 460 3915 victoriam
482 3863 586 3913 suam
609 3839 683 3938 regi
706 3835 966 3930 indicaturum,
990 3837 1053 3912 sed
1073 3843 1181 3912 etiam
1195 3837 1305 3914 fidem
1321 3843 1464 3914 assertis

138 3961 348 4038 celebrioris
368 3959 502 4061 praedae
520 3963 714 4060 gestamine
730 3961 918 4036 facturum.
970 3964 1038 4036 Per
1054 3958 1209 4036 eundem
1225 3985 1387 4062 quoque,
1415 3986 1463 4038 ne

139 4083 310 4161 Sclavicae
332 4085 425 4158 vires
443 4084 549 4158 novis
566 4086 678 4184 copiis
694 4091 967 4174 instruerentur,
1000 4090 1124 4160 messis
1144 4101 1287 4184 tempus
1304 4083 1461 4184 expedi·

138 4213 236 4284 tione
260 4203 556 4307 praecurrendum
576 4205 751 4282 hortatur.
816 4212 932 4301 Quem
959 4212 1137 4298 Canutus,
1168 4209 1256 4282 tutis
1272 4209 1462 4310 Vibergiou

189 4540 197 4573 ¹
224 4539 284 4600 liin
311 4540 406 4620 igitm
426 4527 501 4614 ἀίω]
528 4529 666 4598 Secunda
693 4527 765 4597 festi
831 4534 984 4621 proelium
1002 4535 1108 4599 natale
1130 4533 1211 4599 circa
1232 4548 1352 4622 tempus
1368 4537 1460 4623 lmjus

137 4642 378 4728 pentecostem,
416 4643 437 4704 i.
464 4661 490 4704 a.
516 4663 543 4704 a.
566 4637 594 4702 d
620 4638 675 4701 xtt
700 4637 765 4702 tttt.
832 4639 904 4705 sesti
923 4641 1116 4705 commissum
1135 4639 1218 4705 dicit.

134 4749 252 4816 Juuias.
293 4747 682 4830 ittmauct.bist.1inytl.
705 4745 767 4810 boc
878 4751 1059 4812 ²Balticum
1072 4745 1203 4834 fratum]
1225 4751 1247 4814 l.
1264 4767 1291 4816 a.
1305 4748 1459 4814 Baltitum

832 4872 924 4918 mare.
