3508 5460
590 305 919 382 WALDEMARUS
936 309 960 378 l.
1067 338 1071 356 ·
1310 310 1386 385 833

127 504 319 596 Absalonc,
343 509 491 605 accepit,
515 505 679 607 ejusdem
696 509 828 584 monitu
845 508 973 584 urbem
991 535 1124 586 corona
1147 518 1239 612 cingi
1258 519 1439 614 proeccpit,

129 655 169 702 ac
185 633 361 728 protinus,
385 627 473 702 sella
494 647 592 704 extra
615 645 732 704 castra
754 631 886 729 posita,
911 657 1044 732 pugna
1066 649 1244 734 spectator
1266 635 1440 712 consedit.

127 757 230 826 'func
244 749 390 850 quidam
405 752 551 824 Danicae
566 750 695 826 militiae
712 751 925 828 fortissimus
940 753 1155 848 adolescens,
1181 756 1269 832 dum
1282 757 1328 832 ad
1343 785 1439 859 pro-

128 873 333 976 pugnacula
356 890 436 947 ante
457 875 546 950 alios
564 877 689 948 eximia
711 873 942 973 capessendae
964 875 1081 954 laudis
1096 879 1261 953 aviditate
1285 881 1440 954 evadere

128 1005 308 1087 niteretur,
333 994 549 1096 letalemque
565 998 673 1070 ictum
694 1021 846 1094 corpore
871 1001 1077 1096 excepisset,
1103 1006 1150 1074 ita
1170 999 1383 1076 collabendo
1400 1029 1439 1078 se
1496 1051 1499 1060 ι

128 1122 247 1218 gessit,
273 1137 397 1194 utnon
415 1119 488 1196 lato
504 1142 702 1218 oppressus
717 1145 831 1210 ruere,
856 1117 920 1194 sed
937 1118 983 1190 de
997 1119 1169 1196 industria
1186 1123 1315 1198 saltum
1331 1125 1439 1199 edere

128 1241 319 1318 videretur.
368 1247 447 1336 Qua
470 1247 618 1332 virtute,
643 1241 829 1340 pulchrius
851 1241 1070 1318 dimicaverit
1090 1269 1134 1317 an
1157 1247 1342 1339 occiderit,
1376 1255 1438 1320 in-

127 1387 264 1444 certum
279 1365 431 1466 reliquit.
483 1366 669 1442 Pomcrani
695 1391 845 1464 quoque
868 1365 939 1440 sub
964 1369 1148 1440 Cazimaro
1169 1384 1202 1440 et
1226 1371 1438 1470 Bugiszlaro

127 1489 320 1580 ducibus¹‚
353 1505 533 1588 spectante
562 1512 647 1588 rege
686 1478 854 1562 dimicare
878 1491 1062 1588 egregium
1087 1494 1170 1581 rati,
1203 1492 1439 1566 audacissima

129 1613 229 1688 urbis
250 1613 517 1713 oppugnatione
540 1609 716 1710 singulare
738 1612 872 1686 virtutis
891 1615 1068 1712 specimen
1085 1613 1279 1690 ediderunt.
1331 1619 1438 1708 Quo-

128 1761 210 1810 rum
226 1735 401 1812 excellens
414 1759 526 1832 opera
539 1749 638 1832 grata
652 1732 878 1808 admiratione
893 1737 987 1836 regis
1001 1736 1126 1810 oculos
1141 1737 1335 1836 permulsit.
1384 1743 1439 1814 Ex

130 1857 321 1959 oppidanis
343 1857 567 1956 complures,
595 1858 740 1952 ancipiti
762 1857 923 1955 periculo
948 1861 1198 1949 circumventi,
1223 1865 1351 1960 partim
1376 1869 1439 1936 in-

130 1979 270 2074 cendio,
295 1983 423 2080 partim
441 1979 624 2054 bostilium
641 1977 791 2051 telorum
806 1980 966 2079 impulsu
982 1986 1149 2080 prostrati
1167 1984 1351 2076 cadebant,
1376 1991 1438 2058 in-

130 2117 341 2201 certumque
356 2119 449 2197 erat,
462 2102 546 2202 plus
561 2105 679 2202 ignem
706 2127 752 2174 an
766 2100 904 2176 hostem
923 2109 1027 2178 metui
1047 2121 1232 2202 oporteret.
1283 2107 1439 2200 Quidam

130 2250 228 2317 vero,
253 2223 366 2301 salute
383 2229 591 2325 postposita,
616 2225 708 2300 adeo
731 2226 945 2300 obstinatam
969 2251 1011 2300 ac
1032 2245 1317 2325 perseverantem
1339 2231 1439 2308 urbis

129 2345 373 2422 delensionem
396 2367 562 2450 egerunt,
584 2355 624 2425 ui
646 2347 751 2424 simul
774 2347 958 2449 deflagrati
978 2351 1115 2450 aggeris
1136 2349 1273 2424 excidio
1300 2353 1414 2427 obrue

129 2488 264 2562 rentur,
289 2497 401 2572 seque
422 2497 537 2571 super
551 2475 726 2546 moenium
744 2497 1043 2571 suorumrogum
1059 2474 1242 2569 projectos
1265 2497 1438 2548 coturnu-

129 2593 237 2670 nibus
249 2593 402 2672 flammis
417 2595 632 2670 cremandos
646 2591 858 2693 praeberent.
908 2597 1020 2668 Tanta
1037 2593 1215 2692 siquidem
1229 2602 1331 2692 patrii
1350 2623 1440 2671 mu-

130 2719 275 2792 nimenti
290 2723 432 2792 caritate
443 2715 666 2807 tenebantur,
692 2734 730 2792 ut
749 2720 830 2817 ejus
847 2718 1028 2792 ruinarum
1047 2719 1133 2792 socii
1160 2741 1269 2816 quam
1302 2743 1439 2817 super·-

128 2844 226 2918 st'aes
249 2849 395 2940 mistero
418 2855 670 2942 praeoptarent.
728 2843 781 2914 lta
802 2838 996 2939 desperatis
1020 2838 1285 2939 oppidanorum
1318 2841 1439 2932 rebus,

129 2963 342 3064 excidioque
365 2979 400 3038 et
424 2965 530 3038 morti
553 2961 893 3060 propinquantibus,
927 2963 1095 3061 quidam,
1119 2963 1439 3062 epropugaaculis

128 3085 266 3160 excelsa
292 3109 381 3161 voce
403 3085 595 3177 clamitans,
627 3083 817 3159 Absalonis
839 3085 1037 3184 alloquium
1054 3085 1270 3185 postulabat.
1322 3090 1438 3179 Quem

129 3209 292 3284 Absalon
303 3214 339 3281 in
350 3206 675 3306 tranquillissimam
683 3208 783 3283 urbis
798 3224 946 3307 partem,
963 3233 1046 3308 quae
1062 3209 1194 3283 scilicet
1209 3237 1231 3284 a
1244 3209 1439 3309 caedeplu-

130 3336 261 3406 nimum
284 3335 508 3431 strepituque
530 3329 695 3420 distaret,
719 3328 884 3404 secedere
906 3333 1064 3430 jussum,
1093 3331 1267 3431 quidnam
1288 3333 1440 3424 afferret,

125 3459 332 3554 interrogat.
382 3452 457 3544 lile,
474 3453 572 3528 vocis
586 3451 751 3526 affectum
767 3478 875 3526 manu
891 3477 932 3526 ac
946 3453 1106 3553 gestibus
1120 3473 1339 3553 prosecutus,
1353 3453 1439 3528 bel-

127 3579 199 3652 lica
213 3593 419 3652 nostrorum
435 3600 545 3674 opera
561 3573 710 3647 relaxari
727 3575 908 3673 poscebat,
934 3575 1057 3671 quoad
1073 3577 1263 3676 oppidanis
1280 3576 1439 3650 deditio-

127 3725 213 3773 nem
228 3701 386 3797 arripere
398 3698 511 3772 liceat.
560 3701 673 3798 Negat
689 3695 859 3786 Absalon,
883 3694 994 3768 ullam
1012 3705 1289 3798 oppugnationis
1305 3704 1437 3773 remis-

125 3824 268 3898 sionem
284 3822 375 3916 lore,
398 3826 434 3895 ni
457 3839 492 3896 et
509 3825 575 3922 ipsi
590 3827 722 3922 pariter
737 3845 757 3894 a
781 3817 1010 3920 prohibendo
1028 3819 1191 3893 incendio
1208 3847 1356 3920 operam
1372 3821 1453 3892 re··'

175 4133 367 4195 ¹Ponrerartr'·
381 4133 435 4194 sub
458 4132 612 4194 Caerincro
636 4147 666 4194 et
695 4135 756 4194 llu-
813 4129 948 4196 ilenrico
970 4129 1047 4194 duce
1068 4129 1211 4195 hortante
1242 4141 1274 4191 et
1303 4125 1439 4210 jubente,

121 4239 263 4323 giselario
279 4233 411 4316 ducr'bas]
429 4237 490 4298 Hic
513 4237 645 4321 primunt
662 4236 757 4321 proli·
811 4237 1135 4305 Waldemaroauxilio
1151 4235 1335 4301 fuissedioit.
1356 4233 1439 4298 'Ade-
1566 4249 1571 4258 '

123 4355 214 4406 tetur
226 4345 315 4420 Saxo,
336 4341 427 4406 duces
440 4345 681 4405 Pomeranornm
695 4345 757 4405 Da·
813 4357 862 4407 rat
884 4346 985 4422 etiam,
1005 4363 1042 4406 eo
1064 4357 1151 4422 teste,
1172 4347 1292 4421 Berno,
1322 4341 1438 4426 episco-

120 4451 178 4512 nis
200 4447 313 4512 auxilio
332 4447 433 4514 fraisse.
483 4451 548 4512 Nec
569 4459 684 4532 preter
705 4465 757 4510 eos
814 4473 871 4536 pus
902 4450 1191 4535 Megalopolitanus,
1224 4449 1370 4514 Absaloni
1407 4452 1439 4510 in

120 4553 208 4618 alios
222 4553 313 4639 bajas
324 4554 524 4640 expeditionis
539 4553 638 4617 socios
651 4565 758 4639 postea
815 4557 964 4640 religione
985 4555 1148 4620 christiana
1175 4552 1356 4639 divulganda
1387 4553 1438 4616 ad·

48 4700 51 4710 2
120 4675 361 4726 commemorat.
416 4659 597 4725 Helmoldus
623 4680 697 4726 vero
720 4659 756 4741 (l.
814 4661 907 4748 jutbr.
964 4665 1082 4728 Auctor
1100 4663 1180 4726 nist.
1199 4661 1301 4745 linqtl.
1323 4660 1438 4722 nnllam

118 4791 153 4831 c.
176 4769 214 4846 tt,
229 4765 284 4854 ll)
303 4767 556 4833 duobasdocibus
573 4767 756 4832 Pribislaum
813 4771 937 4834 omnino
954 4768 1062 4832 borum
1081 4769 1232 4834 sociorum
1253 4767 1439 4832 mentionem

116 4874 227 4956 addit,
246 4875 417 4962 principem
434 4871 656 4954 Obotritorum',
671 4893 758 4960 quos,
816 4875 899 4941 facit.
