3536 5462
617 307 992 390 waLDEMAaUsr.
1332 317 1408 398 863

144 541 213 615 tus,
236 545 383 599 musam
405 520 486 620 ojus
511 524 644 622 exponi
658 525 841 623 pracepit.
891 524 996 598 Tunc
1017 519 1186 622 quidun,
1216 522 1460 608 haesitantibus

144 645 290 738 octab,
313 667 448 746 pueros
461 645 496 718 ei
508 646 547 718 in
563 645 753 721 consilium
769 642 997 720 adhibendos
1013 641 1167 738 dicebat,
1182 671 1340 745 quorum
1356 677 1460 752 prar-

143 770 251 869 cipue
267 769 432 844 monitus
442 773 568 846 sectari
585 765 707 864 soleat,
724 784 773 862 nt,
793 791 887 868 quos
904 765 1018 842 duces
1033 764 1203 868 elegerat,
1226 770 1461 852 etiamsedu-

143 913 204 966 ces
217 889 361 968 habeat.
413 894 494 988 Qua
517 905 607 968 voce
623 889 878 968 waldemarus
891 883 1082 966 Absaloni's
1098 889 1168 964 sibi
1186 889 1461 976 familiaritatem

142 1015 355 1115 exprobrari
379 1037 615 1116 cognoscens,
640 1037 714 1087 non
727 1016 837 1090 moris
858 1040 948 1106 esse,
972 1014 1098 1114 inquit,
1123 1012 1237 1090 forres
1250 1017 1346 1092 viros
1359 1022 1460 1096 invi·-

142 1158 223 1212 eem
246 1131 286 1214 se
302 1137 524 1213 muliebriter
545 1133 834 1236 reprehendere;
858 1142 948 1238 quin
970 1141 1101 1238 potius,
1126 1136 1193 1211 ubi
1210 1139 1369 1238 publicae
1387 1167 1460 1220 ne-

142 1261 293 1334 cessitati
310 1260 518 1353 consulitur,
542 1263 702 1360 privatas
719 1259 797 1335 lites
812 1258 994 1334 facessere
1017 1277 1196 1360 oportere.
1245 1263 1318 1339 Sed
1338 1291 1461 1367 neque

142 1382 338 1478 homiuem,
363 1390 426 1486 qui
451 1383 501 1457 ab
524 1387 611 1483 ipsis
636 1379 1103 1481 impurissimorum
1129 1381 1313 1460 consultus
1339 1385 1459 1484 fauit,

141 1511 613 1608 responsionisignorantia
636 1504 816 1580 silentium
830 1521 1003 1578 auarum.
1056 1505 1276 1605 latuensque
1295 1507 1458 1586 Absalo-

141 1651 239 1720 uem,
253 1627 343 1730 quid
360 1627 522 1722 suadeat,
536 1641 650 1728 rogat
686 1627 750 1702 Ille
765 1627 952 1703 consilium
965 1628 1003 1700 in
1019 1624 1196 1725 expeditio
1207 1651 1296 1722 esse,
1312 1655 1395 1708 curu
1414 1659 1459 1710 eo

140 1757 217 1852 regi
235 1749 376 1826 libitum
396 1751 491 1828 foret
516 1757 579 1844 uti,
603 1757 829 1850 pronunciat.
882 1753 973 1844 Quae
998 1731 1094 1822 eninr
1109 1746 1187 1822 aliis
1203 1751 1459 1853 impedimenta

141 1889 253 1972 atque
278 1873 468 1950 obstacula
494 1873 693 1967 videantur,
718 1872 885 1975 dispulsa
910 1871 1034 1949 facilia·
1050 1872 1141 1966 iore,
1165 1897 1293 1974 neque
1304 1893 1366 1953 aut
1382 1903 1457 1956 ua·-

141 1999 242 2070 rium
259 1997 446 2098 objectum
471 2014 537 2072 aut
555 1999 718 2099 equitum
741 2002 927 2072 incursum
942 1996 1078 2072 morari
1094 2017 1214 2096 posse,
1239 2017 1316 2096 quc
1339 2004 1459 2080 minus

141 2143 184 2192 eo
198 2135 303 2219 parte
317 2145 484 2222 egressus
498 2135 630 2220 pateat,
656 2145 731 2222 qua
746 2099 866 2195 aditus
881 2119 1006 2194 luerat.
1056 2121 1194 2221 Regem
1210 2125 1360 2222 quippe,
1387 2150 1458 2200 ex-
1570 2143 1571 2146 ’

141 2245 271 2342 positis
290 2245 329 2318 in
359 2251 601 2322 coutinentem
624 2241 825 2343 equitibus,
856 2239 1091 2342 protegendae
1122 2240 1249 2318 classis
1274 2247 1385 2346 gratia
1410 2245 1461 2323 ad

141 2368 239 2465 ipsas
270 2366 394 2445 fauces
414 2365 585 2444 secedere
609 2365 765 2457 debere,
791 2385 911 2464 eoque
938 2367 1081 2466 naviga
1100 2365 1276 2441 nonnulla
1301 2366 1459 2446 loricatis

139 2491 340 2593 reudgibus
370 2494 541 2567 mannua
567 2490 701 2565 ceteris
728 2485 932 2590 singulatim
954 2493 1085 2587 praeire
1106 2504 1144 2563 et
1163 2485 1314 2566 classem
1336 2489 1457 2570 hosti-

142 2613 236 2707 lem,
266 2620 537 2714 cumprimum
557 2613 801 2712 frequentium
824 2617 1012 2686 comitatus
1035 2610 1215 2708 affuisset,
1248 2614 1458 2716 irrumpere.

140 2735 352 2814 Ridentibus
373 2738 512 2812 cunctis
539 2753 585 2830 et,
610 2761 659 2812 an
680 2737 761 2836 ipse
777 2721 941 2835 ¹praevius
958 2733 1039 2810 fore
1065 2735 1184 2830 vellet,
1208 2742 1458 2836 percontanti-
1549 2805 1553 2813 .

141 2861 226 2954 bns,
251 2856 355 2954 Volo,
379 2862 506 2960 inquit
530 2885 578 2934 ne
601 2855 731 2934 fortius
752 2856 884 2935 dixisse
904 2857 1031 2934 videm
1044 2885 1158 2961 quam
1179 2858 1313 2936 leriam
1364 2863 1459 2937 Ete-
1553 2883 1559 2891 ·

139 2989 216 3056 uim
224 2983 419 3058 audacium
428 2983 657 3059 consiliorum
667 2999 843 3074 auctores,
857 2980 962 3082 quod
975 3005 1039 3058 ore
1056 2981 1221 3074 suadent,
1236 3003 1348 3058 mann
1360 3004 1458 3082 prc-

141 3111 246 3207 sequi
263 3113 440 3184 convenit.
486 3106 695 3182 Delectatus
711 3104 858 3181 consilto
872 3104 947 3200 fex,
961 3105 1136 3181 Absaloni
1149 3127 1260 3182 naves
1277 3111 1459 3208 remiges-

141 3254 229 3330 que,
250 3225 346 3331 quos
366 3247 543 3332 posceret,
569 3229 731 3330 expediri
745 3234 929 3331 praecepit,
953 3255 998 3305 ac
1010 3231 1172 3331 moinus
1189 3236 1307 3332 ripam
1323 3233 1462 3331 stipatis

139 3353 325 3452 equitibus
337 3369 464 3455 petens
479 3353 527 3428 ad
541 3354 658 3428 amnis
673 3355 892 3455 principium
914 3355 1135 3456 properavit.
1180 3351 1269 3450 'Quo
1283 3353 1460 3429 Kezima-

138 3500 205 3552 rns
223 3477 363 3556 eminus
389 3475 584 3554 adventare
606 3493 823 3576 conspecto,
844 3472 969 3552 relicto
993 3481 1098 3552 ocius
1122 3475 1375 3582 tabernaculo,
1410 3473 1461 3552 ad

141 3599 296 3676 classem
312 3599 458 3700 trepido
479 3624 589 3676 cursu
611 3597 792 3676 seretulit.
843 3602 1010 3701 Septena,
1034 3597 1175 3675 delectu
1190 3585 1327 3695 habito,
1350 3602 1461 3676 navi-r

140 3729 204 3825 gia
218 3737 469 3824 procurantur,
496 3721 700 3826 eademque
716 3721 866 3797 loricato
883 3724 1021 3822 remige
1040 3739 1267 3796 exornantur.
1318 3721 1350 3796 E
1367 3725 1460 3822 qui·-

138 3847 216 3924 bns
229 3847 315 3922 bina
328 3847 520 3924 Absalunis
538 3846 653 3941 inme,
678 3844 904 3947 totidemque
921 3843 1129 3920 Esbernus¹
1147 3865 1194 3917 ac
1209 3844 1307 3920 Suno
1325 3843 1460 3920 duom·

136 3969 239 4044 bant.
298 3970 460 4072 Reliquis
492 3970 607 4048 tubus
629 3967 866 4046 Thorhemus
890 3985 927 4044 et
954 3967 1092 4044 Olanus
1124 3981 1159 4040 et
1184 3969 1312 4044 Petrus
1334 3965 1460 4042 Thor-

137 4098 237 4169 stani·
259 4093 356 4170 filias
381 4089 571 4194 praeerant¹
601 4098 792 4198 *Cumque
813 4091 988 4185 absalon,
1012 4107 1141 4166 caetera
1164 4088 1280 4166 classe
1303 4085 1462 4165 scriatim

137 4215 318 4317 subsequi
339 4219 452 4318 jussa,
475 4219 620 4318 navigio
644 4223 781 4318 pmmus
797 4201 991 4308 incederet
1014 4217 1179 4317 ignotum
1193 4213 1307 4288 amnis
1327 4209 1460 4288 diver*

136 4339 293 4416 ticulum
308 4340 504 4418 inoffenso²
520 4329 764 4442 ¹navigationis
781 4340 999 4443 compendio
1013 4339 1223 4442 penetravit.
1263 4336 1379 4436 eujus
1395 4357 1461 4410 re-

186 4538 376 4624 ¹Erbernns]
394 4524 505 4606 Frater
523 4541 621 4628 igitur
638 4539 768 4608 Abtalo·
879 4539 1079 4629 ’InrrffenroJ
1105 4539 1157 4604 Sic
1190 4534 1356 4624 legendum
1383 4543 1462 4622 puto

132 4645 186 4709 nis
206 4647 290 4710 illico
308 4660 380 4732 post
401 4649 533 4713 reditum
556 4669 593 4714 ex
613 4649 769 4733 Norregis
832 4665 893 4733 pru
914 4649 1039 4734 anferre,
1057 4645 1141 4734 quod
1160 4645 1277 4711 habeut
1300 4641 1348 4708 ed.
1366 4663 1416 4729 pr.
1429 4649 1463 4704 et

130 4752 363 4838 expeditionem
392 4756 454 4840 jum
480 4768 622 4844 coeptam
649 4767 772 4821 secutus
832 4751 1027 4840 stephanius.

129 4879 204 4925 esee
227 4859 354 4925 ridetur.
