3508 5460
358 305 433 377 tta
695 305 871 376 HISTOR.
887 297 994 376 DAN.
1008 303 1146 376 Ltatttt
1162 305 1251 378 xtv.

303 511 505 589 Lundensit
519 514 690 614 pontilex,
714 514 779 612 qui
794 513 919 612 etipse
936 497 1119 612 predt'rtae
1140 513 1373 614 expeditionis
1396 533 1520 591 cernes
1541 517 1619 592 lues
1725 587 1726 592 ,

304 654 370 731 rat,
394 663 451 730 ue,
467 637 625 710 fervente
639 635 816 734 religionis
829 635 998 728 tumultu,
1024 634 1190 734 deposito
1202 637 1442 729 fraudaretur,
1466 641 1616 738 pecnni-
1725 677 1726 686 κ

304 787 375 854 am,
400 784 512 860 qrtam
530 759 567 832 in
580 757 696 832 Gallia
710 757 966 852 collocaverat,
997 783 1066 858 per
1081 763 1259 836 ministros
1281 759 1539 862 reportandam
1551 787 1615 835 cu-
1725 751 1726 756 ’

304 885 416 960 rabat.
472 882 654 980 Equibus
683 907 788 972 unus,
809 879 1032 956 monachicae
1055 882 1306 984 professionis,
1338 883 1441 984 apud
1463 882 1618 960 Stadium
1725 885 1726 958 Ϊ

305 1007 494 1108 oppidum,
519 1008 610 1078 iuter
636 1003 889 1098 coeuitandum,
914 998 1148 1106 ligneo'iorte
1161 1005 1274 1081 calice
1294 1033 1368 1082 non
1399 1025 1618 1107 suppetente,

305 1155 429 1220 aureo,
454 1152 565 1228 quem
580 1128 616 1200 in
642 1126 805 1218 custodia
826 1126 1003 1222 habebat,
1037 1149 1201 1229 arrepto,
1224 1129 1369 1205 nitidius
1388 1133 1618 1230 quamtotius
1725 1187 1726 1202 ,

306 1277 447 1328 coenam
462 1255 585 1351 eregit.
644 1251 757 1348 Cujus
774 1249 856 1323 facti
880 1251 1096 1326 irritamento
1111 1255 1171 1346 iis,
1196 1279 1355 1352 quorum
1379 1252 1535 1353 hospitio
1555 1279 1616 1328 re-

304 1397 429 1482 ceptus
457 1377 591 1467 fuerat,
614 1382 755 1450 tacitam
779 1372 949 1450 latrocinii
971 1373 1175 1473 cupidinem
1197 1378 1413 1452 ministravit.
1477 1380 1620 1478 Majoris
1725 1463 1726 1486 3

304 1527 463 1602 namque
489 1501 649 1597 pecuniae
672 1494 854 1573 conscium
879 1497 1224 1588 animadvertebant,
1255 1525 1363 1598 quem
1389 1501 1620 1600 praestantiori

304 1624 439 1728 poculo
456 1624 610 1722 privatas
633 1645 776 1696 mensas
794 1640 1024 1696 exornantem
1048 1619 1229 1696 videbant.
1285 1625 1468 1696 Caeterum
1489 1621 1619 1723 bospi—
1725 1643 1726 1708 t

304 1751 343 1824 tii
359 1733 691 1842 reverentia'palarn
708 1745 844 1820 facinus
862 1747 993 1844 exequi
1007 1747 1116 1837 veriti,
1137 1751 1309 1842 quoniam
1325 1748 1416 1819 intra
1439 1747 1616 1845 penatium

305 1872 427 1946 limina
446 1867 691 1965 hospitalitatis
716 1893 817 1943 sacra
848 1867 985 1942 violare
1010 1869 1110 1942 nefas
1138 1867 1338 1961 ducebant,
1364 1871 1402 1942 in
1428 1869 1618 1944 Holsatiam
1725 1875 1726 1908 ³

305 2021 391 2070 eum
405 1991 662 2090 subsequendo
678 1993 824 2066 sarcinis
841 2008 1024 2065 exuerunt
1049 1994 1131 2083 Quo
1144 1990 1315 2082 Eskillus,
1333 1989 1422 2064 dum
1437 1992 1487 2065 ab
1506 2017 1618 2091 expe-

307 2118 438 2192 ditione
461 2131 717 2208 reverteretur,
751 2113 891 2209 audito,
930 2139 1049 2214 regem
1082 2137 1194 2212 super
1223 2139 1347 2188 aarum
1374 2117 1618 2214 recuperatio-

306 2267 353 2316 ne
383 2237 562 2331 sollicitat,
595 2255 710 2332 ratus,
743 2242 934 2312 autoritate
982 2239 1063 2336 ejus
1094 2239 1350 2311 restitutionem
1379 2263 1401 2311 a
1432 2236 1618 2336 praedoni·-
1725 2237 1726 2320 ἶ

306 2365 379 2440 bus
398 2362 486 2436 fore.
537 2363 611 2434 Nec
626 2361 699 2460 jam
715 2359 905 2460 precibus,
930 2359 994 2436 sed
1014 2367 1179 2458 pactione
1206 2359 1387 2460 agendum
1410 2361 1620 2453 enstimans,

304 2489 507 2590 portionem
524 2487 697 2582 pecunia,
717 2482 917 2558 dnmmodo
933 2509 1001 2584 per
1018 2509 1102 2557 eum
1123 2481 1261 2557 reddita
1279 2481 1390 2576 foret,
1415 2489 1452 2555 in
1471 2483 1620 2582 praemi-
1725 2547 1726 2560 ,

307 2637 367 2688 um
381 2607 588 2710 potltoemr,
612 2596 784 2706 'tantoque
799 2609 880 2706 ejus
897 2605 1067 2682 auxilium
1083 2607 1274 2688 instantius,
1283 2605 1486 2705 expetebat,
1499 2629 1620 2706 quau-

305 2751 343 2810 to
359 2757 440 2806 eum
455 2731 492 2801 in
506 2727 696 2802 annuendo
713 2728 904 2804 tardiorem
919 2729 1075 2802 advertit.
1109 2731 1195 2817 Rex,
1211 2731 1420 2827 petitionum
1436 2731 1516 2829 ejus
1531 2753 1619 2828 per·
1725 2751 1726 2816 t

306 2854 500 2931 severantia
519 2851 695 2950 fatigatus,
721 2873 816 2950 aegre
832 2876 982 2949 operam
1006 2851 1215 2951 pollicetur,
1245 2851 1348 2950 quod
1366 2869 1401 2926 et
1414 2869 1537 2952 raptor
1561 2855 1622 2926 in-

306 2994 424 3053 certus
449 2992 485 3049 et
515 2975 826 3072 pecuniarepertu
847 2973 996 3050 difficilis
1012 2973 1200 3048 videretur.
1258 2979 1438 3048 Caeterum
1464 3001 1622 3049 eamre-

306 3103 437 3200 quisitu
450 3098 722 3196 promptiorem,
747 3103 776 3171 si
798 3098 1049 3198 apotentibus,
1066 3121 1176 3196 quarn
1199 3100 1228 3171 si
1244 3123 1266 3171 a
1281 3097 1432 3197 plebeiis
1449 3114 1623 3197 occupata

306 3224 449 3316 fuisset,
475 3217 726 3293 arbitrabatur.
793 3223 903 3321 igitur
928 3227 1112 3296 antistitem
1139 3217 1331 3296 Siesvicum
1353 3247 1475 3298 secum
1501 3237 1622 3320 petere

304 3345 419 3446 jubet.
471 3343 540 3418 Ubi
556 3341 645 3416 dum
662 3342 753 3416 sorte
770 3369 837 3443 per
847 3345 990 3443 jocum,
1008 3342 1311 3435 interfamiliareS,
1336 3343 1518 3420 amissuris
1535 3369 1624 3417 auro

305 3467 459 3542 bibentis
466 3467 666 3565 jactantiam
682 3463 850 3558 elusisset,
861 3467 1062 3560 interfuere,
1070 3473 1145 3567 qui,
1158 3474 1254 3566 regis
1268 3467 1362 3544 dicta
1372 3469 1509 3542 sinistre
1523 3472 1623 3540 esci-

306 3595 457 3689 pieutes,
482 3586 689 3663 clandestini
706 3596 881 3665 sermonis
906 3588 1139 3664 mordacitate
1156 3589 1318 3690 pontifici
1333 3591 1480 3665 illusum
1509 3607 1622 3690 puta·

305 3726 394 3785 rent.
448 3713 610 3804 Quorum
639 3711 895 3788 obtrectatione
912 3711 1069 3787 Eskillus
1097 3709 1143 3784 ad
1168 3711 1403 3786 deserendam
1418 3716 1513 3813 regis
1527 3713 1622 3786 ami-

307 3838 422 3910 citiam
438 3833 633 3926 adductus,
659 3863 703 3910 eo
729 3834 914 3910 dementiae
940 3843 1125 3936 prorupit,
1150 3854 1190 3910 ut
1215 3861 1422 3936 opes,quas
1442 3839 1624 3924 amisisset,

308 3959 354 4032 ab
379 3983 422 4030 eo
444 3956 604 4034 obtentas
620 3962 881 4060 suspicaretur,
908 3983 1064 4059 eumque
1087 3965 1222 4058 rapinae
1239 3957 1307 4034 sihi
1321 3959 1460 4033 inflictae
1476 3962 1623 4034 consci-

307 4106 370 4154 um
390 4098 617 4155 asseveraret.
677 4085 726 4153 Ita
749 4091 789 4156 'se
808 4099 993 4181 conceptae
1007 4085 1156 4155 vesaniae
1172 4081 1285 4156 moles
1302 4081 1393 4158 falso
1416 4084 1512 4184 regis
1529 4109 1623 4156 con-

306 4205 396 4278 vicio
412 4205 589 4301 patefecit.
641 4205 752 4303 Igitur
770 4207 918 4297 nescias,
939 4221 1057 4280 utrmn
1080 4210 1220 4281 antistes
1234 4207 1379 4280 insaniae
1398 4207 1558 4304 majoris,
1580 4229 1624 4276 au

305 4351 367 4402 rex
389 4333 565 4425 patientiae
597 4327 719 4417 luerit,
750 4353 906 4427 quorum
926 4327 1015 4402 alter
1030 4332 1300 4430 integerrimum
1320 4335 1437 4404 virum
1451 4331 1626 4436 teterrima

307 4451 512 4547 suspicione
528 4467 653 4524 notare
667 4454 840 4545 sustinuit,
854 4449 951 4543 alter,
963 4453 1187 4527 conscientiae
1200 4459 1355 4552 puritate
1368 4455 1537 4540 sincerus,
1550 4447 1624 4522 ad-

306 4593 450 4647 versam
466 4575 672 4646 innocentiae
695 4599 770 4648 suae
785 4576 1049 4650 criminatorem
1071 4601 1179 4676 aequo
1205 4575 1336 4650 lentius
1353 4579 1443 4650 iram
1467 4573 1625 4648 destrin-

306 4693 361 4769 xit.
413 4695 509 4767 Inter
521 4693 600 4770 haec
617 4699 750 4791 0ccc¹,
764 4702 819 4772 cui
837 4697 1030 4797 superioris
1052 4699 1224 4773 scismatis
1238 4699 1403 4802 contagio
1418 4691 1623 4800 deponendi

353 4893 362 4928 ¹
378 4883 470 4967 Occo]
484 4890 532 4952 De
552 4885 612 4952 hcc
626 4889 768 4972 Oecone,
798 4891 943 4977 episeopo
961 4887 1153 4973 Slas'ricensi,
1164 4892 1224 4958 rid.
1239 4904 1303 4957 not.
1319 4891 1454 4956 uberior.
1521 4914 1526 4932 ·
