3524 5460
335 319 553 392 svttttottt
588 320 793 394 CANUTUS
813 319 852 390 V.
889 318 1254 394 WALDEMARUSI.
1328 317 1399 392 71³

139 529 273 618 luceto,
286 530 467 600 honum
480 545 632 624 satrapae
646 529 811 616 Henrico,
832 525 923 603 datis
944 527 1109 620 vadibus,
1124 534 1312 626 pecuniam
1336 525 1450 625 polli-

141 666 238 724 cetur
258 651 450 748 ingentem,
474 653 505 724 si
527 675 640 750 regno
662 675 728 746 per
750 675 835 722 eum
859 653 990 726 restitui
1015 667 1144 749 posset.
1196 656 1324 730 Paetus
1348 673 1450 748 prae·

140 774 246 846 miuru
263 769 356 861 dux,
381 797 467 846 curn
485 772 534 846 ad
548 797 729 872 aggerem,
754 797 865 867 quam
879 775 1065 848 Dacorum
1083 788 1297 850 structuram
1315 770 1450 871 appel-

140 893 229 983 lant,
254 897 405 968 summis
428 894 563 968 viribus
587 895 823 993 pervenisset,
849 896 995 986 transitu
1018 921 1085 994 per
1115 922 1215 987 eum,
1246 897 1311 992 qui
1337 909 1450 992 portae

140 1032 301 1114 preerat,
328 1019 477 1114 pecunia
494 1032 722 1113 corruptum,
746 1013 904 1100 obtento,
922 1015 1111 1090 obsidione
1136 1043 1282 1094 consum
1306 1041 1328 1088 a
1350 1015 1451 1090 Sles-

141 1137 346 1212 vicensibus
367 1138 511 1212 extudit.
568 1137 670 1212 'l’une
685 1141 883 1230 Hartvieos,
899 1141 1110 1212 Bremornm
1132 1140 1307 1236 pontifex,
1332 1142 1393 1235 qui
1416 1151 1451 1210 et

139 1265 215 1360 ipse
241 1277 324 1360 post
343 1264 536 1334 Heuricum
563 1261 795 1358 expeditionis
821 1277 925 1334 autor
953 1263 1129 1352 extiterat,
1164 1269 1334 1338 meruisse
1355 1284 1452 1348 eum,

140 1385 265 1480 iuquit,
290 1391 352 1481 qni
374 1401 515 1481 portam
533 1383 749 1481 patefecerit,
774 1409 857 1456 cum
882 1385 1036 1481 pecunia
1057 1384 1175 1475 simul,
1199 1409 1309 1481 quum
1328 1398 1452 1480 paottu

139 1523 238 1596 esset,
264 1505 447 1602 suspendi,
473 1523 649 1604 quatenus
671 1505 718 1578 ad
740 1505 927 1580 horrorem
946 1504 1137 1580 consimilis
1155 1505 1235 1578 sacti
1268 1511 1302 1576 in
1323 1502 1451 1576 εοᾶοω

142 1627 273 1726 laqueo
297 1626 461 1725 proditor
493 1645 526 1700 et
550 1623 761 1723 proditionis
793 1633 981 1724 petentium
1018 1635 1315 1728 conspicerentur.
1377 1624 1453 1702 lllic

140 1757 254 1825 Sveno
269 1752 494 1849 peregrinam
510 1748 661 1822 classem
678 1747 872 1846 praedatus,
892 1749 1049 1848 direptas
1070 1756 1290 1826 Rutenorum
1313 1771 1451 1825 rncrces

141 1871 306 1970 stipendii
323 1873 405 1946 loeo
419 1873 589 1946 militibus
607 1877 776 1970 erogavit.
829 1877 910 1962 Quo
931 1871 1022 1944 sacto
1049 1899 1121 1946 non
1145 1873 1264 1946 solum
1287 1874 1452 1946 advena·
1481 1861 1488 1886 ¹

140 2022 219 2070 rum
236 2000 273 2068 in
290 2011 472 2092 posterum
489 1995 723 2091 frequentiam
750 1993 970 2086 deturbavit,
1002 1995 1067 2070 sed
1088 1999 1193 2070 etiam
1226 1991 1452 2094 splendidam

140 2122 380 2192 mercimoniis
397 2117 523 2190 urbem
540 2115 587 2188 ad
605 2133 744 2188 tenuem
760 2134 1024 2216 arrgustumquc
1043 2120 1160 2192 vicum
1184 2117 1327 2218 redegit.
1381 2118 1451 2188 Sa-

141 2266 249 2326 xones
269 2239 449 2314 desertum
468 2239 515 2312 ab
536 2237 660 2310 ineolis
676 2265 736 2312 rus
751 2239 851 2314 nullo
869 2245 1049 2314 resistente
1063 2243 1251 2338 permensi,
1277 2240 1349 2314 lroc
1364 2240 1451 2312 lon-

140 2368 232 2464 giuS,
259 2389 336 2460 quo
361 2363 536 2448 licentius,
567 2360 729 2434 ruebam.
779 2366 870 2434 Nam
884 2363 1055 2436 australes
1071 2367 1141 2436 tuti
1168 2365 1354 2460 paucitatis
1376 2384 1451 2436 suae

141 2506 239 2559 metu
275 2492 308 2556 in
337 2481 653 2582 septentrionalem
682 2500 839 2580 partem,
884 2509 968 2582 quse
997 2485 1224 2558 multitudine
1248 2482 1453 2583 praestabat,

141 2611 272 2708 elapsi,
297 2607 367 2682 sub
390 2609 510 2704 specie
537 2605 632 2703 luges
657 2603 792 2678 bellom
818 2607 1011 2704 parabant3
1041 2589 1078 2680 et
1100 2608 1164 2704 qui
1194 2611 1295 2704 prius
1326 2603 1453 2678 auxilia
1548 2645 1552 2662 ·

141 2733 295 2806 Svenoui
322 2728 613 2827 spoponderant,
639 2728 836 2802 alienorum
863 2713 999 2804 viribus
1031 2735 1213 2806 succincto
1240 2751 1452 2804 succursum

141 2854 331 2953 negabant,
356 2879 402 2926 ne
419 2856 642 2950 peregrinam
662 2878 809 2926 inanum
828 2851 1017 2926 adversum
1034 2855 1183 2951 patriam
1200 2854 1334 2950 juvisse
1348 2849 1453 2922 vide-

142 2993 275 3050 rentur.

273 3095 409 3168 Eadem
433 3096 507 3168 sere
524 3113 727 3194 tempestato
744 3101 955 3170 Svereoucm
983 3121 1104 3196 regem
1134 3121 1278 3187 servoS,
1300 3100 1361 3192 qui
1382 3120 1454 3166 cu-

141 3220 263 3294 biculo
287 3221 365 3316 ejus
384 3237 554 3314 praeerat,
590 3237 699 3292 noctu
721 3219 953 3294 dormientem
976 3221 1160 3292 occiderat.
1217 3217 1324 3312 Quod
1340 3216 1456 3292 seclus

142 3341 301 3414 diviuitas
324 3339 422 3412 baud
446 3343 590 3438 segnius
611 3369 721 3439 quam
743 3345 873 3440 justius
897 3341 969 3414 ulta
997 3360 1057 3416 cst.
1127 3349 1214 3416 Nam
1240 3367 1352 3439 parvo
1375 3355 1455 3438 post

142 3482 303 3562 tempore
333 3467 523 3562 Magnus¹,
560 3468 622 3562 qui
646 3465 785 3538 occulta
807 3465 976 3563 regnandi
996 3464 1188 3563 eupiditate
1224 3491 1325 3540 servo
1344 3489 1455 3564 pera-

141 3587 248 3686 gendi
269 3587 434 3660 facinoris
452 3605 556 3658 autor
571 3591 744 3680 extiterat,
766 3594 801 3660 in
816 3615 858 3660 eo
874 3587 1058 3679 conilictu,
1083 3613 1155 3685 quo
1171 3588 1282 3662 lilium
1299 3593 1455 3660 Sverco-

144 3711 200 3780 nis
225 3709 415 3797 Catulum,
437 3734 546 3804 quom
572 3727 668 3806 patre
684 3710 906 3806 spoliaverat,
922 3735 1034 3808 regno
1054 3713 1157 3784 etium
1171 3736 1301 3782 exuere
1320 3710 1455 3808 gestie-

142 3830 216 3920 bat,
227 3831 408 3904 sceleratae
427 3831 693 3904 machinationis
709 3857 836 3930 poeuus
853 3850 964 3906 morte
986 3832 1163 3930 persolvit
1189 3837 1241 3904 Ea
1256 3859 1313 3906 res
1330 3839 1456 3906 Curru-

142 3967 240 4042 tum,
284 3951 443 4026 solaudae
476 3957 596 4027 matris
623 3957 771 4054 gratiffl,
811 3958 933 4028 Svetiae
970 3961 1154 4052 superiora
1186 3975 1305 4053 petere
1334 3957 1458 4052 coegit.

138 4253 209 4332 bat,
232 4256 501 4320 commorationem
519 4257 667 4321 Svenonis
689 4257 770 4342 apud
830 4269 1020 4342 susceperam
1055 4255 1108 4320 sed
1129 4258 1161 4320 in
1182 4257 1236 4320 tali
1254 4273 1356 4318 rerum
1377 4269 1459 4320 statu

138 4361 291 4424 socernm‘
314 4381 378 4424 nou
403 4361 459 4425 nisi
486 4363 670 4427 trimestrem
699 4363 773 4426 leci·
831 4366 965 4426 Canutus
982 4382 1126 4447 regnum,
1156 4375 1190 4425 ut
1205 4376 1332 4426 matrem
1343 4365 1459 4426 soltre-

139 4483 204 4527 ens
217 4465 260 4549 (p.
273 4461 362 4544 360).
832 4479 899 4547 tur,
921 4467 1002 4532 haud
1030 4469 1210 4554 reliquisset
1262 4469 1380 4554 Maiore
1402 4470 1459 4554 igi-

196 4569 359 4656 ιΜιιςυιω]
375 4573 501 4638 Heuriei
520 4573 668 4639 Slateleri
683 4575 771 4640 iilius.
831 4586 882 4636 tur
898 4573 1114 4658 probabilitate
1131 4598 1163 4640 ss
1183 4575 1375 4642 commendat
1390 4599 1459 4640 nar-

195 4679 362 4742 ²Soleudoe
384 4687 490 4744 uaatrrir
508 4679 627 4765 grotta]
648 4683 777 4748 Sterlae·
831 4679 922 4757 ratio,
946 4701 1016 4764 qus
1034 4682 1143 4764 legitur
1166 4685 1198 4746 in
1222 4683 1349 4748 historia
1365 4684 1460 4764 liopt-

135 4781 321 4848 mendene
340 4795 481 4869 tempore
498 4787 614 4850 occisus
635 4799 692 4866 est,
712 4810 774 4872 quo
832 4785 984 4868 lingarum
1001 4811 1032 4871 p.
1047 4785 1119 4866 360,
1140 4791 1289 4854 &numm
1308 4789 1340 4852 io
1358 4790 1460 4854 Sreci·

133 4888 295 4954 lleorieos
325 4890 550 4977 expeditionem
587 4895 620 4956 ie
647 4895 777 4959 Dauiem
833 4913 882 4955 am
908 4892 1083 4978 prolectam
1103 4916 1183 4977 esse,
1207 4909 1240 4958 ut
1257 4895 1352 4958 liliam
1370 4895 1460 4958 Srer-
