3508 5460
368 300 442 377 748
688 303 985 378 Bistonum.
1001 303 1139 384 thtEtt
1154 243 1254 376 XIV.x

315 529 406 588 stem
424 511 599 588 lacessere
614 531 800 614 nequeunt.
851 511 1061 586 Plarituram
1076 539 1141 588 rex
1158 512 1227 586 sibi
1240 516 1449 586 secunaum
1465 499 1622 592 afferre·-

316 636 396 729 lrat,
420 637 486 709 nisi
512 659 553 708 ea
575 661 633 712 res
656 654 690 709 et
707 639 825 738 gravis
839 642 966 736 patriae
991 637 1107 710 rubor
1141 635 1487 735 esingerrslrostr'n'm
1504 639 1623 710 iaciet-

315 777 476 832 mentum
497 762 666 832 existeret.
735 765 822 832 Nam
846 777 882 833 et
899 782 962 834 eos
983 762 1127 832 Dacicae
1146 759 1378 858 expeditionis
1402 763 1618 858 praesentiam

314 907 356 954 ex
366 897 567 955 caetrorum
584 886 740 982 vestigiis
756 899 1024 981 comperturos,
1049 899 1084 956 et
1101 881 1354 956 clandestinam
1370 885 1451 981 ejus
1469 887 1621 956 reversi-

312 1026 420 1076 onem
445 1003 617 1078 timiditati
639 1005 811 1079 duntaxat
828 1009 1073 1104 imputaturus.
1133 1006 1251 1103 liujus
1275 1010 1329 1080 rei
1338 1031 1449 1080 *causa
1468 1006 1621 1104 periculo

312 1151 353 1202 ee
367 1152 476 1226 quam
493 1127 619 1200 rubori
632 1145 757 1226 patere
774 1127 899 1219 malle,
933 1127 1218 1228 haudquaquam
1242 1153 1401 1228 proram,
1423 1131 1492 1204 nist
1508 1129 1623 1202 tressa

309 1251 381 1322 sito
397 1251 517 1344 hoste,
542 1275 743 1360 versurum.
793 1257 966 1324 Praeterea
989 1275 1027 1324 se
1046 1275 1191 1344 eorum,
1211 1252 1285 1350 qrri,
1299 1251 1464 1324 simulate
1481 1254 1622 1324 narium

246 1463 252 1476 ἱ
311 1371 511 1472 fragilitate,
527 1371 745 1461 defecerant,
778 1375 955 1474 ignaviam
985 1390 1212 1470 aequaturos,
1237 1376 1279 1465 si,
1298 1397 1392 1472 quos
1416 1372 1540 1446 lalrore
1567 1377 1623 1447 vi*

311 1513 444 1590 cerunt,
470 1502 596 1568 virtute
609 1519 683 1567 uon
700 1511 920 1592 superarent,
949 1495 1164 1595 domosque,
1181 1502 1341 1596 impensu
1355 1497 1452 1569 male
1461 1499 1621 1596 naviga-

312 1622 420 1710 tione,
442 1635 653 1716 repeterent.
711 1622 816 1691 'lunc
831 1617 1126 1710 Wethemannus,
1150 1623 1312 1695 incautas
1331 1620 1458 1720 lluqr‘ae
1482 1644 1542 1694 res
1563 1646 1624 1692 re-

310 1747 402 1816 centi
419 1739 658 1840 speculatione
675 1758 858 1838 expertus,
889 1741 1133 1816 admovendas
1153 1741 1258 1816 littori
1283 1749 1407 1842 copias
1430 1741 1574 1834 evadet,
1597 1748 1626 1818 si

311 1866 427 1964 ignari
450 1863 574 1936 incolae
598 1864 750 1955 luerint,
785 1869 932 1962 impune
952 1864 1114 1962 praedam
1139 1863 1354 1965 caedemque
1375 1865 1544 1959 mauras,
1574 1871 1625 1940 sin

311 1985 474 2086 providi,
498 1987 687 2060 confestim
702 1987 841 2085 absque
855 1985 1057 2060 discrimine
1071 1983 1255 2097 redituras.
1289 1993 1517 2063 Utreautem
1541 2015 1625 2063 mo-

309 2107 361 2181 do
381 2133 422 2182 se
441 2126 566 2208 gerant
573 2162 584 2200 ,
617 2114 876 2208 pererrantium
901 2132 1038 2183 morem
1059 2109 1233 2207 deprendi
1254 2113 1362 2210 posse
1388 2113 1626 2203 asseverabat,

310 2238 373 2332 qui
397 2255 482 2304 cum
502 2235 654 2331 primam
679 2231 817 2306 diurnae
837 2257 960 2332 operae
983 2251 1122 2334 partem¹
1143 2237 1341 2334 exegerint,
1374 2259 1451 2334 quo
1481 2235 1532 2310 ad
1567 2236 1625 2308 la-

309 2353 516 2454 borandum
543 2355 629 2428 fiant
658 2359 877 2456 vegetiores,
900 2359 1027 2456 sopori
1042 2382 1080 2430 se
1096 2375 1320 2455 prosternere
1343 2357 1489 2431 soleant.
1521 2361 1625 2432 Hunc

310 2501 396 2554 vero
419 2503 491 2552 noa
517 2481 584 2552 nisi
607 2496 706 2554 metu
731 2482 851 2553 vacuis
885 2478 1030 2580 altaque
1055 2483 1240 2555 securitate
1268 2477 1418 2555 firmatis
1448 2481 1626 2580 obrepere

307 2587 472 2695 eolifirm3
514 2619 693 2696 caeterum,
722 2605 864 2676 nemine
898 2603 1021 2678 talium
1044 2601 1243 2678 dormiente
1263 2620 1426 2703 repertu,
1456 2624 1627 2701 praeesu-

308 2741 356 2797 tae
371 2727 484 2824 gentis
500 2724 668 2798 indicium
686 2729 807 2825 accipi.
859 2731 978 2819 Quem
996 2751 1058 2800 rex
1078 2725 1358 2826 perempertus
1374 2727 1514 2798 muru-i
1529 2751 1625 2800 corr·-

307 2845 479 2922 sentence
512 2873 624 2947 quarn
648 2849 883 2950 magnitudini
914 2873 991 2924 suae
1016 2851 1258 2922 convenientia
1288 2847 1453 2923 domare
1476 2847 1627 2922 dtoetrn

310 2975 503 3068 Nunquam
518 2973 818 3064 enim,l)arrorurn
832 2996 937 3072 reges
953 2971 1117 3046 aSclavis
1130 2972 1286 3071 fugatos,
1299 2973 1483 3046 memoriae
1492 2971 1625 3072 prodi-

307 3112 384 3167 tum
401 3091 520 3184 luisse,
543 3095 607 3167 sed
624 3119 668 3168 ne
700 3121 741 3170 se
759 3095 906 3194 quidem
922 3098 1078 3193 primurn
1095 3098 1229 3194 regiam
1246 3091 1454 3194 dignitatem
1465 3095 1540 3168 lroc
1551 3093 1626 3167 de—

237 3235 241 3256 ·
308 3218 495 3290 termium
509 3241 642 3315 genere
654 3220 925 3293 maculatumm.
960 3219 1487 3310 TuacGnemernsFalstricas,
1504 3243 1627 3316 quaa*

305 3362 421 3438 quarn
439 3335 525 3412 alias
540 3341 737 3439 'vegetioris
757 3366 866 3441 quarn
886 3345 1113 3440 sapientioris
1136 3323 1244 3414 animi
1271 3345 1526 3435 estimarent,
1548 3344 1628 3415 sire

276 3499 280 3511 ·
305 3454 451 3564 ingenio
476 3487 548 3538 suo
575 3469 652 3537 sive
670 3470 769 3565 regis
793 3466 938 3542 lorturru
955 3482 1138 3556 monente,
1162 3468 1524 3540 summamomnium
1540 3463 1624 3538 hee·

305 3589 515 3679 citationem,
534 3589 679 3685 ancipiti
697 3589 819 3662 studio
844 3591 1094 3680 fluctuantem„
1110 3589 1254 3662 salutari
1272 3588 1518 3662 exhortatione
1541 3585 1624 3659 dis—

305 3715 436 3804 cussit,
473 3714 719 3816 incertamque
735 3711 874 3787 consilii
894 3715 1103 3786 concionem
1122 3711 1171 3785 ad
1183 3735 1288 3785 suam
1309 3716 1626 3808 sententiamper*

303 3831 417 3926 duxit,
444 3834 667 3926 affinnando,
685 3844 886 3911 temeritatis
905 3859 983 3910 esse
998 3840 1162 3936 exiguam
1181 3859 1330 3908 manum
1347 3859 1433 3908 cam
1446 3837 1625 3906 immo

305 3953 411 4030 hoste
430 3979 628 4031 conserere.
679 3966 857 4035 Caeterum
882 3967 1031 4035 Baream
1052 3959 1313 4059 provinciam,
1340 3983 1362 4030 a
1382 3962 1501 4058 Regin
1514 3955 1620 4028 brevi

305 4079 397 4153 fretu
415 4079 617 4171 discretam,
642 4083 694 4156 olr
713 4091 923 4182 parvitatem
944 4087 1008 4176 sui,
1034 4107 1255 4180 maenaque
1272 4099 1400 4182 paratu
1425 4096 1526 4172 esset,
1546 4101 1625 4174 po·

303 4201 430 4298 pulatu
445 4205 652 4302 perfacilem
676 4207 764 4300 fore,
818 4211 984 4306 Denique
1001 4231 1123 4307 regem
1137 4207 1343 4304 quiescendi
1366 4207 1480 4306 gratia
1501 4197 1627 4276 cubile

303 4339 437 4419 petere,
453 4331 718 4431 exhaustasque
737 4332 864 4432 vigiliis
889 4333 983 4406 vires
1003 4347 1039 4403 et
1053 4332 1206 4405 attritum
1224 4334 1319 4405 curis
1340 4331 1503 4403 animum
1516 4350 1626 4398 *snm-

304 4469 354 4518 no
374 4448 519 4523 reficere
532 4455 647 4551 jubet,
672 4481 838 4557 vespere,
864 4481 939 4555 quo
954 4461 1072 4531 minue
1089 4458 1263 4555 provisus
1277 4459 1507 4553 irrumperet,
1522 4449 1627 4523 clas-

351 4770 496 4832 ¹Bareem
504 4775 702 4862 prooemium]
728 4774 819 4839 Haud
838 4773 929 4840 dubie
991 4787 1122 4838 tractam
1136 4773 1250 4854 Barth,
1271 4769 1540 4860 septentrionalem
1555 4785 1627 4854 par·

987 4891 1049 4947 tear
1064 4881 1254 4946 Pomeranie
1272 4880 1431 4945 citerioris.
