3536 5462
612 301 942 374 wicmannus
967 303 991 372 l.
1231 338 1236 352 =
1328 301 1401 376 ets

134 517 266 588 summi
291 507 466 612 pontificis
484 508 662 608 epistolas,
686 521 753 610 per
772 533 864 611 qaas
880 534 953 584 non
967 509 1085 586 solum
1103 509 1293 589 abdicandi
1306 512 1455 590 honoris

135 633 324 724 licentiam,
348 631 413 708 sed
433 635 538 708 ctiam
554 632 800 726 transferendi,
825 636 862 706 in
885 647 995 732 quent
1016 630 1130 722 vellet,
1156 649 1369 733 potestatem
1386 661 1455 710 ac-

134 762 281 856 ceperit,
303 772 453 833 testatus
468 772 528 830 est
581 757 661 830 llue
678 755 858 849 accedere,
884 756 986 856 quod
1003 781 1053 845 se,
1079 759 1251 832 Romanae
1268 757 1455 858 legationis

134 879 256 954 cilicio
281 879 501 981 fungentem,
526 903 572 953 ne
596 880 701 954 sedes
725 903 933 956 successore
958 901 1073 953 vacua
1097 877 1288 972 habeatur,
1313 882 1454 956 subro-

134 1005 288 1104 gationis
309 1029 433 1079 curam
456 1004 629 1077 exhibere
654 1027 723 1101 par
747 1004 798 1076 sit
861 1001 970 1095 Quod
993 999 1128 1076 dictum
1152 1029 1227 1093 rex,
1255 1007 1450 1078 Ascerum¹

133 1126 185 1201 ab
214 1151 259 1201 eo
282 1127 491 1226 pontificem
515 1124 678 1224 adoptari
702 1142 817 1220 ratus,
851 1127 1054 1223 suspicione
1075 1126 1215 1223 insequi
1238 1129 1358 1226 coepit,
1387 1153 1455 1203 uec

134 1247 282 1342 dubius,
304 1253 485 1323 Kanutum
504 1265 537 1322 et
556 1247 739 1338 Karalum,
766 1247 907 1349 siquid
933 1246 1080 1322 ulterius
1104 1245 1296 1322 adversum
1320 1275 1359 1324 se
1385 1277 1451 1325 co-

133 1374 204 1446 nati
223 1371 348 1465 serent,
373 1371 593 1474 multum'ab
616 1397 684 1446 avo
710 1373 840 1445 virium
865 1387 1120 1460 contracturos,
1145 1394 1228 1444 eum
1248 1370 1310 1445 diu
1330 1373 1453 1448 verbis

133 1499 322 1570 amicitiam
338 1494 611 1594 praeierentibus
629 1495 768 1592 egisset,
795 1493 842 1567 ad
865 1511 1089 1592 postremum
1113 1496 1206 1568 votis
1228 1495 1309 1592 ejus
1328 1517 1453 1581 annu·-

88 1609 92 1620 “
134 1641 194 1692 ere
225 1617 390 1709 sedicit,
424 1615 524 1716 quod
549 1621 720 1689 Romanae
745 1621 928 1692 sententiae
953 1616 1098 1716 decreto
1129 1619 1278 1691 obviam
1301 1623 1352 1691 ire
1381 1645 1454 1692 ne-

135 1755 266 1842 queat,
297 1765 408 1840 penes
433 1763 542 1839 quarn
566 1737 724 1838 publicae
746 1739 930 1840 religionis
959 1765 1087 1812 norma
1111 1746 1289 1815 consistat.
1355 1743 1463 1814 Tum·

134 1863 308 1954 babillus,
329 1861 476 1937 bonoria
492 1860 752 1934 abdicationem
771 1878 1040 1936 contractorum
1057 1859 1266 1962 pontificum
1277 1863 1454 1962 {requen-

133 1991 183 2062 tia
206 1985 381 2062 eelebrari
399 1985 520 2082 magni
537 1989 724 2075 aestimans,
751 1985 994 2082 proiecturum
1021 1987 1071 2058 ab
1085 1984 1188 2084 ‘urbe
1216 2011 1338 2087 regern
1361 2011 1453 2086 pre-

134 2115 209 2184 cari
226 2113 356 2199 institit,
381 2109 432 2182 uti
447 2112 545 2205 ipsos
561 2123 687 2204 exacto
703 2112 844 2182 meuse²
865 2133 987 2182 seeum
1004 2109 1159 2199 reducat,
1186 2134 1277 2207 quos
1293 2135 1368 2182 non
1383 2136 1454 2184 so-

134 2233 215 2308 lum
231 2255 306 2307 suae
322 2231 587 2321 renunciationi,
613 2255 738 2306 verum
756 2234 861 2306 etiam
877 2235 962 2306 neri
977 2236 1133 2308 antistitis
1148 2233 1314 2306 creationi
1340 2234 1456 2305 inter·-

134 2381 216 2432 cssc
242 2352 415 2454 expediat.
475 2355 591 2448 Quam
612 2379 687 2426 rem
711 2379 862 2452 prorsus
887 2353 1028 2430 silentio
1050 2356 1195 2455 dignam
1218 2360 1377 2444 existere,
1407 2379 1454 2429 ne

138 2483 284 2578 cognita
298 2501 519 2576 quemquam
535 2477 716 2552 electionis
734 2493 829 2550 metu
846 2477 957 2550 dilabi
977 2495 1133 2578 cogeret.
1183 2481 1457 2571 Quoconeesso,

133 2619 268 2678 mamm
296 2589 433 2674 interim
464 2599 726 2699 solennemque
758 2599 989 2700 popularium
1022 2607 1229 2675 concionem
1261 2603 1455 2700 ingressus,

133 2725 432 2822 docet,quautam
450 2721 699 2798 subditorum³
722 2727 902 2799 caritatem
920 2725 1059 2826 fastigio
1082 2724 1222 2800 luamus
1245 2724 1466 2819 exhibuerit,
1587 2761 1589 2766 ·

134 2871 324 2950 quamque
342 2844 520 2920 Mnevolo
535 2844 653 2920 studio
670 2838 795 2924 merita
818 2873 882 2922 sua
904 2849 1073 2949 publicus
1091 2874 1218 2923 eorum
1236 2847 1339 2924 lavor
1356 2873 1454 2949 pen·

131 2973 278 3048 severit.
327 2972 408 3043 Jurn
427 2993 513 3044 sero
536 2971 603 3044 sibi
628 2995 668 3044 re
688 2969 881 3068 pontificali
897 2970 1024 3045 cedere
1046 2978 1082 3044 in
1098 2975 1218 3046 animo
1234 2997 1323 3062 esse,
1348 2975 1454 3073 eujus

130 3092 426 3168 administrationi
443 3116 621 3190 supremae
645 3097 756 3170 aetatis
771 3121 847 3170 suae
862 3095 1024 3168 habitum
1052 3093 1225 3170 dissidere
1250 3096 1455 3191 conspiciat,

128 3213 296 3316 ideoque
312 3239 350 3289 se
367 3239 491 3290 eorum
509 3240 652 3308 curem,
686 3243 798 3316 quam
819 3217 991 3293 hactenus
1019 3219 1135 3319 plenis
1157 3219 1301 3316 pietatis
1327 3213 1456 3290 officiis

128 3342 305 3440 gesserit,
337 3337 458 3412 divino
483 3339 655 3414 mandare
678 3342 866 3440 prasidio,
898 3344 1108 3441 cunctisque
1131 3341 1202 3415 sibi
1222 3339 1355 3414 militiae
1383 3339 1458 3413 lide

128 3459 311 3534 desinetis
334 3458 485 3560 hujusce
515 3469 655 3562 generis
692 3487 823 3567 uerum
860 3465 1055 3558 remittere,
1092 3461 1308 3562 superhaec
1337 3465 1458 3536 omnin

127 3583 264 3658 alienis
281 3581 416 3660 delictis
432 3585 571 3660 venium
587 3582 686 3674 dare,
706 3588 864 3684 propriis
883 3604 1022 3686 petere3
1048 3573 1234 3658 universos
1252 3591 1357 3658 ctiam
1375 3581 1458 3658 dis-

126 3725 280 3784 cessum
304 3729 412 3781 suum
436 3711 505 3807 plis
534 3707 705 3807 precibus
730 3711 904 3808 prosequi
936 3715 1102 3808 votisque
1124 3732 1192 3806 pro
1217 3731 1257 3780 se
1279 3693 1458 3780 erenbare

121 3843 317 3930 preeamr,
338 3854 464 3929 parem
480 3837 584 3907 senis
600 3830 841 3931 dignationem
856 3853 1094 3929 repensurum
1109 3828 1300 3930 pollicitus.
1352 3829 1456 3902 Adeo

121 3949 260 4030 sutem
285 3951 534 4029 miserabiliter
556 3961 592 4028 in
616 3957 789 4030 concione
811 3956 892 4056 egit,
923 3969 964 4028 nt
987 3941 1069 4028 bam
1091 3953 1259 4052 lacrymis
1285 3951 1458 4026 suffusam

121 4077 335 4152 dentum.
386 4080 467 4170 Qua
490 4077 620 4170 soluta,
646 4077 865 4154 absalonem
888 4075 1067 4152 Sialandia
1085 4075 1306 4164 redeuntem,
1332 4075 1460 4166 missis,

189 4403 363 4486 'asarsual
382 4405 535 4488 amona
553 4416 631 4490 puts·
651 4403 768 4477 scabie·
870 4405 964 4490 ’Ipse
979 4419 1086 4476 eructo
1108 4399 1216 4487 nense]
1230 4399 1410 4481 Februario,
1430 4422 1460 4468 v.

112 4508 270 4602 piscopi,
287 4509 489 4596 praepositum
505 4509 698 4582 basulensem
714 4532 768 4572 nu·
826 4505 923 4592 disqu.
947 4505 985 4574 de
1005 4509 1149 4582 chronol.

115 4637 196 4706 pn·
214 4628 493 4688 wmmemortlttm.
872 4609 1096 4698 'Suddr'tornml
1125 4613 1231 4701 Stepla
1259 4618 1294 4678 ltt
1318 4613 1390 4694 edit.
1409 4635 1460 4708 pr.

825 4719 1011 4805 typographi
1033 4737 1138 4786 errore
1159 4723 1328 4786 salicorum.
