3536 5462
368 293 444 370 884
688 289 864 362 tttstott.
880 287 986 360 DAN.
1003 290 1151 362 Lttstttt.
1164 289 1256 362 xlv.

316 511 481 600 sincium.
535 505 650 594 Quam
667 499 755 574 dum
771 468 925 595 peteret,¹
938 499 1103 571 eximiam
1123 513 1231 572 vastae
1246 495 1545 593 coenulentaeque
1560 515 1635 594 ps·-

318 627 413 702 ludis
439 623 685 706 ,difficultatem
717 619 872 694 offendit.
940 621 1055 716 Cujus
1088 619 1314 717 superficies,
1357 635 1479 694 moero
1511 623 1636 694 noenta

318 751 462 847 cespite,
487 749 656 846 graminis
670 743 817 843 quidem
835 743 952 830 ferax,
977 740 1042 814 sed
1060 743 1196 842 vestigii
1212 749 1260 816 ita
1276 745 1464 840 impatiens
1478 757 1571 846 erat,
1597 757 1635 816 ut

317 872 534 969 plerumque
550 865 729 942 calcantes
748 867 927 942 obrueret
976 868 1064 965 Nam
1081 863 1168 938 limo
1184 863 1344 940 funditus
1359 863 1583 956 subsidente,
1599 865 1635 938 in

317 995 432 1070 luteas
454 991 643 1088 voragines
668 987 926 1086 sordidamque
952 985 1144 1061 colluviem
1177 987 1475 1086 prolabebantur.
1509 985 1636 1086 ‚fland

317 1114 739 1214 aliudprogressutisiter
749 1112 903 1210 patebat.
929 1109 1635 1209 Tuncequites,exteunaudaediiliculta-

317 1243 360 1314 tis
371 1237 595 1333 vitandaeque
604 1234 818 1312 lassitudinis
828 1233 951 1332 gratia,
967 1257 1063 1306 arma
1076 1235 1141 1308 sibi
1154 1234 1311 1308 detracta
1320 1235 1423 1332 equis
1433 1237 1635 1332 imponunt,

317 1384 452 1458 eosque
478 1361 604 1457 praevii
623 1359 771 1432 ducmre
794 1369 997 1452 coeperunt
1051 1359 1151 1448 Quos
1170 1373 1208 1429 nt
1223 1353 1328 1429 altius
1350 1380 1464 1428 meno
1481 1355 1635 1430 obrutos

317 1481 580 1574 sustentabant,
612 1484 677 1569 ita,
704 1504 819 1579 quum
838 1494 872 1550 et
886 1476 1150 1576 ipsiductando
1172 1475 1420 1568 subsiderent,
1451 1503 1634 1577 equorum

316 1629 459 1680 comam
475 1603 631 1702 amplexi
645 1597 895 1675 fulciebantur.
948 1598 1097 1674 Rivulos
1113 1625 1280 1699 quoque,
1306 1603 1421 1699 quiin
1438 1626 1480 1672 ea
1498 1600 1636 1700 palude

317 1717 432 1803 crebri
447 1721 644 1799 admodum
660 1721 923 1812 discurrebant,
943 1730 1041 1798 nexis
1060 1725 1243 1822 virgarum
1262 1725 1501 1826 compagibus
1513 1749 1633 1824 supe-

317 1864 404 1922 rant.
456 1849 559 1922 Tunc
573 1867 659 1920 vero
674 1841 818 1942 insignis
835 1845 1064 1944 quorundam
1081 1846 1245 1943 probitas
1258 1847 1336 1920 luit.
1375 1851 1465 1920 Nam
1482 1845 1634 1944 quidam

317 1993 360 2048 ex
376 1968 555 2068 equitibus
573 1967 680 2042 armis
698 1974 834 2058 onusti,
862 1966 976 2042 ductis
992 1985 1077 2067 post
1091 1992 1130 2040 se
1144 1971 1268 2065 equis,
1294 1969 1461 2067 passibus
1477 1968 1633 2044 incede-

317 2093 416 2184 bant,
433 2089 598 2192 agilitatis
614 2087 746 2163 fiducia
763 2115 873 2162 onera
888 2091 1042 2164 abiicere
1057 2106 1270 2164 recusantes.
1315 2096 1477 2185 Quorum
1494 2091 1633 2166 lactum

316 2195 601 2305 hoc'illustrius,
627 2239 702 2312 quo
726 2215 923 2288 inusitatius
939 2215 1057 2288 extitit.
1107 2213 1175 2286 Sed
1200 2231 1235 2288 et
1259 2217 1362 2313 equi,
1387 2213 1477 2288 dum
1496 2240 1633 2314 corpus

316 2336 450 2410 lacunis
465 2342 668 2410 immersum
682 2335 821 2412 avidius
838 2338 989 2436 erigunt,
1013 2333 1190 2409 interdum
1212 2334 1378 2412 ductores
1392 2337 1538 2438 ungulis
1552 2337 1633 2412 ob-

317 2475 437 2533 ruunt.
477 2460 552 2532 Rex
568 2464 655 2557 ipse,
673 2457 830 2534 duorum
844 2460 995 2533 militum
1012 2457 1171 2532 humeris
1184 2460 1334 2551 innixus,
1349 2459 1520 2536 omnibus
1528 2485 1634 2560 prte-

316 2599 370 2656 ter
386 2581 583 2678 proximam
599 2586 744 2680 corpori
761 2599 892 2658 vestem
912 2583 1063 2679 rejectis
1078 2605 1174 2679 aegre
1187 2579 1259 2654 limi
1276 2581 1459 2658 mollitiem
1474 2598 1634 2681 superat.

316 2707 412 2778 Raro
446 2727 607 2802 uuquam
635 2701 716 2801 plus
738 2703 881 2778 sudoris
908 2707 1045 2779 Danica
1074 2707 1187 2778 virtus
1211 2703 1387 2802 expendit.
1446 2709 1633 2806 lugentem

315 2825 481 2900 hostibus
506 2841 704 2925 peragratas
730 2824 875 2921 paludis
900 2825 1086 2899 admiratio
1114 2843 1299 2924 stuporem
1329 2830 1476 2916 invexit,
1506 2851 1635 2926 neque

261 2975 264 2982 ·
315 2947 384 3021 illis
401 2952 564 3020 resistere
582 2963 700 3022 tutum
720 2945 910 3041 ducebant,
935 2975 955 3021 a
979 2948 1112 3046 quibus
1134 2965 1169 3022 et
1192 2955 1306 3046 ipsam
1324 2974 1443 3022 rerum
1465 2966 1634 3023 naturam

316 3085 517 3168 superatam
544 3070 747 3142 cernebant.
812 3073 929 3144 Victor
957 3089 1060 3144 tantae
1088 3068 1300 3147 difficultatis
1329 3045 1637 3156 exeruttns'hand

315 3215 428 3282 secus,
443 3215 553 3290 quam
570 3198 597 3265 si
613 3189 752 3266 bostem
769 3191 925 3286 fudisset,
941 3191 1057 3266 alacer
1073 3192 1266 3266 incedebat
1317 3197 1480 3292 Ingentes
1496 3193 1640 3269 deinde

316 3311 436 3412 sylvas
449 3337 632 3407 emensus,
656 3315 902 3408 animadvertit
918 3318 1037 3388 vicum
1055 3331 1137 3416 apta
1155 3318 1304 3415 navigiis
1319 3315 1452 3415 palude
1466 3319 1641 3410 circum-

314 3434 450 3510 datum.
504 3439 537 3508 ls
552 3461 729 3532 aquarum
746 3454 872 3511 natura
888 3461 998 3536 quam
1017 3455 1090 3512 arte
1107 3439 1275 3513 munitior
1289 3456 1375 3532 erat,
1392 3465 1508 3540 eaque
1524 3441 1645 3518 dun—

283 3616 288 3632 .
313 3575 408 3632 taxat
421 3575 522 3655 parte
536 3557 671 3632 vallum
687 3557 853 3650 babebat,
872 3583 982 3658 quam
997 3587 1089 3660 pons
1108 3563 1332 3660 interipsum
1348 3578 1382 3633 et
1391 3565 1646 3640 continentem

312 3698 498 3780 porrectus
515 3681 693 3780 tangebat.
744 3683 849 3756 Hunc
865 3685 1030 3783 princeps
1054 3686 1167 3775 urbis,
1193 3688 1382 3787 Otimarus,
1407 3685 1647 3783 prohibendi

314 3804 431 3879 aditus
453 3807 574 3906 gratia,
599 3802 813 3880 adventante
829 3807 991 3899 exercitu,
1018 3805 1120 3881 undis
1143 3805 1239 3880 illico
1262 3832 1453 3906 exaequare
1479 3798 1649 3906 curavit,

313 3927 398 4002 solis
417 3931 577 4025 stipitum
593 3926 749 4026 reliqniis
764 3935 853 4002 inter
871 3954 1002 4028 aquam
1023 3927 1255 4026 manentibus.
1314 3933 1412 4024 Quas
1426 3934 1540 4006 nostri
1560 3959 1652 4012 ceu

312 4048 481 4152 quaedam
502 4049 646 4125 alterins
671 4053 790 4148 pontis
816 4051 972 4149 jaciendi
995 4051 1226 4127 fundamenta
1252 4056 1383 4145 sortiti,
1408 4057 1653 4156 propinquae

314 4173 407 4247 villae
421 4173 571 4272 sepibus
594 4171 796 4272 applicatis,
827 4173 1000 4272 paulatim
1018 4174 1268 4250 intermeandoe
1286 4175 1430 4275 paludis
1445 4203 1658 4277 compen,-

312 4295 412 4370 dium
431 4297 636 4372 moliuntur.
687 4298 805 4394 Hujus
823 4298 943 4394 itaque
960 4295 1028 4372 loci
1044 4303 1349 4398 oppugnationem
1368 4319 1442 4392 rex,
1459 4299 1661 4384 bonanae

311 4423 493 4492 moenium
506 4422 639 4520 inopia,
653 4443 857 4519 aggressus,
874 4419 1054 4494 Absalone
1071 4446 1156 4494 curu
1170 4424 1309 4522 majore
1325 4424 1505 4522 equitatus
1521 4447 1661 4524 parte

274 4639 280 4646 .
310 4539 513 4638 praedatum
545 4547 676 4633 misso,
713 4567 940 4640 quaecunque
966 4525 1210 4619 exaedificandi
1239 4552 1359 4647 pontis
1389 4547 1663 4630 instrumento

311 4679 518 4766 opportuna
535 4661 788 4755 animadvertit,
813 4690 956 4780 summo
972 4667 1113 4766 negotio
1129 4667 1316 4744 contrahit
1368 4669 1488 4767 Hujus
1503 4683 1666 4774 operis

309 4800 511 4860 contextum
527 4802 686 4860 verentes
703 4787 885 4886 oppidani,
906 4794 1094 4864 contractis
1111 4787 1271 4892 undique
1285 4790 1450 4888 sudibus,
1466 4791 1669 4895 ligneam
