3582 5466
371 293 446 369 llffi
707 295 883 368 HISTOR.
897 297 1156 371 mutuasti
1174 299 1247 370 ΧΠ.

319 505 402 580 tiam
427 503 677 600 praecucurrit,
712 502 935 600 Romamque
961 529 982 576 o
1006 503 1152 602 vestigio
1168 505 1314 602 potiris
1338 500 1399 582 ubi
1414 525 1530 580 muse
1546 519 1622 580 aare

318 623 477 716 examine
491 618 693 722 diligentius
708 621 844 718 habito,
860 626 1035 725 pontificis
1052 628 1488 725 accusationemputeuter
1503 647 1619 720 repu-

319 746 377 838 lit,
403 746 611 842 cuneusque
631 742 844 822 defensionis
867 747 1028 845 partibus
1054 763 1173 824 actore
1197 751 1360 847 superior
1384 745 1500 828 rediit
1548 750 1620 820 Nec

220 871 224 882 '
318 866 787 944 contentusefficacissimum
797 868 1168 946 causaedictioaissuae
1177 887 1483 970 propugnatorem
1492 869 1618 968 egisse,

267 1011 272 1018 ·
317 989 528 1066 adversariae
544 997 652 1089 partis
669 989 752 1066 odio
769 989 1001 1090 penetralium
1013 1015 1200 1066 sacrorum
1215 990 1325 1068 decus
1335 1009 1481 1066 esterno
1492 1015 1617 1066 sacer-

317 1112 417 1188 dotio
441 1112 643 1212 subjectum
667 1111 801 1186 babere
827 1135 954 1209 passus
976 1137 1048 1202 non
1070 1129 1133 1186 est.
1200 1113 1444 1206 Quamobrem
1466 1117 1617 1186 Romam

317 1237 536 1336 regressus⁴,
551 1251 627 1310 tum
644 1259 693 1327 se,
713 1249 787 1306 tum
803 1238 908 1309 etiam
923 1233 1435 1332 patriarnacdomesticasacra
1444 1235 1616 1311 saxonica

319 1357 522 1460 praelatione
535 1355 680 1432 liberari
695 1356 834 1454 petivit,
858 1381 903 1430 ne
921 1355 1098 1456 religionis
1112 1363 1247 1432 ratione
1266 1345 1397 1434 exteris
1418 1354 1616 1439 admodum

316 1481 469 1579 obsequi
485 1494 672 1579 cogeretur
694 1496 757 1554 aut
776 1481 853 1577 ejus
866 1479 1095 1588 'disciplinam
1121 1482 1168 1554 ab
1192 1481 1395 1578 alienigenis
1412 1465 1532 1580 petere
1548 1501 1619 1550 ne·-

317 1627 416 1680 cesse
433 1601 590 1676 haberet.
640 1607 712 1678 Nec
726 1601 905 1676 difficilem
921 1605 1029 1678 curiae
1052 1628 1264 1680 consensum
1281 1603 1416 1680 babuit.
1461 1601 1613 1696 Quaene

316 1725 547 1808 umanum
574 1726 690 1803 virum
712 1723 857 1824 repulsa
880 1724 1057 1815 afficeret,
1089 1746 1164 1802 tum
1190 1727 1385 1826 dignitatis,
1420 1743 1495 1801 tum
1511 1725 1615 1796 etiarn

317 1849 525 1950 fatigationis
557 1849 636 1946 ejus
660 1849 785 1922 intuitu
809 1862 921 1939 mota,
954 1850 1110 1946 petitioni
1143 1853 1282 1941 anuuit,
1315 1873 1426 1946 seque
1464 1871 1616 1946 regnum

208 1955 212 1962 ⁵
317 1977 426 2073 ipsius
442 1970 571 2048 summi
591 1967 776 2044 sacerdotii
803 1969 997 2068 insignibus
1023 1970 1272 2046 adornatarum
1286 1970 1489 2070 spopondit,
1507 1985 1616 2068 atque

315 2123 358 2172 ea
375 2096 633 2196 praetiosorum
648 2117 713 2191 spe
727 2117 848 2190 regem
867 2116 889 2164 a
909 2117 948 2166 se
964 2092 1196 2168 exhilaratum
1215 2094 1352 2170 dimisit.

447 2213 519 2288 Sed
532 2217 690 2290 tristioris
717 2215 866 2288 samanae
873 2269 885 2304 ,
923 2216 1024 2312 quod
1040 2220 1210 2314 sequitur.
1260 2223 1615 2311 Reuersusmamque

316 2345 452 2428 Eristos,
469 2363 551 2412 curn
568 2361 667 2412 more
683 2341 781 2437 regio
800 2335 897 2412 dorni
922 2339 957 2408 in
974 2339 1168 2437 propatulo
1191 2347 1388 2432 coenitaret,
1421 2342 1506 2410 inter
1526 2335 1614 2411 altos

316 2460 496 2562 quendam
513 2463 658 2536 musicae
674 2461 817 2534 rationis
844 2459 1085 2558 professorem
1101 2462 1226 2540 adesse
1242 2465 1392 2564 contigit.
1444 2462 1514 2554 Qui
1531 2485 1615 2536 cum

315 2584 427 2660 multa
442 2607 552 2681 super
569 2584 653 2656 artis
667 2605 742 2656 suae
759 2581 929 2656 laudibus
944 2581 1180 2681 disputasset,
1216 2589 1306 2662 inter
1323 2601 1446 2676 caetera
1464 2607 1613 2682 quoque

315 2733 486 2788 sanorum
502 2703 617 2780 modis
634 2702 794 2778 homines
810 2709 845 2774 in
861 2710 1045 2778 amentiam
1071 2706 1301 2806 furoremque
1327 2705 1480 2804 pertrahi
1509 2729 1614 2803 posse

313 2829 488 2908 firmabat.
538 2828 632 2920 Quin
648 2827 751 2902 etiarn
766 2841 877 2902 tantas
896 2825 1029 2902 fidibus
1044 2834 1133 2904 vires
1148 2833 1261 2904 inesse
1275 2828 1427 2922 dicebat,
1459 2845 1507 2923 ut,
1523 2854 1612 2926 per-

314 2957 425 3054 ceptis
440 2976 561 3026 earum
579 2948 892 3042 modulationibus,
914 2967 1064 3026 astantes
1082 2969 1196 3029 mente
1213 2969 1433 3030 constaturos
1457 2968 1612 3053 negaret.

315 3083 490 3176 Cumque,
507 3100 552 3148 an
569 3072 742 3172 ejusmodi
757 3099 825 3148 usu
840 3072 989 3162 calleret,
1009 3077 1240 3176 interrogatus
1265 3079 1426 3174 peritiam
1439 3077 1613 3166 fateretur,

292 3219 391 3276 tum
406 3197 572 3298 precibus
598 3199 707 3296 regis,
743 3211 818 3268 turn
842 3201 948 3270 etiarn
970 3199 1072 3274 minis
1094 3199 1259 3272 effectum
1276 3217 1490 3297 praesentare
1505 3226 1617 3285 conr-,

183 3343 189 3356 “
314 3322 465 3423 pellitur.
517 3323 586 3415 Qui
602 3346 685 3393 curn
709 3343 772 3392 nec
796 3319 971 3392 vecordiae
993 3337 1090 3394 metu
1115 3345 1181 3395 nec
1209 3321 1358 3420 periculi
1389 3323 1612 3422 praedictione

315 3452 545 3544 imperantem
563 3458 721 3518 avertere
734 3445 918 3542 potuisset,
951 3470 996 3516 ne
1012 3443 1122 3517 furori
1148 3441 1297 3518 nocendi
1310 3448 1455 3518 materia
1469 3471 1609 3546 suppe-

313 3713 417 3778 lutiles
433 3723 550 3790 ament,
579 3733 616 3776 ne
637 3714 789 3776 memoria
812 3713 933 3798 quidem
989 3713 1126 3790 (labbei,
1141 3715 1277 3780 Venetiia
1295 3716 1417 3778 rutilii
1429 3735 1461 3799 p.
1473 3713 1548 3795 711.)
1560 3715 1611 3778 ad-

312 3820 432 3886 traditm
456 3815 588 3882 luerunt.
640 3821 743 3882 inanes
764 3839 836 3882 vero
861 3830 933 3882 aurit
989 3832 1111 3882 notatur
1130 3819 1251 3904 quidem
1273 3820 1311 3883 de
1330 3820 1452 3886 Urbano
1466 3821 1619 3910 secundo,

312 3927 499 4011 conjecturae
512 3935 543 3988 st
565 3945 602 3986 nc
615 3924 789 4010 probabiles
801 3923 935 4010 quidem,
987 3951 1051 3989 eum
1058 3929 1186 3998 Erieum,
1200 3949 1294 4010 regem
1300 3931 1463 3998 Donamus,
1481 3953 1501 3990 o
1511 3931 1612 3990 hma-

312 4054 387 4118 quss
413 4045 535 4096 autores
567 4031 749 4096 recentiores
782 4031 820 4094 de
852 4031 933 4094 hisce
990 4055 1037 4104 ro,
1052 4033 1610 4118 amlripbeopoHamburgmer',Sclu-

312 4137 530 4222 sutplclonlbus
542 4137 717 4198 attulerunt.
744 4136 819 4216 (Vid
830 4139 936 4200 Grsm·
987 4142 1157 4200 matr'corum
1164 4139 1436 4225 prt'rtcr'pe,r'njurt't's
1447 4142 1610 4202 lacessitum

312 4243 415 4321 mium,
439 4255 503 4306 not.
525 4241 556 4306 in
576 4242 683 4307 histor.
699 4242 822 4306 Meursii
843 4245 934 4306 Dani·
987 4241 1134 4306 adsedem
1145 4245 1334 4328 apostolieum
1358 4245 1401 4304 lis
1415 4248 1610 4332 appellantem

312 4349 448 4412 moal.
462 4347 551 4430 227).
986 4352 1148 4412 damaim
1170 4353 1332 4434 excepisse,
1366 4371 1484 4433 eumque
1506 4369 1611 4414 metro·

876 4445 878 4452 ¹
981 4457 1110 4540 polr'tanr‘
1128 4457 1359 4538 Hamburgerrrr‘a
1378 4457 1552 4537 subjectioni
1561 4483 1611 4521 ex·
1689 4511 1696 4523 .

358 4565 499 4624 'Romam
515 4558 674 4644 regressus]
686 4561 783 4622 Aulus·
797 4556 931 4620 latoria
986 4566 1093 4624 enasse.
1119 4559 1180 4624 Sed
1195 4559 1254 4622 boc
1269 4561 1337 4624 loeo
1352 4583 1413 4623 non
1426 4561 1549 4642 dicitur,
1562 4583 1611 4626 re*

310 4669 543 4752 llnytlingorum
571 4665 694 4728 Ericum
724 4683 786 4726 non
808 4663 864 4726 nisi
885 4683 932 4726 se-
986 4687 1056 4750 gem
1072 4665 1118 4729 bia
1139 4677 1322 4750 praesentent
1342 4667 1525 4752 appellatam
1552 4670 1611 4753 igi·

312 4777 370 4839 mel
405 4777 533 4838 diurnam
566 4767 737 4858 proiectum
760 4781 877 4844 narrat,
900 4793 930 4852 p.
986 4772 1155 4855 turduplex
1165 4771 1247 4836 Erici
1264 4773 1498 4836 iterllomanum
1514 4776 1607 4838 solius

309 4877 456 4946 istaut.
515 4882 548 4942 ln
578 4877 704 4942 historia
731 4876 929 4940 consiliorum
984 4877 1109 4942 Sasonis
1128 4878 1301 4943 testimonio
1315 4881 1430 4944 nititur.
