3524 5460
518 337 666 410 SVENO
682 337 739 408 lll.
769 365 772 372 ⁴
800 341 1005 412 CANUTUS
1026 339 1066 412 V.
1323 343 1395 414 695

139 547 249 644 gessit.
275 545 441 618 Honores
449 546 587 646 qnippe
601 544 785 622 nobilibus
800 545 964 648 demptos
980 519 1213 624 histrionibus
1227 549 1446 644 deserebat¹‚

140 672 347 768 magnisque
373 682 409 740 et
435 665 632 743 illustribus
643 672 728 744 viris
744 695 765 744 a
779 669 886 742 latere
901 697 970 746 suo
989 673 1162 770 sepositis,
1186 674 1362 747 incorum
1381 675 1445 748 lo·

139 815 215 862 curn
234 793 394 888 turpium
411 806 446 863 et
466 789 761 866 effoeminatorum
788 792 957 866 familiam
979 794 1222 892 subrogabat,
1248 812 1286 869 ut
1301 797 1446 896 abjectu

139 915 316 1012 majorum
333 913 925 1012 minorumqueprovectuprorsus
940 920 1083 990 eximias
1091 919 1256 1014 potentiae
1264 943 1338 992 suae
1356 923 1447 996 vires

138 1033 345 1127 ostenderet,
371 1032 540 1132 ditatique
555 1033 734 1108 fortunam
752 1063 855 1112 suam
870 1039 1046 1114 beneficio
1070 1040 1183 1138 regis,
1206 1065 1278 1113 non
1296 1045 1446 1141 generis,

137 1157 359 1253 imputarent.
411 1159 484 1228 Nec
499 1156 693 1231 insolentiae
709 1161 788 1258 ejus
804 1167 969 1235 avaritia²
993 1159 1113 1236 deluit.
1175 1161 1358 1260 Siquidem
1382 1163 1447 1238 lu-

136 1303 236 1351 crosa
250 1279 318 1353 sibi
337 1277 481 1351 illorum
499 1277 581 1370 fata,
607 1307 766 1378 quorum
781 1283 878 1357 bona
902 1289 1071 1374 auxisset,
1097 1285 1288 1375 constituit,
1315 1286 1445 1386 pupil-

136 1399 347 1500 lorumque,
372 1401 581 1500 parentibus
603 1407 782 1498 emortuis,
806 1407 979 1505 expilator
993 1407 1136 1480 evasit³.
1195 1411 1321 1507 Neque
1344 1409 1445 1482 nesas

136 1521 234 1596 duxit
251 1547 375 1595 eorum
399 1521 531 1598 liberos
549 1531 696 1626 egestati
713 1527 904 1627 subjicere,
929 1555 1084 1627 quorum
1102 1553 1213 1628 opera
1239 1532 1338 1628 regni
1357 1553 1446 1628 opes

136 1651 212 1745 ipse
226 1647 425 1745 susceperit.
486 1651 588 1746 Ipsos
603 1675 755 1749 quoque
769 1649 908 1744 milites,
925 1656 1025 1748 prius
1041 1677 1060 1724 a
1078 1677 1118 1730 sc
1136 1650 1383 1750 locupletatos,
1398 1649 1445 1723 ad

136 1767 240 1844 rilem
254 1771 472 1868 paupertatis
491 1787 620 1844 statum
636 1773 797 1847 beneficii
817 1781 871 1848 sui
890 1778 1095 1872 poenitentia
1119 1771 1317 1876 adductus*
1342 1775 1444 1870 reje-

136 1897 189 1967 cit.
241 1895 334 1986 Quin
353 1895 469 1984 etiam,
486 1895 635 1993 ingentis
652 1896 821 1972 clientelae
840 1903 1031 1971 voracitate
1045 1893 1266 1994 compulsus,
1290 1897 1445 1992 provin-

135 2015 235 2089 cialia
256 2019 448 2088 ministeria
466 2021 723 2118 impensasque
740 2021 788 2093 ab
812 2019 1010 2119 agrestibus
1026 2021 1154 2093 arctius
1180 2021 1316 2118 exigere
1331 2017 1444 2114 caepit.

133 2143 257 2237 ltaque
274 2137 362 2210 dum
378 2135 527 2211 militum
542 2138 660 2214 luxui⁵
682 2141 842 2232 consulit,
860 2141 978 2241 plebis
991 2145 1153 2216 lavorem
1169 2145 1301 2214 amittit.
1340 2144 1443 2212 Prae-

132 2279 231 2336 terea
243 2263 565 2336 controversiarum
579 2265 851 2362 jura⁶,eatcnus
866 2267 1075 2342 sacramenti
1091 2264 1261 2364 religione
1280 2264 1445 2353 subnixa,

179 2573 402 2634 'Hr'stnonihus
418 2567 579 2654 deserebat]
590 2572 690 2636 Etiam
703 2594 760 2658 po·
865 2577 1072 2662 ³Pupr'llurum
1164 2577 1312 2659 expilatur
1336 2565 1443 2650 evasit]

133 2691 181 2742 cta
192 2675 345 2758 islandus,
372 2675 501 2742 Einarus
517 2677 595 2741 filius
608 2679 760 2762 stratonis,
819 2685 930 2746 Noster
951 2681 1024 2744 vitio
1055 2679 1147 2744 vertit
1173 2675 1324 2756 avenant,
1360 2673 1443 2762 quod

134 2786 248 2848 taxavit
280 2783 470 2862 Sicuonem,
506 2785 607 2870 quod,
638 2787 759 2850 ratibus
818 2787 934 2876 praedia
948 2783 1125 2874 parentibus
1139 2783 1257 2871 praemii
1281 2785 1350 2846 loco
1370 2801 1443 2844 con-

131 2889 291 2978 neglectis‚
308 2889 377 2973 plns
395 2887 569 2952 tibicinibns
583 2891 759 2956 listulatori·
819 2915 901 2958 cessa
919 2892 1110 2957 haereditaria
1137 2909 1200 2954 asse
1214 2889 1364 2968 uoluerit,
1389 2880 1442 2950 sed

130 2995 251 3080 busque
272 2993 416 3058 tribuerit
436 2993 605 3082 (linylling.
626 3023 657 3084 p.
670 2993 757 3083 352).
816 2999 1000 3067 subtraxerit
1016 2999 1127 3061 liberis:

131 3105 281 3190 viguerat
295 3099 412 3165 scilicet
426 3101 459 3162 in
478 3101 553 3164 aulis
571 3121 678 3188 regum
699 3104 755 3168 bo·
861 3111 935 3170 ‘Ad
944 3111 1131 3195 paupertatis
1155 3100 1279 3184 statum]
1301 3099 1443 3164 Forsitan

130 3213 347 3286 redieramus,
368 3220 402 3271 nt
423 3207 534 3272 milites
549 3208 646 3274 nobili
665 3231 756 3294 gene·
816 3211 942 3278 Saxonis
971 3231 1055 3274 mens
1079 3210 1146 3272 bac
1171 3222 1232 3287 est,
1273 3209 1444 3271 Sicuonem

129 3335 164 3380 re
181 3318 245 3380 orti
264 3330 405 3402 tanquam
424 3337 535 3382 mensae
554 3317 648 3400 regias
669 3317 758 3378 mini·

129 3423 186 3486 stri
218 3435 251 3485 et
273 3421 390 3487 fercula
416 3425 482 3509 regi
509 3435 700 3508 apponerent
725 3435 756 3486 et

128 3541 240 3614 potum
271 3529 472 3614 propinarent
500 3527 758 3610 (Sltutilsrcinar).

129 3632 263 3702 Videtur
283 3635 376 3718 igitur
400 3639 511 3715 sveno,
535 3635 679 3699 ministris
710 3637 756 3698 bis

127 3739 324 3824 gravioribus
352 3741 459 3820 missis,
482 3743 652 3826 exemplum
675 3761 760 3804 secu·

128 3857 183 3907 tus
209 3845 383 3930 principum
411 3849 677 3927 Germanicorum,
704 3849 757 3932 qul

125 3951 257 4031 mimos,
285 3952 483 4016 ministrellos
535 3954 757 4038 histrionesque

126 4058 166 4120 in
190 4055 304 4121 deliciis
323 4058 486 4138 babentes,
508 4061 584 4122 talea
611 4059 756 4122 adhibue-

126 4163 197 4226 rint
213 4184 324 4228 mensae
342 4165 527 4250 quotidianae
541 4167 704 4228 ministros.

180 4273 257 4334 'Nec
272 4275 431 4334 rinolentiae
444 4275 507 4354 ejus
519 4269 662 4351 auaritia]
679 4272 756 4333 lllul-

124 4389 167 4437 to
188 4373 290 4440 durias
304 4375 343 4438 dc
361 4380 502 4440 Svenone
522 4375 669 4460 judicarit
683 4378 757 4439 Hel·

123 4479 262 4562 molins,
282 4481 350 4546 bac
362 4481 495 4546 scribens
517 4485 537 4546 l.
553 4504 578 4548 c.
597 4481 649 4546 lib.
662 4487 674 4545 1
689 4503 755 4567 cap.

119 4581 195 4648 84:
212 4587 310 4661 San,
323 4591 474 4652 Bonorum
490 4615 554 4664 rea,
575 4606 605 4654 et
619 4595 757 4654 critonia-

105 4715 200 4756 sam
218 4698 369 4782 prosperis
388 4697 562 4758 successibus
582 4713 611 4760 et
631 4697 757 4761 Caesares

116 4802 293 4861 autoritate
302 4803 446 4884 firmatus
465 4807 495 4865 in
516 4827 649 4888 regnum,
669 4821 757 4888 gente

117 4923 195 4966 sua
207 4908 359 4971 crudeliter
372 4909 479 4971 atum
498 4923 550 4971 est.

818 3320 903 3406 larga
927 3317 1076 3404 stipendia
1108 3315 1255 3379 militibus
1286 3325 1442 3378 numerata

816 3425 997 3490 subtraxisse
1021 3437 1111 3510 atque
1135 3422 1263 3485 militem
1288 3418 1444 3482 conducti·

817 3533 893 3595 tinm
914 3530 1041 3616 egestati
1058 3530 1223 3614 reliquisse.

863 3635 1118 3714 ‘Mc'lr'tnmlaaur‘l
1133 3635 1342 3698 Palatinorum
1354 3645 1444 3717 puta3

818 3743 868 3806 bic
886 3743 966 3805 enirn
984 3763 1084 3805 sermo
1105 3755 1150 3803 est
1173 3739 1210 3804 de
1231 3741 1303 3802 luxu
1320 3741 1352 3801 in
1377 3739 1443 3800 aula

816 3849 917 3932 regia,
960 3848 1076 3911 reditus
1099 3844 1323 3931 provinciarum
1352 3843 1444 3904 devo·

818 3967 915 4018 rante.

862 4062 1157 4124 ‘Controuersiarum
1173 4053 1260 4139 jura]
1288 4057 1366 4116 Hoec
1394 4071 1442 4113 ac-

818 4165 933 4231 cusatio
947 4165 1028 4228 haud
1050 4163 1141 4227 dubie
1158 4182 1226 4224 curn
1247 4155 1443 4243 sequentibus

818 4285 901 4336 arcte
921 4273 1065 4350 cohaeret,
1079 4284 1110 4333 et
1121 4269 1270 4332 rationem
1285 4266 1349 4350 ejus
1365 4263 1443 4326 hane

814 4379 893 4440 mihi
909 4399 1080 4462 compono:
1112 4377 1212 4438 AEtate
1229 4371 1377 4436 Svenonis
1394 4389 1443 4434 re-

818 4493 898 4545 tnsta
917 4483 1051 4546 nondum
1069 4482 1159 4567 plane
1183 4479 1353 4542 exoleverat
1371 4497 1442 4541 con-

817 4589 955 4668 suetudo,
975 4611 1033 4673 qua
1049 4607 1136 4671 reges
1150 4589 1306 4649 Danorum
1324 4585 1384 4670 ipsi
1397 4585 1443 4646 in·

818 4693 938 4758 tardum
952 4696 984 4757 in
998 4693 1069 4758 soro
1085 4692 1224 4758 sedentes
1236 4693 1284 4777 jus
1297 4691 1441 4756 dicerent.

819 4799 1015 4864 Accedebant
1029 4801 1123 4886 igitur
1141 4799 1295 4882 litigantes
1312 4797 1348 4860 ad
1369 4797 1441 4859 soli·

819 4927 869 4971 um
885 4908 979 4994 regis,
1010 4927 1128 4972 causam
1142 4925 1227 5004 suam
1247 4903 1361 4982 acturi,
1387 4901 1440 4964 ille
