<?xml version="1.0" encoding="UTF-8"?>
<!DOCTYPE html PUBLIC "-//W3C//DTD XHTML 1.0 Transitional//EN"
    "http://www.w3.org/TR/xhtml1/DTD/xhtml1-transitional.dtd">
<html xmlns="http://www.w3.org/1999/xhtml" xml:lang="en" lang="en">
 <head>
  <title>
</title>
<meta http-equiv="Content-Type" content="text/html;charset=utf-8" />
  <meta name='ocr-system' content='tesseract 3.04.00' />
  <meta name='ocr-capabilities' content='ocr_page ocr_carea ocr_par ocr_line ocrx_word'/>
</head>
<body>
  <div class='ocr_page' id='page_1' title='image "./historiadanica01velsgoog_0113.png"; bbox 0 0 3524 5460; ppageno 0'>
   <div class='ocr_carea' id='block_1_1' title="bbox 325 283 1217 364">
    <p class='ocr_par' dir='ltr' id='par_1_1' title="bbox 325 283 1217 364">
     <span class='ocr_line' id='line_1_1' title="bbox 325 283 1217 364; baseline -0.007 0"><span class='ocrx_word' id='word_1_1' title='bbox 325 287 400 364; x_wconf 77' lang='grc'><strong>650</strong></span> <span class='ocrx_word' id='word_1_2' title='bbox 657 285 833 358; x_wconf 82' lang='lat' dir='ltr'><strong>HISTOR.</strong></span> <span class='ocrx_word' id='word_1_3' title='bbox 847 287 954 358; x_wconf 77' lang='lat' dir='ltr'><strong>DAN.</strong></span> <span class='ocrx_word' id='word_1_4' title='bbox 974 283 1114 356; x_wconf 85' lang='lat' dir='ltr'>LIBER</span> <span class='ocrx_word' id='word_1_5' title='bbox 1127 285 1217 358; x_wconf 78' lang='lat' dir='ltr'><strong>Xlll</strong></span> 
     </span>
    </p>
   </div>
   <div class='ocr_carea' id='block_1_2' title="bbox 173 489 1600 3781">
    <p class='ocr_par' dir='ltr' id='par_1_2' title="bbox 173 489 1600 3781">
     <span class='ocr_line' id='line_1_2' title="bbox 277 489 1588 595; baseline -0.007 -23"><span class='ocrx_word' id='word_1_6' title='bbox 277 497 450 574; x_wconf 81' lang='lat' dir='ltr'><strong>adversus</strong></span> <span class='ocrx_word' id='word_1_7' title='bbox 466 498 608 570; x_wconf 88' lang='lat' dir='ltr'><strong>Ericum</strong></span> <span class='ocrx_word' id='word_1_8' title='bbox 635 519 744 594; x_wconf 91' lang='lat' dir='ltr'><strong>quam</strong></span> <span class='ocrx_word' id='word_1_9' title='bbox 760 495 853 568; x_wconf 84' lang='lat' dir='ltr'><strong>Erici</strong></span> <span class='ocrx_word' id='word_1_10' title='bbox 867 496 1154 595; x_wconf 80' lang='lat' dir='ltr'><strong>impugnatorem</strong></span> <span class='ocrx_word' id='word_1_11' title='bbox 1172 489 1332 566; x_wconf 80' lang='lat' dir='ltr'><strong>ardebat.</strong></span> <span class='ocrx_word' id='word_1_12' title='bbox 1371 493 1496 590; x_wconf 85' lang='lat' dir='ltr'><strong>ltaque</strong></span> <span class='ocrx_word' id='word_1_13' title='bbox 1508 513 1588 564; x_wconf 78' lang='lat' dir='ltr'><strong>noa</strong></span> 
     </span>
     <span class='ocr_line' id='line_1_3' title="bbox 278 601 1591 720; baseline -0.008 -24"><span class='ocrx_word' id='word_1_14' title='bbox 278 621 397 696; x_wconf 90' lang='lat' dir='ltr'><strong>solum</strong></span> <span class='ocrx_word' id='word_1_15' title='bbox 415 622 493 720; x_wconf 73' lang='lat' dir='ltr'><strong>ejus</strong></span> <span class='ocrx_word' id='word_1_16' title='bbox 510 615 608 692; x_wconf 79' lang='lat' dir='ltr'><strong>aima</strong></span> <span class='ocrx_word' id='word_1_17' title='bbox 623 616 787 708; x_wconf 79' lang='lat' dir='ltr'><strong>deceruit,</strong></span> <span class='ocrx_word' id='word_1_18' title='bbox 800 616 865 691; x_wconf 87' lang='lat' dir='ltr'><strong>sed</strong></span> <span class='ocrx_word' id='word_1_19' title='bbox 879 601 1300 713; x_wconf 65' lang='lat' dir='ltr'><strong>etiam,quo&#39;validiorem</strong></span> <span class='ocrx_word' id='word_1_20' title='bbox 1313 611 1459 688; x_wconf 81' lang='lat' dir='ltr'><strong>Nicolao</strong></span> <span class='ocrx_word' id='word_1_21' title='bbox 1475 637 1591 712; x_wconf 84' lang='lat' dir='ltr'><strong>opem</strong></span> 
     </span>
     <span class='ocr_line' id='line_1_4' title="bbox 279 735 1591 844; baseline -0.008 -26"><span class='ocrx_word' id='word_1_22' title='bbox 279 741 512 844; x_wconf 83' lang='lat' dir='ltr'>impenderet,</span> <span class='ocrx_word' id='word_1_23' title='bbox 524 739 718 831; x_wconf 84' lang='lat' dir='ltr'><strong>castellum,</strong></span> <span class='ocrx_word' id='word_1_24' title='bbox 743 737 844 838; x_wconf 91' lang='lat' dir='ltr'><strong>quod</strong></span> <span class='ocrx_word' id='word_1_25' title='bbox 861 741 898 812; x_wconf 91' lang='lat' dir='ltr'><strong>in</strong></span> <span class='ocrx_word' id='word_1_26' title='bbox 913 735 1137 812; x_wconf 84' lang='lat' dir='ltr'><strong>Roslrildensi</strong></span> <span class='ocrx_word' id='word_1_27' title='bbox 1154 738 1334 815; x_wconf 85' lang='lat' dir='ltr'><strong>suburbio</strong></span> <span class='ocrx_word' id='word_1_28' title='bbox 1348 735 1502 827; x_wconf 75' lang='lat' dir='ltr'><strong>molitus</strong></span> <span class='ocrx_word' id='word_1_29' title='bbox 1518 735 1591 808; x_wconf 88' lang='lat' dir='ltr'><strong>iu-</strong></span> 
     </span>
     <span class='ocr_line' id='line_1_5' title="bbox 173 831 1595 963; baseline -0.006 -22"><span class='ocrx_word' id='word_1_30' title='bbox 173 852 174 861; x_wconf 31' lang='lat'><em>*</em></span> <span class='ocrx_word' id='word_1_31' title='bbox 281 881 374 959; x_wconf 87' lang='lat' dir='ltr'><strong>erat,</strong></span> <span class='ocrx_word' id='word_1_32' title='bbox 395 865 611 963; x_wconf 77' lang='lat' dir='ltr'><strong>impensiore</strong></span> <span class='ocrx_word' id='word_1_33' title='bbox 628 831 847 936; x_wconf 76' lang='lat' dir='ltr'><strong>munimcbto</strong></span> <span class='ocrx_word' id='word_1_34' title='bbox 867 859 1029 954; x_wconf 86' lang='lat' dir='ltr'><strong>vallavit,</strong></span> <span class='ocrx_word' id='word_1_35' title='bbox 1056 859 1224 934; x_wconf 85' lang='lat' dir='ltr'><strong>invidiam</strong></span> <span class='ocrx_word' id='word_1_36' title='bbox 1246 860 1399 934; x_wconf 85' lang='lat' dir='ltr'><strong>iratema</strong></span> <span class='ocrx_word' id='word_1_37' title='bbox 1423 855 1595 957; x_wconf 87' lang='lat' dir='ltr'><strong>praelati-</strong></span> 
     </span>
     <span class='ocr_line' id='line_1_6' title="bbox 281 979 1593 1084; baseline -0.006 -22"><span class='ocrx_word' id='word_1_38' title='bbox 281 1015 353 1064; x_wconf 89' lang='lat' dir='ltr'><strong>one</strong></span> <span class='ocrx_word' id='word_1_39' title='bbox 376 1001 584 1084; x_wconf 76' lang='lat' dir='ltr'><strong>conceptam</strong></span> <span class='ocrx_word' id='word_1_40' title='bbox 609 983 758 1083; x_wconf 89' lang='lat' dir='ltr'><strong>perfidia</strong></span> <span class='ocrx_word' id='word_1_41' title='bbox 779 981 985 1058; x_wconf 84' lang='lat' dir='ltr'><strong>deiectionis</strong></span> <span class='ocrx_word' id='word_1_42' title='bbox 999 987 1182 1057; x_wconf 75' lang='lat' dir='ltr'><strong>exsatims.</strong></span> <span class='ocrx_word' id='word_1_43' title='bbox 1241 979 1339 1056; x_wconf 83' lang='lat' dir='ltr'><strong>Idem</strong></span> <span class='ocrx_word' id='word_1_44' title='bbox 1366 1005 1450 1054; x_wconf 85' lang='lat' dir='ltr'><strong>cum</strong></span> <span class='ocrx_word' id='word_1_45' title='bbox 1464 980 1593 1054; x_wconf 79' lang='lat' dir='ltr'><strong>Ericus</strong></span> 
     </span>
     <span class='ocr_line' id='line_1_7' title="bbox 282 1101 1593 1211; baseline -0.007 -26"><span class='ocrx_word' id='word_1_46' title='bbox 282 1135 411 1211; x_wconf 83' lang='lat' dir='ltr'><strong>magna</strong></span> <span class='ocrx_word' id='word_1_47' title='bbox 435 1107 717 1182; x_wconf 86' lang='lat' dir='ltr'><strong>Sialaudeusium</strong></span> <span class='ocrx_word' id='word_1_48' title='bbox 737 1131 854 1199; x_wconf 57' lang='lat' dir='ltr'><strong>mauu,</strong></span> <span class='ocrx_word' id='word_1_49' title='bbox 868 1129 936 1206; x_wconf 90' lang='lat' dir='ltr'><strong>per</strong></span> <span class='ocrx_word' id='word_1_50' title='bbox 958 1103 1410 1195; x_wconf 84' lang='lat' dir='ltr'><strong>obsidionemclausiaset,</strong></span> <span class='ocrx_word' id='word_1_51' title='bbox 1432 1101 1593 1202; x_wconf 87' lang='lat' dir='ltr'><strong>vallique</strong></span> 
     </span>
     <span class='ocr_line' id='line_1_8' title="bbox 281 1223 1593 1326; baseline -0.008 -17"><span class='ocrx_word' id='word_1_52' title='bbox 281 1232 500 1309; x_wconf 86' lang='lat' dir='ltr'><strong>firmioribus</strong></span> <span class='ocrx_word' id='word_1_53' title='bbox 519 1228 715 1304; x_wconf 79' lang='lat' dir='ltr'><strong>obstaculis</strong></span> <span class='ocrx_word' id='word_1_54' title='bbox 730 1243 880 1304; x_wconf 89' lang='lat' dir='ltr'><strong>conatus</strong></span> <span class='ocrx_word' id='word_1_55' title='bbox 902 1251 988 1302; x_wconf 87' lang='lat' dir='ltr'><strong>suos</strong></span> <span class='ocrx_word' id='word_1_56' title='bbox 1014 1225 1213 1302; x_wconf 86' lang='lat' dir='ltr'><strong>admodum</strong></span> <span class='ocrx_word' id='word_1_57' title='bbox 1236 1223 1448 1326; x_wconf 84' lang='lat' dir='ltr'><strong>interpellari</strong></span> <span class='ocrx_word' id='word_1_58' title='bbox 1480 1223 1593 1299; x_wconf 84' lang='lat' dir='ltr'><strong>vide-</strong></span> 
     </span>
     <span class='ocr_line' id='line_1_9' title="bbox 283 1347 1592 1452; baseline -0.006 -22"><span class='ocrx_word' id='word_1_59' title='bbox 283 1372 355 1448; x_wconf 88' lang='lat' dir='ltr'><strong>ret,</strong></span> <span class='ocrx_word' id='word_1_60' title='bbox 375 1377 396 1430; x_wconf 89' lang='lat' dir='ltr'><strong>a</strong></span> <span class='ocrx_word' id='word_1_61' title='bbox 418 1351 637 1442; x_wconf 83' lang='lat' dir='ltr'><strong>Saxonibus,</strong></span> <span class='ocrx_word' id='word_1_62' title='bbox 662 1355 723 1450; x_wconf 90' lang='lat' dir='ltr'><strong>qui</strong></span> <span class='ocrx_word' id='word_1_63' title='bbox 738 1349 934 1426; x_wconf 77' lang='lat' dir='ltr'><strong>Roskildiae</strong></span> <span class='ocrx_word' id='word_1_64' title='bbox 949 1349 1146 1452; x_wconf 77' lang='lat' dir='ltr'><strong>degebant,</strong></span> <span class='ocrx_word' id='word_1_65' title='bbox 1166 1365 1422 1424; x_wconf 89' lang='lat' dir='ltr'><strong>tormentomm</strong></span> <span class='ocrx_word' id='word_1_66' title='bbox 1445 1347 1592 1422; x_wconf 82' lang='lat' dir='ltr'><strong>artificia</strong></span> 
     </span>
     <span class='ocr_line' id='line_1_10' title="bbox 284 1472 1594 1572; baseline -0.008 -20"><span class='ocrx_word' id='word_1_67' title='bbox 284 1492 477 1568; x_wconf 87' lang='lat' dir='ltr'><strong>mutuatus,</strong></span> <span class='ocrx_word' id='word_1_68' title='bbox 499 1472 708 1548; x_wconf 86' lang='lat' dir='ltr'><strong>domesticas</strong></span> <span class='ocrx_word' id='word_1_69' title='bbox 728 1475 821 1548; x_wconf 86' lang='lat' dir='ltr'><strong>vires</strong></span> <span class='ocrx_word' id='word_1_70' title='bbox 838 1480 991 1548; x_wconf 85' lang='lat' dir='ltr'><strong>externis</strong></span> <span class='ocrx_word' id='word_1_71' title='bbox 1013 1473 1207 1548; x_wconf 85' lang='lat' dir='ltr'><strong>cumulavit</strong></span> <span class='ocrx_word' id='word_1_72' title='bbox 1228 1475 1385 1572; x_wconf 78' lang='lat' dir='ltr'><strong>ingeniis</strong></span> <span class='ocrx_word' id='word_1_73' title='bbox 1445 1475 1594 1569; x_wconf 86' lang='lat' dir='ltr'><strong>Quippe</strong></span> 
     </span>
     <span class='ocr_line' id='line_1_11' title="bbox 285 1591 1592 1688; baseline -0.006 -14"><span class='ocrx_word' id='word_1_74' title='bbox 285 1601 408 1688; x_wconf 82' lang='lat' dir='ltr'><strong>nostri,</strong></span> <span class='ocrx_word' id='word_1_75' title='bbox 431 1621 553 1670; x_wconf 89' lang='lat' dir='ltr'><strong>rerum</strong></span> <span class='ocrx_word' id='word_1_76' title='bbox 576 1593 696 1668; x_wconf 88' lang='lat' dir='ltr'><strong>adhuc</strong></span> <span class='ocrx_word' id='word_1_77' title='bbox 713 1594 913 1669; x_wconf 85' lang='lat' dir='ltr'><strong>militarium</strong></span> <span class='ocrx_word' id='word_1_78' title='bbox 936 1595 1057 1688; x_wconf 88' lang='lat' dir='ltr'><strong>rudes,</strong></span> <span class='ocrx_word' id='word_1_79' title='bbox 1073 1592 1292 1670; x_wconf 85' lang='lat' dir='ltr'><strong>mrotalium</strong></span> <span class='ocrx_word' id='word_1_80' title='bbox 1311 1609 1379 1670; x_wconf 85' lang='lat' dir='ltr'><strong>usu</strong></span> <span class='ocrx_word' id='word_1_81' title='bbox 1403 1591 1592 1670; x_wconf 85' lang='lat' dir='ltr'><strong>callebam.</strong></span> 
     </span>
     <span class='ocr_line' id='line_1_12' title="bbox 285 1715 1595 1820; baseline -0.004 -26"><span class='ocrx_word' id='word_1_82' title='bbox 285 1725 443 1794; x_wconf 87' lang='lat' dir='ltr'><strong>Primum</strong></span> <span class='ocrx_word' id='word_1_83' title='bbox 466 1719 589 1816; x_wconf 88' lang='lat' dir='ltr'><strong>itaque</strong></span> <span class='ocrx_word' id='word_1_84' title='bbox 610 1741 746 1808; x_wconf 86' lang='lat' dir='ltr'><strong>saxum,</strong></span> <span class='ocrx_word' id='word_1_85' title='bbox 769 1741 900 1816; x_wconf 92' lang='lat' dir='ltr'><strong>parum</strong></span> <span class='ocrx_word' id='word_1_86' title='bbox 923 1735 1050 1820; x_wconf 83' lang='lat' dir='ltr'><strong>vegeto</strong></span> <span class='ocrx_word' id='word_1_87' title='bbox 1064 1722 1164 1819; x_wconf 88' lang='lat' dir='ltr'><strong>jactu</strong></span> <span class='ocrx_word' id='word_1_88' title='bbox 1189 1715 1475 1792; x_wconf 90' lang='lat' dir='ltr'><strong>machinamento</strong></span> <span class='ocrx_word' id='word_1_89' title='bbox 1498 1741 1595 1817; x_wconf 76' lang='lat' dir='ltr'><strong>ege-</strong></span> 
     </span>
     <span class='ocr_line' id='line_1_13' title="bbox 287 1837 1594 1941; baseline -0.004 -23"><span class='ocrx_word' id='word_1_90' title='bbox 287 1857 382 1918; x_wconf 85' lang='lat' dir='ltr'><strong>stum</strong></span> <span class='ocrx_word' id='word_1_91' title='bbox 414 1845 574 1938; x_wconf 88' lang='lat' dir='ltr'><strong>citraque</strong></span> <span class='ocrx_word' id='word_1_92' title='bbox 602 1837 684 1912; x_wconf 89' lang='lat' dir='ltr'><strong>valli</strong></span> <span class='ocrx_word' id='word_1_93' title='bbox 702 1842 1004 1938; x_wconf 85' lang='lat' dir='ltr'><strong>propinquitatem</strong></span> <span class='ocrx_word' id='word_1_94' title='bbox 1020 1841 1234 1941; x_wconf 88' lang='lat' dir='ltr'><strong>collapsum,</strong></span> <span class='ocrx_word' id='word_1_95' title='bbox 1256 1839 1594 1916; x_wconf 77' lang='lat' dir='ltr'><strong>ludibriocastaen-</strong></span> 
     </span>
     <span class='ocr_line' id='line_1_14' title="bbox 287 1959 1593 2066; baseline -0.003 -25"><span class='ocrx_word' id='word_1_96' title='bbox 287 1965 387 2042; x_wconf 85' lang='lat' dir='ltr'><strong>sibus</strong></span> <span class='ocrx_word' id='word_1_97' title='bbox 404 1963 480 2036; x_wconf 86' lang='lat' dir='ltr'><strong>suit.</strong></span> <span class='ocrx_word' id='word_1_98' title='bbox 529 1959 724 2060; x_wconf 72' lang='lat' dir='ltr'><strong>Siquidem,</strong></span> <span class='ocrx_word' id='word_1_99' title='bbox 739 1963 840 2066; x_wconf 86' lang='lat' dir='ltr'><strong>irrisa</strong></span> <span class='ocrx_word' id='word_1_100' title='bbox 858 1967 1019 2037; x_wconf 90' lang='lat' dir='ltr'><strong>tormenti</strong></span> <span class='ocrx_word' id='word_1_101' title='bbox 1037 1969 1089 2055; x_wconf 83' lang='lat' dir='ltr'><strong>vi,</strong></span> <span class='ocrx_word' id='word_1_102' title='bbox 1115 1962 1297 2039; x_wconf 77' lang='lat' dir='ltr'><strong>ulteriores</strong></span> <span class='ocrx_word' id='word_1_103' title='bbox 1316 1966 1393 2063; x_wconf 87' lang='lat' dir='ltr'><strong>ejus</strong></span> <span class='ocrx_word' id='word_1_104' title='bbox 1416 1962 1593 2062; x_wconf 84' lang='lat' dir='ltr'><strong>impulsus</strong></span> 
     </span>
     <span class='ocr_line' id='line_1_15' title="bbox 289 2083 1595 2185; baseline -0.002 -25"><span class='ocrx_word' id='word_1_105' title='bbox 289 2092 404 2162; x_wconf 88' lang='lat' dir='ltr'><strong>irritos</strong></span> <span class='ocrx_word' id='word_1_106' title='bbox 421 2083 699 2185; x_wconf 85' lang='lat' dir='ltr'><strong>augurabantur.</strong></span> <span class='ocrx_word' id='word_1_107' title='bbox 749 2083 949 2158; x_wconf 84' lang='lat' dir='ltr'><strong>Secundum</strong></span> <span class='ocrx_word' id='word_1_108' title='bbox 964 2092 1138 2160; x_wconf 86' lang='lat' dir='ltr'><strong>incitatius</strong></span> <span class='ocrx_word' id='word_1_109' title='bbox 1151 2103 1269 2162; x_wconf 90' lang='lat' dir='ltr'><strong>aetum</strong></span> <span class='ocrx_word' id='word_1_110' title='bbox 1289 2111 1332 2161; x_wconf 90' lang='lat' dir='ltr'><strong>ac</strong></span> <span class='ocrx_word' id='word_1_111' title='bbox 1346 2087 1496 2162; x_wconf 85' lang='lat' dir='ltr'><strong>mirifico</strong></span> <span class='ocrx_word' id='word_1_112' title='bbox 1510 2089 1595 2162; x_wconf 89' lang='lat' dir='ltr'><strong>cui·</strong></span> 
     </span>
     <span class='ocr_line' id='line_1_16' title="bbox 288 2208 1594 2307; baseline 0 -23"><span class='ocrx_word' id='word_1_113' title='bbox 288 2209 373 2284; x_wconf 91' lang='lat' dir='ltr'><strong>dam</strong></span> <span class='ocrx_word' id='word_1_114' title='bbox 393 2223 485 2282; x_wconf 88' lang='lat' dir='ltr'><strong>tecto</strong></span> <span class='ocrx_word' id='word_1_115' title='bbox 506 2231 663 2306; x_wconf 88' lang='lat' dir='ltr'><strong>superne</strong></span> <span class='ocrx_word' id='word_1_116' title='bbox 681 2213 883 2307; x_wconf 85' lang='lat' dir='ltr'><strong>impactum,</strong></span> <span class='ocrx_word' id='word_1_117' title='bbox 912 2208 1073 2307; x_wconf 89' lang='lat' dir='ltr'><strong>pondere</strong></span> <span class='ocrx_word' id='word_1_118' title='bbox 1101 2223 1134 2282; x_wconf 90' lang='lat' dir='ltr'><strong>et</strong></span> <span class='ocrx_word' id='word_1_119' title='bbox 1163 2211 1309 2284; x_wconf 89' lang='lat' dir='ltr'><strong>incussu</strong></span> <span class='ocrx_word' id='word_1_120' title='bbox 1344 2235 1412 2285; x_wconf 91' lang='lat' dir='ltr'><strong>suo</strong></span> <span class='ocrx_word' id='word_1_121' title='bbox 1432 2209 1594 2284; x_wconf 80' lang='lat' dir='ltr'><strong>bundims</strong></span> 
     </span>
     <span class='ocr_line' id='line_1_17' title="bbox 289 2328 1595 2434; baseline -0.002 -28"><span class='ocrx_word' id='word_1_122' title='bbox 289 2329 482 2433; x_wconf 88' lang='lat' dir='ltr'><strong>penetralia</strong></span> <span class='ocrx_word' id='word_1_123' title='bbox 496 2328 807 2424; x_wconf 80' lang='lat' dir='ltr'><strong>transverberavit,</strong></span> <span class='ocrx_word' id='word_1_124' title='bbox 830 2330 1018 2431; x_wconf 81' lang='lat' dir='ltr'><strong>sedemque</strong></span> <span class='ocrx_word' id='word_1_125' title='bbox 1035 2357 1166 2430; x_wconf 84' lang='lat' dir='ltr'><strong>magno</strong></span> <span class='ocrx_word' id='word_1_126' title='bbox 1190 2357 1272 2407; x_wconf 89' lang='lat' dir='ltr'><strong>cnm</strong></span> <span class='ocrx_word' id='word_1_127' title='bbox 1295 2332 1436 2434; x_wconf 85' lang='lat' dir='ltr'><strong>smgore</strong></span> <span class='ocrx_word' id='word_1_128' title='bbox 1460 2331 1595 2407; x_wconf 83' lang='lat' dir='ltr'><strong>collisit.</strong></span> 
     </span>
     <span class='ocr_line' id='line_1_18' title="bbox 290 2449 1597 2553; baseline 0.002 -25"><span class='ocrx_word' id='word_1_129' title='bbox 290 2461 380 2551; x_wconf 85' lang='lat' dir='ltr'><strong>Quae</strong></span> <span class='ocrx_word' id='word_1_130' title='bbox 396 2454 537 2544; x_wconf 88' lang='lat' dir='ltr'><strong>domus,</strong></span> <span class='ocrx_word' id='word_1_131' title='bbox 552 2449 772 2526; x_wconf 85' lang='lat' dir='ltr'><strong>fundamenti</strong></span> <span class='ocrx_word' id='word_1_132' title='bbox 785 2451 868 2528; x_wconf 90' lang='lat' dir='ltr'><strong>loco</strong></span> <span class='ocrx_word' id='word_1_133' title='bbox 883 2455 1001 2553; x_wconf 84' lang='lat' dir='ltr'><strong>lignea</strong></span> <span class='ocrx_word' id='word_1_134' title='bbox 1015 2471 1152 2530; x_wconf 84' lang='lat' dir='ltr'><strong>tantum</strong></span> <span class='ocrx_word' id='word_1_135' title='bbox 1165 2455 1253 2528; x_wconf 87' lang='lat' dir='ltr'><strong>base</strong></span> <span class='ocrx_word' id='word_1_136' title='bbox 1268 2456 1438 2530; x_wconf 80' lang='lat' dir='ltr'><strong>subnixa²</strong></span> <span class='ocrx_word' id='word_1_137' title='bbox 1452 2455 1597 2530; x_wconf 89' lang='lat' dir='ltr'><strong>eidem-</strong></span> 
     </span>
     <span class='ocr_line' id='line_1_19' title="bbox 290 2573 1595 2678; baseline 0 -26"><span class='ocrx_word' id='word_1_138' title='bbox 290 2601 363 2678; x_wconf 85' lang='lat' dir='ltr'><strong>que</strong></span> <span class='ocrx_word' id='word_1_139' title='bbox 380 2576 477 2654; x_wconf 88' lang='lat' dir='ltr'><strong>velut</strong></span> <span class='ocrx_word' id='word_1_140' title='bbox 492 2573 627 2650; x_wconf 83' lang='lat' dir='ltr'><strong>cardini</strong></span> <span class='ocrx_word' id='word_1_141' title='bbox 640 2576 839 2667; x_wconf 83' lang='lat' dir='ltr'><strong>imminens,</strong></span> <span class='ocrx_word' id='word_1_142' title='bbox 863 2573 934 2650; x_wconf 88' lang='lat' dir='ltr'><strong>levi</strong></span> <span class='ocrx_word' id='word_1_143' title='bbox 949 2593 1078 2650; x_wconf 87' lang='lat' dir='ltr'><strong>attactu</strong></span> <span class='ocrx_word' id='word_1_144' title='bbox 1096 2577 1294 2676; x_wconf 88' lang='lat' dir='ltr'><strong>quamlibet</strong></span> <span class='ocrx_word' id='word_1_145' title='bbox 1316 2581 1352 2652; x_wconf 92' lang='lat' dir='ltr'><strong>in</strong></span> <span class='ocrx_word' id='word_1_146' title='bbox 1367 2595 1502 2678; x_wconf 88' lang='lat' dir='ltr'><strong>partem</strong></span> <span class='ocrx_word' id='word_1_147' title='bbox 1517 2583 1595 2652; x_wconf 90' lang='lat' dir='ltr'><strong>cir-</strong></span> 
     </span>
     <span class='ocr_line' id='line_1_20' title="bbox 291 2697 1594 2800; baseline -0.002 -24"><span class='ocrx_word' id='word_1_148' title='bbox 291 2703 433 2800; x_wconf 82' lang='lat' dir='ltr'><strong>cumagi</strong></span> <span class='ocrx_word' id='word_1_149' title='bbox 448 2714 598 2798; x_wconf 86' lang='lat' dir='ltr'><strong>poterat.</strong></span> <span class='ocrx_word' id='word_1_150' title='bbox 621 2701 702 2791; x_wconf 90' lang='lat' dir='ltr'><strong>Quo</strong></span> <span class='ocrx_word' id='word_1_151' title='bbox 719 2701 806 2794; x_wconf 86' lang='lat' dir='ltr'><strong>viso,</strong></span> <span class='ocrx_word' id='word_1_152' title='bbox 828 2697 1007 2773; x_wconf 87' lang='lat' dir='ltr'><strong>Har‘aldus</strong></span> <span class='ocrx_word' id='word_1_153' title='bbox 1023 2697 1203 2791; x_wconf 90' lang='lat' dir='ltr'><strong>fiduciam,</strong></span> <span class='ocrx_word' id='word_1_154' title='bbox 1223 2725 1333 2798; x_wconf 89' lang='lat' dir='ltr'><strong>quam</strong></span> <span class='ocrx_word' id='word_1_155' title='bbox 1353 2703 1513 2800; x_wconf 85' lang='lat' dir='ltr'><strong>exprimi</strong></span> <span class='ocrx_word' id='word_1_156' title='bbox 1530 2705 1594 2800; x_wconf 83' lang='lat' dir='ltr'><strong>ja-</strong></span> 
     </span>
     <span class='ocr_line' id='line_1_21' title="bbox 292 2820 1594 2921; baseline -0.002 -21"><span class='ocrx_word' id='word_1_157' title='bbox 292 2842 370 2900; x_wconf 84' lang='lat' dir='ltr'><strong>ctus</strong></span> <span class='ocrx_word' id='word_1_158' title='bbox 391 2821 534 2896; x_wconf 85' lang='lat' dir='ltr'><strong>deiectu</strong></span> <span class='ocrx_word' id='word_1_159' title='bbox 558 2837 789 2918; x_wconf 86' lang='lat' dir='ltr'><strong>conceperat,</strong></span> <span class='ocrx_word' id='word_1_160' title='bbox 812 2820 1012 2896; x_wconf 82' lang='lat' dir='ltr'><strong>insecandi</strong></span> <span class='ocrx_word' id='word_1_161' title='bbox 1033 2844 1207 2919; x_wconf 84' lang='lat' dir='ltr'><strong>processu</strong></span> <span class='ocrx_word' id='word_1_162' title='bbox 1236 2823 1417 2921; x_wconf 85' lang='lat' dir='ltr'><strong>deponere</strong></span> <span class='ocrx_word' id='word_1_163' title='bbox 1439 2839 1594 2914; x_wconf 87' lang='lat' dir='ltr'><strong>coactus,</strong></span> 
     </span>
     <span class='ocr_line' id='line_1_22' title="bbox 292 2940 1596 3048; baseline -0.003 -28"><span class='ocrx_word' id='word_1_164' title='bbox 292 2971 377 3020; x_wconf 90' lang='lat' dir='ltr'><strong>cum</strong></span> <span class='ocrx_word' id='word_1_165' title='bbox 405 2967 524 3043; x_wconf 89' lang='lat' dir='ltr'><strong>neque</strong></span> <span class='ocrx_word' id='word_1_166' title='bbox 544 2967 584 3016; x_wconf 91' lang='lat' dir='ltr'><strong>se</strong></span> <span class='ocrx_word' id='word_1_167' title='bbox 608 2940 706 3014; x_wconf 93' lang='lat' dir='ltr'><strong>domi</strong></span> <span class='ocrx_word' id='word_1_168' title='bbox 731 2944 955 3018; x_wconf 87' lang='lat' dir='ltr'><strong>obsidionem</strong></span> <span class='ocrx_word' id='word_1_169' title='bbox 982 2943 1159 3018; x_wconf 84' lang='lat' dir='ltr'><strong>laturum²</strong></span> <span class='ocrx_word' id='word_1_170' title='bbox 1205 2969 1326 3042; x_wconf 90' lang='lat' dir='ltr'><strong>neque</strong></span> <span class='ocrx_word' id='word_1_171' title='bbox 1348 2945 1433 3048; x_wconf 81' lang='lat' dir='ltr'><strong>ioris</strong></span> <span class='ocrx_word' id='word_1_172' title='bbox 1467 2945 1596 3018; x_wconf 85' lang='lat' dir='ltr'><strong>auxilia</strong></span> 
     </span>
     <span class='ocr_line' id='line_1_23' title="bbox 293 3069 1596 3166; baseline 0.001 -26"><span class='ocrx_word' id='word_1_173' title='bbox 293 3082 525 3163; x_wconf 86' lang='lat' dir='ltr'><strong>accepturum</strong></span> <span class='ocrx_word' id='word_1_174' title='bbox 550 3079 728 3161; x_wconf 87' lang='lat' dir='ltr'><strong>speraret,</strong></span> <span class='ocrx_word' id='word_1_175' title='bbox 769 3083 898 3160; x_wconf 86' lang='lat' dir='ltr'><strong>noctu,</strong></span> <span class='ocrx_word' id='word_1_176' title='bbox 917 3069 1088 3140; x_wconf 88' lang='lat' dir='ltr'><strong>maritima</strong></span> <span class='ocrx_word' id='word_1_177' title='bbox 1117 3071 1255 3166; x_wconf 84' lang='lat' dir='ltr'><strong>aggeris</strong></span> <span class='ocrx_word' id='word_1_178' title='bbox 1283 3085 1385 3165; x_wconf 86' lang='lat' dir='ltr'><strong>parte</strong></span> <span class='ocrx_word' id='word_1_179' title='bbox 1408 3069 1596 3166; x_wconf 85' lang='lat' dir='ltr'><strong>perfracta,</strong></span> 
     </span>
     <span class='ocr_line' id='line_1_24' title="bbox 293 3183 1596 3289; baseline 0.002 -29"><span class='ocrx_word' id='word_1_180' title='bbox 293 3185 396 3288; x_wconf 90' lang='lat' dir='ltr'><strong>quod</strong></span> <span class='ocrx_word' id='word_1_181' title='bbox 413 3188 461 3260; x_wconf 91' lang='lat' dir='ltr'><strong>ab</strong></span> <span class='ocrx_word' id='word_1_182' title='bbox 481 3183 584 3260; x_wconf 90' lang='lat' dir='ltr'><strong>hoste</strong></span> <span class='ocrx_word' id='word_1_183' title='bbox 598 3185 831 3285; x_wconf 86' lang='lat' dir='ltr'><strong>negligentius</strong></span> <span class='ocrx_word' id='word_1_184' title='bbox 848 3187 1087 3283; x_wconf 85' lang='lat' dir='ltr'><strong>obsideretur,</strong></span> <span class='ocrx_word' id='word_1_185' title='bbox 1117 3212 1232 3288; x_wconf 88' lang='lat' dir='ltr'><strong>equos</strong></span> <span class='ocrx_word' id='word_1_186' title='bbox 1248 3215 1314 3287; x_wconf 89' lang='lat' dir='ltr'><strong>per</strong></span> <span class='ocrx_word' id='word_1_187' title='bbox 1327 3207 1507 3289; x_wconf 85' lang='lat' dir='ltr'><strong>praerupta</strong></span> <span class='ocrx_word' id='word_1_188' title='bbox 1524 3189 1596 3264; x_wconf 88' lang='lat' dir='ltr'><strong>de-</strong></span> 
     </span>
     <span class='ocr_line' id='line_1_25' title="bbox 293 3307 1597 3410; baseline 0 -24"><span class='ocrx_word' id='word_1_189' title='bbox 293 3312 420 3386; x_wconf 88' lang='lat' dir='ltr'><strong>missos</strong></span> <span class='ocrx_word' id='word_1_190' title='bbox 446 3307 559 3409; x_wconf 89' lang='lat' dir='ltr'><strong>pedes</strong></span> <span class='ocrx_word' id='word_1_191' title='bbox 583 3333 665 3381; x_wconf 92' lang='lat' dir='ltr'><strong>cum</strong></span> <span class='ocrx_word' id='word_1_192' title='bbox 689 3311 763 3383; x_wconf 88' lang='lat' dir='ltr'><strong>suis</strong></span> <span class='ocrx_word' id='word_1_193' title='bbox 784 3315 918 3408; x_wconf 89' lang='lat' dir='ltr'><strong>insequi</strong></span> <span class='ocrx_word' id='word_1_194' title='bbox 943 3312 1063 3410; x_wconf 90' lang='lat' dir='ltr'><strong>coepit.</strong></span> <span class='ocrx_word' id='word_1_195' title='bbox 1122 3313 1287 3410; x_wconf 87' lang='lat' dir='ltr'><strong>Cumque</strong></span> <span class='ocrx_word' id='word_1_196' title='bbox 1309 3316 1392 3386; x_wconf 85' lang='lat' dir='ltr'><strong>totis</strong></span> <span class='ocrx_word' id='word_1_197' title='bbox 1416 3315 1451 3386; x_wconf 90' lang='lat' dir='ltr'><strong>iu</strong></span> <span class='ocrx_word' id='word_1_198' title='bbox 1478 3315 1597 3388; x_wconf 86' lang='lat' dir='ltr'><strong>castris</strong></span> 
     </span>
     <span class='ocr_line' id='line_1_26' title="bbox 293 3432 1598 3532; baseline -0.003 -22"><span class='ocrx_word' id='word_1_199' title='bbox 293 3432 467 3511; x_wconf 89' lang='lat' dir='ltr'><strong>tumultus</strong></span> <span class='ocrx_word' id='word_1_200' title='bbox 483 3432 689 3525; x_wconf 80' lang='lat' dir='ltr'><strong>exoriretur,</strong></span> <span class='ocrx_word' id='word_1_201' title='bbox 716 3433 822 3506; x_wconf 88' lang='lat' dir='ltr'><strong>citato</strong></span> <span class='ocrx_word' id='word_1_202' title='bbox 842 3435 958 3507; x_wconf 89' lang='lat' dir='ltr'><strong>acrius</strong></span> <span class='ocrx_word' id='word_1_203' title='bbox 981 3457 1076 3530; x_wconf 91' lang='lat' dir='ltr'><strong>equo</strong></span> <span class='ocrx_word' id='word_1_204' title='bbox 1101 3434 1382 3532; x_wconf 86' lang='lat' dir='ltr'><strong>comitibusque,</strong></span> <span class='ocrx_word' id='word_1_205' title='bbox 1406 3451 1447 3508; x_wconf 89' lang='lat' dir='ltr'><strong>ut</strong></span> <span class='ocrx_word' id='word_1_206' title='bbox 1464 3434 1598 3510; x_wconf 86' lang='lat' dir='ltr'><strong>Haral-</strong></span> 
     </span>
     <span class='ocr_line' id='line_1_27' title="bbox 247 3547 1600 3664; baseline 0.003 -33"><span class='ocrx_word' id='word_1_207' title='bbox 247 3655 256 3664; x_wconf 92' lang='lat'><strong><em>.</em></strong></span> <span class='ocrx_word' id='word_1_208' title='bbox 294 3556 344 3632; x_wconf 91' lang='lat' dir='ltr'><strong>do</strong></span> <span class='ocrx_word' id='word_1_209' title='bbox 369 3571 629 3648; x_wconf 89' lang='lat' dir='ltr'><strong>occurreretur,</strong></span> <span class='ocrx_word' id='word_1_210' title='bbox 654 3553 701 3630; x_wconf 90' lang='lat' dir='ltr'><strong>de</strong></span> <span class='ocrx_word' id='word_1_211' title='bbox 716 3553 887 3630; x_wconf 85' lang='lat' dir='ltr'><strong>industria</strong></span> <span class='ocrx_word' id='word_1_212' title='bbox 904 3555 1087 3630; x_wconf 82' lang='lat' dir='ltr'><strong>vociferari</strong></span> <span class='ocrx_word' id='word_1_213' title='bbox 1102 3556 1221 3655; x_wconf 87' lang='lat' dir='ltr'><strong>jussis,</strong></span> <span class='ocrx_word' id='word_1_214' title='bbox 1243 3547 1314 3630; x_wconf 83' lang='lat' dir='ltr'><strong>non</strong></span> <span class='ocrx_word' id='word_1_215' title='bbox 1329 3557 1518 3650; x_wconf 87' lang='lat' dir='ltr'><strong>Hamldus‚</strong></span> <span class='ocrx_word' id='word_1_216' title='bbox 1533 3557 1600 3634; x_wconf 87' lang='lat' dir='ltr'><strong>sed</strong></span> 
     </span>
     <span class='ocr_line' id='line_1_28' title="bbox 295 3673 1600 3781; baseline 0.003 -29"><span class='ocrx_word' id='word_1_217' title='bbox 295 3678 442 3753; x_wconf 89' lang='lat' dir='ltr'><strong>Haraldi</strong></span> <span class='ocrx_word' id='word_1_218' title='bbox 455 3684 667 3778; x_wconf 89' lang='lat' dir='ltr'><strong>insequutor</strong></span> <span class='ocrx_word' id='word_1_219' title='bbox 691 3677 858 3772; x_wconf 83' lang='lat' dir='ltr'><strong>creditus,</strong></span> <span class='ocrx_word' id='word_1_220' title='bbox 885 3684 973 3752; x_wconf 83' lang='lat' dir='ltr'><strong>inter</strong></span> <span class='ocrx_word' id='word_1_221' title='bbox 995 3673 1132 3750; x_wconf 90' lang='lat' dir='ltr'><strong>medios</strong></span> <span class='ocrx_word' id='word_1_222' title='bbox 1153 3685 1451 3779; x_wconf 89' lang='lat' dir='ltr'><strong>perstrepentium</strong></span> <span class='ocrx_word' id='word_1_223' title='bbox 1468 3681 1600 3781; x_wconf 85' lang='lat' dir='ltr'><strong>globos</strong></span> 
     </span>
    </p>
   </div>
   <div class='ocr_carea' id='block_1_3' title="bbox 296 4002 1604 4624">
    <p class='ocr_par' dir='ltr' id='par_1_3' title="bbox 296 4002 1604 4624">
     <span class='ocr_line' id='line_1_29' title="bbox 343 4002 1601 4094; baseline -0.002 -21"><span class='ocrx_word' id='word_1_224' title='bbox 343 4013 475 4094; x_wconf 64' lang='lat' dir='ltr'><strong>&#39;Liyaeu</strong></span> <span class='ocrx_word' id='word_1_225' title='bbox 490 4011 557 4071; x_wconf 77' lang='lat' dir='ltr'><strong>base</strong></span> <span class='ocrx_word' id='word_1_226' title='bbox 574 4005 710 4085; x_wconf 67' lang='lat' dir='ltr'><strong>subnuba]</strong></span> <span class='ocrx_word' id='word_1_227' title='bbox 727 4011 774 4070; x_wconf 84' lang='lat' dir='ltr'><strong>Ex</strong></span> <span class='ocrx_word' id='word_1_228' title='bbox 796 4019 918 4070; x_wconf 86' lang='lat' dir='ltr'><strong>senten·</strong></span> <span class='ocrx_word' id='word_1_229' title='bbox 975 4003 1020 4068; x_wconf 92' lang='lat' dir='ltr'><strong>tio</strong></span> <span class='ocrx_word' id='word_1_230' title='bbox 1047 4002 1235 4086; x_wconf 81' lang='lat' dir='ltr'><strong>anni1133,</strong></span> <span class='ocrx_word' id='word_1_231' title='bbox 1260 4003 1343 4091; x_wconf 88' lang='lat' dir='ltr'><strong>quod</strong></span> <span class='ocrx_word' id='word_1_232' title='bbox 1373 4020 1496 4072; x_wconf 86' lang='lat' dir='ltr'><strong>eatenus</strong></span> <span class='ocrx_word' id='word_1_233' title='bbox 1521 4008 1601 4071; x_wconf 88' lang='lat' dir='ltr'><strong>bene</strong></span> 
     </span>
     <span class='ocr_line' id='line_1_30' title="bbox 296 4112 1600 4197; baseline 0 -21"><span class='ocrx_word' id='word_1_234' title='bbox 296 4113 338 4176; x_wconf 88' lang='lat' dir='ltr'><strong>tia</strong></span> <span class='ocrx_word' id='word_1_235' title='bbox 353 4113 469 4177; x_wconf 86' lang='lat' dir='ltr'><strong>Submii</strong></span> <span class='ocrx_word' id='word_1_236' title='bbox 487 4114 579 4191; x_wconf 81' lang='lat' dir='ltr'><strong>(illst.</strong></span> <span class='ocrx_word' id='word_1_237' title='bbox 596 4113 631 4176; x_wconf 83' lang='lat' dir='ltr'><strong>ai</strong></span> <span class='ocrx_word' id='word_1_238' title='bbox 640 4118 750 4176; x_wconf 82' lang='lat' dir='ltr'><strong>Duum.</strong></span> <span class='ocrx_word' id='word_1_239' title='bbox 770 4113 830 4175; x_wconf 81' lang='lat' dir='ltr'><strong>vol.</strong></span> <span class='ocrx_word' id='word_1_240' title='bbox 844 4116 874 4180; x_wconf 87' lang='lat' dir='ltr'><strong>V</strong></span> <span class='ocrx_word' id='word_1_241' title='bbox 888 4135 918 4197; x_wconf 87' lang='lat' dir='ltr'><strong>p·</strong></span> <span class='ocrx_word' id='word_1_242' title='bbox 977 4112 1132 4195; x_wconf 86' lang='lat' dir='ltr'><strong>conspirat</strong></span> <span class='ocrx_word' id='word_1_243' title='bbox 1152 4130 1221 4174; x_wconf 91' lang='lat' dir='ltr'><strong>cum</strong></span> <span class='ocrx_word' id='word_1_244' title='bbox 1240 4113 1387 4176; x_wconf 85' lang='lat' dir='ltr'><strong>relatione</strong></span> <span class='ocrx_word' id='word_1_245' title='bbox 1412 4115 1527 4177; x_wconf 82' lang='lat' dir='ltr'><strong>autoris</strong></span> <span class='ocrx_word' id='word_1_246' title='bbox 1552 4113 1600 4176; x_wconf 87' lang='lat' dir='ltr'><strong>bi-</strong></span> 
     </span>
     <span class='ocr_line' id='line_1_31' title="bbox 296 4213 1601 4304; baseline 0.005 -26"><span class='ocrx_word' id='word_1_247' title='bbox 296 4213 630 4295; x_wconf 61' lang='lat' dir='ltr'><strong>arimenensium</strong></span> <span class='ocrx_word' id='word_1_248' title='bbox 651 4220 731 4280; x_wconf 90' lang='lat' dir='ltr'><strong>mola</strong></span> <span class='ocrx_word' id='word_1_249' title='bbox 748 4219 836 4296; x_wconf 85' lang='lat' dir='ltr'><strong>alata,</strong></span> <span class='ocrx_word' id='word_1_250' title='bbox 849 4239 918 4302; x_wconf 80' lang='lat' dir='ltr'><strong>qum</strong></span> <span class='ocrx_word' id='word_1_251' title='bbox 977 4218 1081 4282; x_wconf 82' lang='lat' dir='ltr'><strong>storiae</strong></span> <span class='ocrx_word' id='word_1_252' title='bbox 1107 4219 1357 4302; x_wconf 80' lang='lat' dir='ltr'><strong>Iluytlingorum,</strong></span> <span class='ocrx_word' id='word_1_253' title='bbox 1378 4221 1528 4283; x_wconf 85' lang='lat' dir='ltr'><strong>narrantis</strong></span> <span class='ocrx_word' id='word_1_254' title='bbox 1554 4219 1601 4304; x_wconf 89' lang='lat' dir='ltr'><strong>(p.</strong></span> 
     </span>
     <span class='ocr_line' id='line_1_32' title="bbox 298 4321 1603 4410; baseline 0.006 -28"><span class='ocrx_word' id='word_1_255' title='bbox 298 4321 360 4404; x_wconf 87' lang='lat' dir='ltr'><strong>jam</strong></span> <span class='ocrx_word' id='word_1_256' title='bbox 377 4341 409 4384; x_wconf 86' lang='lat' dir='ltr'><strong>eu</strong></span> <span class='ocrx_word' id='word_1_257' title='bbox 424 4336 513 4386; x_wconf 77' lang='lat' dir='ltr'><strong>orate</strong></span> <span class='ocrx_word' id='word_1_258' title='bbox 526 4337 592 4388; x_wconf 87' lang='lat' dir='ltr'><strong>erat</strong></span> <span class='ocrx_word' id='word_1_259' title='bbox 607 4325 747 4403; x_wconf 81' lang='lat' dir='ltr'><strong>inventa,</strong></span> <span class='ocrx_word' id='word_1_260' title='bbox 768 4324 854 4408; x_wconf 83' lang='lat' dir='ltr'><strong>cujus</strong></span> <span class='ocrx_word' id='word_1_261' title='bbox 868 4345 920 4388; x_wconf 84' lang='lat' dir='ltr'><strong>ve·</strong></span> <span class='ocrx_word' id='word_1_262' title='bbox 976 4322 1065 4407; x_wconf 77' lang='lat'><strong>337),</strong></span> <span class='ocrx_word' id='word_1_263' title='bbox 1081 4327 1215 4401; x_wconf 84' lang='lat' dir='ltr'><strong>Ericum,</strong></span> <span class='ocrx_word' id='word_1_264' title='bbox 1226 4323 1343 4388; x_wconf 86' lang='lat' dir='ltr'><strong>duobus</strong></span> <span class='ocrx_word' id='word_1_265' title='bbox 1356 4327 1441 4389; x_wconf 82' lang='lat' dir='ltr'><strong>anuis</strong></span> <span class='ocrx_word' id='word_1_266' title='bbox 1455 4337 1527 4410; x_wconf 88' lang='lat' dir='ltr'><strong>post</strong></span> <span class='ocrx_word' id='word_1_267' title='bbox 1549 4345 1603 4390; x_wconf 84' lang='lat' dir='ltr'><strong>ue-</strong></span> 
     </span>
     <span class='ocr_line' id='line_1_33' title="bbox 298 4429 1603 4514; baseline 0.005 -26"><span class='ocrx_word' id='word_1_268' title='bbox 298 4445 335 4488; x_wconf 90' lang='lat' dir='ltr'><strong>ro</strong></span> <span class='ocrx_word' id='word_1_269' title='bbox 353 4445 423 4489; x_wconf 86' lang='lat' dir='ltr'><strong>usus</strong></span> <span class='ocrx_word' id='word_1_270' title='bbox 445 4429 478 4490; x_wconf 89' lang='lat' dir='ltr'><strong>in</strong></span> <span class='ocrx_word' id='word_1_271' title='bbox 498 4430 704 4513; x_wconf 85' lang='lat' dir='ltr'><strong>septentrione</strong></span> <span class='ocrx_word' id='word_1_272' title='bbox 724 4429 853 4496; x_wconf 67' lang='lat' dir='ltr'><strong>iortsse</strong></span> <span class='ocrx_word' id='word_1_273' title='bbox 873 4454 921 4496; x_wconf 82' lang='lat' dir='ltr'><strong>ra·</strong></span> <span class='ocrx_word' id='word_1_274' title='bbox 979 4451 1044 4494; x_wconf 86' lang='lat' dir='ltr'><strong>cem</strong></span> <span class='ocrx_word' id='word_1_275' title='bbox 1054 4433 1163 4496; x_wconf 76' lang='lat' dir='ltr'><strong>Cauud</strong></span> <span class='ocrx_word' id='word_1_276' title='bbox 1175 4431 1353 4514; x_wconf 85' lang='lat' dir='ltr'><strong>interjectis,</strong></span> <span class='ocrx_word' id='word_1_277' title='bbox 1368 4431 1524 4494; x_wconf 85' lang='lat' dir='ltr'><strong>castellum</strong></span> <span class='ocrx_word' id='word_1_278' title='bbox 1538 4435 1603 4494; x_wconf 81' lang='lat' dir='ltr'><strong>Ha·</strong></span> 
     </span>
     <span class='ocr_line' id='line_1_34' title="bbox 298 4531 1604 4624; baseline 0.003 -29"><span class='ocrx_word' id='word_1_279' title='bbox 298 4531 370 4596; x_wconf 87' lang='lat' dir='ltr'><strong>rior.</strong></span> <span class='ocrx_word' id='word_1_280' title='bbox 978 4537 1257 4624; x_wconf 78' lang='lat' dir='ltr'><strong>raldiaupngnasso.</strong></span> <span class='ocrx_word' id='word_1_281' title='bbox 1284 4538 1420 4601; x_wconf 84' lang='lat' dir='ltr'><strong>lllevero</strong></span> <span class='ocrx_word' id='word_1_282' title='bbox 1434 4549 1604 4601; x_wconf 85' lang='lat' dir='ltr'><strong>antormox</strong></span> 
     </span>
    </p>
   </div>
   <div class='ocr_carea' id='block_1_4' title="bbox 975 4641 1606 4725">
    <p class='ocr_par' dir='ltr' id='par_1_4' title="bbox 975 4641 1606 4725">
     <span class='ocr_line' id='line_1_35' title="bbox 975 4641 1606 4725; baseline 0 -19"><span class='ocrx_word' id='word_1_283' title='bbox 975 4645 1008 4706; x_wconf 91' lang='lat' dir='ltr'><strong>in</strong></span> <span class='ocrx_word' id='word_1_284' title='bbox 1023 4643 1108 4708; x_wconf 82' lang='lat' dir='ltr'><strong>devia</strong></span> <span class='ocrx_word' id='word_1_285' title='bbox 1123 4643 1197 4725; x_wconf 81' lang='lat' dir='ltr'><strong>ubit,</strong></span> <span class='ocrx_word' id='word_1_286' title='bbox 1212 4641 1329 4708; x_wconf 86' lang='lat' dir='ltr'><strong>cladem</strong></span> <span class='ocrx_word' id='word_1_287' title='bbox 1350 4641 1606 4707; x_wconf 80' lang='lat' dir='ltr'><strong>liosltildeusibus</strong></span> 
     </span>
    </p>
   </div>
   <div class='ocr_carea' id='block_1_5' title="bbox 297 4745 1607 4934">
    <p class='ocr_par' dir='ltr' id='par_1_5' title="bbox 297 4745 1607 4934">
     <span class='ocr_line' id='line_1_36' title="bbox 342 4745 1607 4828; baseline 0.008 -23"><span class='ocrx_word' id='word_1_288' title='bbox 342 4745 469 4828; x_wconf 83' lang='lat' dir='ltr'><strong>²Neque</strong></span> <span class='ocrx_word' id='word_1_289' title='bbox 495 4769 526 4808; x_wconf 79' lang='lat' dir='ltr'><strong>sc</strong></span> <span class='ocrx_word' id='word_1_290' title='bbox 548 4749 627 4810; x_wconf 66' lang='lat' dir='ltr'><strong>mma·</strong></span> <span class='ocrx_word' id='word_1_291' title='bbox 647 4751 819 4812; x_wconf 71' lang='lat' dir='ltr'><strong>obsedtbncm</strong></span> <span class='ocrx_word' id='word_1_292' title='bbox 840 4753 920 4814; x_wconf 82' lang='lat' dir='ltr'><strong>latu·</strong></span> <span class='ocrx_word' id='word_1_293' title='bbox 976 4749 1014 4812; x_wconf 89' lang='lat' dir='ltr'><strong>ab</strong></span> <span class='ocrx_word' id='word_1_294' title='bbox 1037 4749 1174 4814; x_wconf 85' lang='lat' dir='ltr'><strong>Haraldo</strong></span> <span class='ocrx_word' id='word_1_295' title='bbox 1202 4749 1311 4815; x_wconf 87' lang='lat' dir='ltr'><strong>deinde</strong></span> <span class='ocrx_word' id='word_1_296' title='bbox 1330 4747 1476 4814; x_wconf 87' lang='lat' dir='ltr'><strong>inllictaru</strong></span> <span class='ocrx_word' id='word_1_297' title='bbox 1505 4749 1607 4814; x_wconf 75' lang='lat' dir='ltr'><strong>aueo</strong></span> 
     </span>
     <span class='ocr_line' id='line_1_37' title="bbox 297 4845 1119 4934; baseline 0.012 -26"><span class='ocrx_word' id='word_1_298' title='bbox 297 4845 374 4930; x_wconf 85' lang='lat' dir='ltr'><strong>rum]</strong></span> <span class='ocrx_word' id='word_1_299' title='bbox 387 4851 600 4934; x_wconf 81' lang='lat' dir='ltr'><strong>Expugnatutu</strong></span> <span class='ocrx_word' id='word_1_300' title='bbox 623 4867 669 4917; x_wconf 87' lang='lat' dir='ltr'><strong>est</strong></span> <span class='ocrx_word' id='word_1_301' title='bbox 686 4855 842 4920; x_wconf 86' lang='lat' dir='ltr'><strong>castellum</strong></span> <span class='ocrx_word' id='word_1_302' title='bbox 862 4854 919 4916; x_wconf 90' lang='lat' dir='ltr'><strong>ini·</strong></span> <span class='ocrx_word' id='word_1_303' title='bbox 974 4854 1119 4922; x_wconf 85' lang='lat' dir='ltr'><strong>tribuens.</strong></span> 
     </span>
    </p>
   </div>
   <div class='ocr_carea' id='block_1_6' title="bbox 0 0 1790 5460">
    <p class='ocr_par' dir='ltr' id='par_1_6' title="bbox 0 0 1790 5460">
     <span class='ocr_line' id='line_1_38' title="bbox 0 0 1790 5460; baseline 0 0"><span class='ocrx_word' id='word_1_304' title='bbox 0 0 1790 5460; x_wconf 95' lang='lat' dir='ltr'><strong> </strong></span> 
     </span>
    </p>
   </div>
  </div>
 </body>
</html>
