3524 5460
351 311 353 316 '
386 294 458 376 702
719 302 1167 378 annuuntiabant
1183 309 1275 381 XlV.

333 516 456 611 Nyssae
479 516 612 587 ιιιιιιιίεί
632 511 793 614 glaciem,
820 511 962 588 nudatis
977 515 1203 614 consoribus,
1232 515 1472 592 barbarorum
1489 503 1642 597 ludibrio
1744 549 1745 608 1

333 637 441 710 mersi
474 641 509 706 in
533 635 658 709 eodem
680 634 909 711 alveolatum
930 663 974 711 ao
997 638 1175 714 umatum
1189 665 1367 738 recepere.
1426 647 1477 714 lta
1499 665 1642 742 panco-

333 777 415 831 rum
436 765 626 858 agrestium
643 755 770 832 fraude
787 766 949 834 maximae
973 761 1204 859 expeditionis
1233 761 1340 838 labor
1362 766 1558 839 exinanitus
1579 781 1641 838 est.
1744 835 1745 864 ,

465 884 653 980 interjecto
680 897 855 979 tempore,
878 882 985 980 plebs
998 885 1189 978 Soanica,a
1212 884 1437 985 principibus
1457 885 1642 978 dissidens,
1744 931 1745 986 ι

333 1006 503 1078 concione
519 1002 609 1076 lecta
621 1006 657 1076 in
673 1007 804 1075 Arnam
827 1001 958 1077 vallem
975 1022 1109 1078 armata
1125 1007 1328 1082 suecessit2.
1381 1013 1529 1102 Quoties
1549 1009 1639 1080 enirn
1744 1053 1745 1104 }

333 1133 369 1198 in
388 1153 429 1200 ea
443 1129 628 1224 provincia
649 1125 884 1200 intolerabilia
903 1124 1004 1224 vulgi
1029 1153 1137 1200 onera
1165 1128 1412 1222 ducebantur,
1441 1129 1639 1232 publicavi
1744 1159 1745 1162 ¹

332 1251 467 1346 injuriis
483 1249 748 1322 occurrebatur.
790 1245 904 1337 Adeo,
921 1272 1004 1321 eum
1019 1250 1248 1326 intolerabilis
1266 1253 1383 1351 plebis
1398 1256 1547 1328 servitus
1565 1249 1639 1325 du·
1744 1263 1745 1266 ’

333 1380 443 1462 citur,
468 1372 624 1472 publicis
641 1379 747 1444 armis
762 1363 1110 1469 libertas'expetitur.
1170 1379 1310 1450 Veritus
1328 1401 1415 1475 ergo
1438 1401 1519 1465 rex,
1552 1399 1600 1446 ne
1615 1375 1639 1446 is

328 1497 508 1570 tumultus
524 1495 570 1566 ad
588 1496 769 1594 graviores
787 1497 886 1593 regni
902 1511 1017 1570 motus
1044 1493 1332 1596 progrederetur,
1357 1496 1544 1572 coercendi
1563 1498 1639 1594 ejus

333 1623 446 1720 gratia
469 1616 516 1690 ad
539 1621 698 1688 Scaniam
714 1642 733 1689 e
752 1615 928 1689 Sialandia
951 1621 1146 1717 trajiciens,
1172 1621 1331 1695 militaris
1357 1645 1486 1694 manus
1508 1617 1639 1692 fiducia

333 1744 523 1842 agrestium
550 1742 757 1811 concionem
784 1745 939 1812 accessit.
1009 1745 1154 1816 lnermis
1179 1746 1259 1841 ipse
1275 1744 1456 1842 equitibus
1478 1740 1640 1815 utebatur
1744 1787 1745 1846 g

331 1871 487 1952 annuntie,
512 1878 551 1934 ut
568 1863 640 1933 viru
658 1876 813 1932 metuere
827 1865 948 1956 potius
962 1888 1072 1960 quarn
1090 1881 1228 1939 struere
1244 1864 1431 1940 videretur.
1485 1861 1639 1936 Cedente

333 1991 380 2062 do
397 1987 566 2060 industria
583 1983 713 2083 vulgo,
749 2007 918 2055 eoronam
933 1986 1112 2084 ingressus
1125 1987 1243 2062 multis
1261 2005 1295 2060 et
1320 1989 1492 2088 gravibus
1516 1986 1638 2084 queri-

332 2113 460 2185 moniis
480 2125 651 2206 exceptus
676 2123 743 2200 est;
767 2106 832 2179 sed
853 2106 1081 2204 obstrepente
1103 2108 1337 2184 multitudinis
1360 2112 1535 2202 clamore,
1568 2107 1638 2180 de·
1744 2169 1745 2206 ,

332 2235 501 2308 fensionis
522 2247 731 2328 potestatem
747 2229 931 2303 dicendive
947 2234 1090 2329 copiam
1109 2238 1300 2330 impetrare
1315 2237 1479 2333 nequivit.
1513 2233 1639 2331 Flagi-

331 2356 429 2431 tandi
443 2355 567 2430 silentii
589 2359 697 2453 gratia
722 2353 881 2426 dextram
898 2352 1008 2453 vulgo
1023 2353 1218 2428 obtendens
1233 2358 1380 2432 crebros
1400 2355 1562 2456 lapidum
1578 2357 1639 2454 ja·
1744 2351 1745 2410 l

331 2499 409 2556 ctus
431 2485 581 2578 excepit.
638 2476 738 2550 Adeo
756 2479 1046 2552 consternationis
1069 2477 1170 2551 furor
1194 2482 1229 2552 in
1254 2496 1497 2580 contemptum
1522 2479 1639 2576 maje-
1744 2503 1745 2585 j

331 2607 429 2677 statis
447 2617 632 2676 exarserat.
695 2606 799 2674 Tunc
817 2603 933 2694 Toko,
951 2617 1063 2676 matre
1078 2603 1196 2700 Sygne
1215 2619 1331 2697 onus,
1359 2609 1412 2678 vir
1427 2619 1513 2678 natu
1531 2619 1566 2674 et
1579 2601 1639 2672 fa·
1744 2705 1745 2712 ἵ

332 2725 462 2799 cundia
476 2727 575 2823 juxta
592 2723 732 2817 nobilia,
758 2727 945 2823 primaque
966 2731 1057 2824 regis
1087 2727 1233 2798 amicitia
1248 2725 1437 2824 praeditus,
1458 2728 1494 2800 in
1516 2723 1635 2798 medi-

331 2873 395 2921 um
412 2845 509 2944 vulgi
522 2873 561 2918 se
574 2848 734 2946 proripit,
762 2847 978 2945 obtentaque
994 2847 1151 2918 omnium
1165 2851 1408 2939 taciturnitate,
1432 2850 1638 2947 imperitum
1744 2905 1745 2912 ,

332 2971 511 3042 concionis
531 2969 711 3066 fragorem
725 2967 840 3042 docte
867 2969 964 3045 vocis
986 2971 1192 3042 auctoritate
1209 2975 1439 3069 compressit,
1466 2971 1513 3040 ito
1537 2992 1638 3044 suum
1744 2939 1745 2988 ἒ

331 3109 534 3189 temperans
550 3093 736 3178 actionem,
752 3107 790 3164 ut
804 3109 838 3163 et
857 3093 1109 3188 praefectorum
1127 3107 1245 3189 partes
1263 3092 1528 3168 dissimulanter
1543 3116 1637 3190 pro·-
1744 3103 1745 3172 l

333 3230 465 3312 tegeret
489 3231 522 3284 et
545 3214 769 3286 manifestum
788 3215 1020 3310 patrocinium
1035 3216 1238 3312 impertiret.
1298 3217 1462 3288 Reversis
1479 3213 1527 3286 ad
1544 3237 1639 3311 pro·-
1744 3293 1745 3300 ἶ

330 3339 409 3435 pria
425 3336 635 3437 agrestibus,
664 3362 737 3427 rex,
763 3351 869 3407 tantae
891 3336 1109 3410 contumeliae
1131 3336 1390 3410 deformitatem
1415 3358 1556 3410 summa
1576 3340 1641 3408 in-

331 3461 542 3558 dignationis
560 3459 715 3532 molestio
741 3445 966 3556 prosecutus,
990 3461 1194 3558 complures
1215 3463 1347 3532 Scaniae
1370 3464 1470 3532 vitun
1495 3458 1641 3546 exussit,

330 3582 606 3680 euinqueferme
619 3597 739 3672 totam,
754 3580 903 3680 perinde
925 3607 966 3652 ac
982 3583 1170 3680 majestatis
1188 3607 1297 3674 ream,
1323 3583 1455 3680 rapinae
1478 3582 1643 3680 subjecit.

330 3710 432 3804 lpsos
451 3707 739 3778 consternationis
757 3721 900 3776 autores
928 3708 1051 3799 spiritu
1080 3706 1136 3776 vel
1158 3705 1260 3778 bonis
1285 3707 1453 3804 privavit,
1469 3705 1643 3779 factiosos

328 3843 542 3926 paupertate
557 3845 618 3901 aut
631 3845 744 3901 morte
762 3828 985 3901 mulctandos
999 3827 1172 3927 judicans.
1223 3833 1296 3900 Nec
1316 3829 1516 3918 Tokonem,
1530 3830 1643 3925 cujus

328 3949 472 4024 salutari
494 3948 640 4048 eloquio
658 3975 744 4023 usus
768 3951 890 4041 fuerat,
918 3953 1054 4023 tametsi
1079 3950 1208 4048 linguae
1237 3954 1316 4049 ejus
1342 3949 1518 4024 beneficio
1538 3949 1647 4046 vulgi

330 4081 417 4146 iram
432 4077 586 4162 vitasset,
614 4071 756 4144 mulctae
774 4091 954 4169 expertem
969 4073 1117 4168 reliquit,
1135 4071 1277 4170 plebem
1305 4073 1496 4147 adversum
1514 4095 1552 4144 se
1567 4097 1645 4145 oc-

330 4196 427 4294 culto
443 4199 521 4294 ejus
535 4194 683 4270 consilio
701 4200 906 4268 concitatam
923 4195 1111 4268 affirmans.
1150 4201 1212 4284 Ita,
1228 4198 1427 4270 saevissimis
1445 4193 1648 4268 nacundiac
1744 4185 1745 4256 ἒ

330 4319 430 4392 furiis
444 4336 669 4416 provocatae,
688 4317 769 4390 odia
785 4341 827 4390 ae
844 4317 1092 4391 familiaritates
1106 4315 1202 4416 juxta
1217 4320 1402 4418 pensabat.
1428 4323 1481 4392 Ea
1495 4323 1650 4392 sveno-
1744 4345 1745 4416 f

331 4441 384 4512 nis
408 4444 555 4538 irruptio
575 4449 713 4516 Canuto
729 4425 975 4514 inovandarum
994 4467 1112 4514 reram
1135 4467 1238 4538 spem
1260 4440 1507 4542 fiduciamque
1528 4445 1650 4516 resti-

379 4759 504 4838 'Ilfyssoe
516 4753 623 4836 utnttts]
640 4758 858 4820 Haltnstndiam
873 4781 951 4841 preu-
1015 4759 1114 4822 tannia
1135 4757 1245 4842 p.12(l.
1268 4759 1325 4822 Ed.
1348 4782 1396 4843 pr.
1414 4765 1505 4824 tt'eae.

330 4859 510 4926 tarlloentis.
558 4859 628 4928 Vltl.
651 4861 842 4926 Richax'tlson
873 4867 947 4927 llal·
1056 4864 1234 4944 ²Successr't]
1248 4869 1283 4928 li.
1297 4871 1422 4930 secessr‘t.
1441 4865 1522 4950 (lllg)
