3524 5460
369 307 444 382 sao
702 255 878 376 auron.
893 301 1000 374 nm.
1013 301 1151 376 nunu
1164 301 1255 374 xta.

318 515 418 594 obvii
438 514 639 592 defuerunt.
691 497 911 610 'Complures
934 535 977 584 ex
1000 527 1153 610 utruque
1173 511 1314 611 agmine
1337 508 1423 584 huic
1441 535 1482 587 ee
1500 529 1626 588 certa-

319 641 404 714 mini
420 640 597 736 ingerunt,
607 659 756 710 suorum
772 634 910 732 quique
931 631 1090 731 pericula
1106 632 1335 732 propulsari,
1357 640 1496 710 neutris
1513 661 1626 710 com-

320 763 435 838 munis
452 763 603 838 fortunae
618 763 800 858 negotium
820 761 994 855 patienter
1013 757 1209 854 inspectare
1233 753 1442 832 valenfiltus.
1498 759 1627 857 ltaque
1742 839 1743 842 Ἴ

320 884 490 986 pretium
507 898 686 956 crescente
701 905 836 980 pugna,
861 877 954 954 adeo
969 885 1129 954 omnium
1145 878 1218 952 huc
1242 881 1350 954 enirm
1365 878 1626 974 confluxerunt,

319 1027 419 1084 uter
434 1030 479 1080 eo
499 1003 583 1078 belli
604 1001 776 1102 proesnltu
801 1004 907 1076 totius
933 1001 1088 1076 victoriae
1110 1027 1250 1078 summa
1264 1002 1421 1102 pendere
1435 999 1626 1076 rideretur.

321 1135 402 1224 Quo
419 1133 508 1215 viso,
532 1125 625 1202 filius
640 1125 827 1200 Thorstani
844 1129 977 1216 Petrus,
1002 1125 1161 1200 omnium
1178 1126 1270 1226 regia
1294 1147 1507 1200 arcanorum
1530 1151 1626 1225 par-

320 1255 445 1349 ticeps,
468 1273 540 1322 non
560 1251 857 1348 ignarusFrisicae
872 1252 1093 1336 temeritatis,
1118 1247 1304 1324 confestim
1328 1251 1456 1322 armari
1481 1252 1626 1324 exerci-
1676 1337 1678 1340 ¹

321 1391 398 1448 tum
420 1369 695 1470 praestolarique
716 1376 844 1456 ‚castris
858 1387 1022 1470 paratum
1034 1371 1148 1470 jubet.
1205 1371 1324 1468 liujus
1352 1371 1404 1444 rei
1423 1372 1626 1446 inseiifri-

322 1520 427 1571 soues
445 1512 517 1570 tota
534 1517 675 1566 amnem
700 1519 809 1570 manu
825 1511 970 1596 repente
985 1493 1210 1587 transvolant,
1227 1493 1305 1584 rati,
1322 1494 1398 1566 sine
1417 1511 1543 1593 paratu
1559 1521 1626 1570 re-

321 1646 404 1720 gem
420 1619 457 1692 in
474 1621 597 1692 castris
614 1641 701 1692 esse.
750 1622 802 1692 lta
817 1617 987 1692 audacius
1000 1642 1109 1716 qoam
1132 1615 1344 1716 prudentius
1358 1620 1473 1694 omnis
1497 1643 1628 1694 eorum
1744 1600 1745 1652 3

322 1743 448 1840 irrupit
463 1744 643 1832 exercitus,
656 1741 877 1839 inopinatum
889 1741 1026 1814 hostem
1042 1743 1246 1839 opprimere
1260 1737 1394 1814 avidus.
1444 1739 1515 1814 Sed
1529 1743 1626 1816 Sve-

321 1866 484 1938 ncniam's
495 1889 570 1936 non
582 1869 728 1962 segnius
743 1863 1026 1954 occursantibus,
1051 1862 1098 1936 ad
1112 1880 1216 1938 notae
1239 1859 1307 1936 sibi
1328 1857 1494 1962 reingere
1510 1861 1626 1960 palu-

323 1985 398 2062 des.
451 1989 550 2079 Quas
566 2011 648 2060 mor
664 1985 800 2085 equites
813 1985 988 2059 laetorum
1003 2012 1025 2059 a
1041 2009 1084 2092 se
1096 1990 1259 2084 pontium
1278 1990 1471 2060 stramentis
1490 1986 1546 2060 usi
1563 1985 1626 2058 sa-

322 2109 388 2184 cile
402 2125 593 2208 superant,
625 2107 856 2208 translatique
871 2107 995 2208 fugam
1010 2109 1180 2182 acerrime
1194 2123 1466 2213 persequuntur.
1491 2207 1495 2211 Ι
1518 2106 1627 2184 Aliud
1745 2164 1746 2196 ,

323 2257 473 2332 quoqne
487 2232 586 2306 lerro
601 2231 670 2306 sibi
684 2229 938 2330 compendium
950 2245 1099 2306 suuunt.
1157 2233 1245 2304 Nam
1271 2245 1369 2303 tanta
1391 2229 1429 2302 in
1449 2229 1625 2330 fugientes

323 2373 459 2454 strages
474 2359 626 2428 exercita
641 2369 702 2444 est,
713 2369 762 2447 nt,
778 2357 963 2432 constratis
978 2351 1220 2445 cadaveribus,
1235 2357 1347 2428 amnis
1365 2377 1449 2425 mcx
1471 2355 1625 2428 avictu·

303 2463 425 2554 ¹ribus
438 2479 616 2577 permeari
638 2478 800 2575 potuerit
856 2481 961 2550 Fusts
977 2473 1202 2570 Frisonibus,
1225 2479 1381 2550 Cenutus
1404 2499 1488 2551 cum
1504 2477 1627 2573 paucis

324 2601 417 2676 exilii
438 2603 664 2700 sociiseqaes
685 2593 852 2676 elabitur.
903 2597 1073 2698 Reliquis,
1093 2599 1188 2698 sugas
1211 2597 1429 2697 expertibus,
1449 2597 1627 2696 oppidum

324 2726 487 2822 receptui
500 2725 574 2798 luit.
628 2726 695 2796 Cui
711 2727 828 2798 Saeuo
844 2724 1153 2800 Coactum-inesse
1173 2737 1287 2812 ratus,
1320 2719 1501 2814 obeessm,
1516 2743 1627 2818 φιαιι
1746 2737 1747 2748 ’

324 2861 475 2946 peterat,
488 2845 646 2926 micum
662 2843 890 2946 aggreditur,
921 2865 1077 2940 sperans,
1099 2843 1305 2918 obtentione
1319 2845 1399 2942 ejus
1419 2845 1529 2920 totius
1541 2843 1626 2918 belli

323 2969 432 3043 linem
444 2968 613 3044 selmum
661 2969 808 3042 saucios
822 2967 964 3065 integris
979 2979 1109 3058 mutat3
1133 2965 1234 3042 iessis
1250 2969 1430 3067 requietus
1447 2967 1627 3047 suceede-

325 3115 365 3164 re
377 3090 499 3190 jubet3
525 3089 653 3167 diurno
667 3089 790 3188 prelio
805 3105 1019 3164 nocturnum
1041 3087 1170 3182 sociat,
1201 3096 1369 3188 omnique
1381 3090 1541 3166 instantia
1555 3113 1626 3166 cu-

325 3229 391 3308 rat,
415 3211 576 3288 celassis
591 3215 693 3311 quies
713 3210 873 3285 remedio
892 3209 964 3288 fia't.
1013 3209 1178 3284 Addebat
1201 3211 1357 3288 obsessis
1377 3217 1535 3288 animum
1561 3239 1627 3292 re-

325 3361 409 3412 cens
420 3336 644 3434 captivorum
660 3335 800 3428 occisio,
824 3359 891 3408 nec
906 3335 1072 3433 cuiquam
1091 3360 1113 3408 a
1137 3341 1270 3412 victore
1291 3337 1395 3415 toties
1410 3335 1499 3412 lesu
1523 3343 1629 3417 venia

325 3457 548 3557 sperabatur.
582 3461 715 3532 Contra
729 3484 800 3549 rex,
815 3459 845 3534 si
860 3481 1020 3558 pugnam
1036 3460 1235 3551 remitteret,
1250 3483 1369 3558 neque
1383 3485 1466 3534 mos
1486 3459 1630 3560 oppido

325 3582 507 3680 potiretur,
528 3586 658 3657 Fresos
670 3580 802 3656 auxilio
814 3579 970 3656 obsessis
986 3579 1124 3656 loturos
1137 3581 1300 3674 timebat,
1324 3581 1481 3682 ideoque
1497 3608 1630 3682 perse-

326 3709 523 3780 remotiore
542 3703 667 3802 ptaelio
691 3729 785 3801 opus
805 3702 970 3777 ducebat
1032 3704 1088 3777 Sic
1114 3720 1231 3779 metus
1252 3707 1418 3804 utrinqne
1443 3705 1633 3808 pugnandi

324 3831 555 3928 pertinaciam
577 3825 715 3898 lecerat
789 3831 859 3900 Nee
894 3826 1045 3902 interdiu
1073 3827 1257 3902 dimicasse
1278 3829 1447 3919 contenti,
1483 3845 1632 3904 noctem

327 3973 476 4049 quoque
499 3947 597 4022 bello
623 3947 860 4024 contribuunt.
935 3953 1036 4024 Tunc
1064 3973 1153 4023 vero
1184 3975 1318 4050 anceps
1348 3947 1514 4051 prelium
1542 3970 1633 4046 erat,

328 4055 410 4146 cum
425 4071 517 4146 forte
530 4070 789 4166 waldemarus,
805 4071 962 4146 clamore
980 4073 1139 4146 cominus
1157 4088 1254 4164 orto,
1271 4077 1398 4146 Fresos
1417 4073 1548 4147 instare
1563 4099 1635 4148 ra-

327 4210 396 4288 tuS,
422 4196 457 4268 in
474 4211 634 4296 partem,
659 4219 732 4292 qua
745 4198 908 4294 strepitus
932 4193 1204 4289 exaudiebatur,
1230 4221 1313 4268 cum
1333 4195 1441 4294 signis
1467 4201 1636 4294 accurrit,

328 4319 516 4415 sociosque
531 4341 707 4416 perquam
726 4331 866 4390 strenue
881 4337 1119 4418 repugnantes
1137 4343 1258 4392 errore
1279 4321 1392 4390 noctis
1411 4316 1533 4396 elusus
1555 4349 1639 4422 cp-

328 4440 465 4534 pressit.
526 4444 575 4516 lta
593 4441 774 4516 fortissimi
797 4443 903 4514 animi
929 4440 1002 4515 dux
1019 4443 1189 4542 temporis
1214 4439 1338 4515 habitu
1355 4441 1639 4538 circumventus,

330 4557 465 4657 quibus
491 4586 597 4660 opem
619 4565 713 4640 ferre
738 4562 961 4658 decreverat,
994 4563 1131 4638 cladem
1154 4581 1262 4663 atque
1283 4569 1426 4640 eritimn
1450 4571 1641 4666 irrogavit.

331 4681 524 4782 Oppidani,
535 4685 683 4762 assiduis
698 4687 814 4787 plagis
829 4703 865 4760 et
879 4686 1253 4762 continualassitudine
1267 4686 1439 4779 exhausti,
1464 4689 1643 4763 nullum-

331 4831 406 4907 qne
419 4831 552 4906 pugnae
565 4809 853 4909 supplementum
867 4808 1050 4904 habentes,
1076 4836 1158 4883 cum
1181 4835 1248 4884 nec
1272 4811 1366 4886 vires
1391 4837 1459 4886 nec
1481 4809 1644 4910 vulnera
