3508 5460
363 321 437 393 790
691 318 990 388 bistonum.
1014 317 1152 386 LIBER
1171 319 1261 390 XlV.

312 559 427 634 quum
445 536 526 606 vitre
552 544 693 623 tempus
716 522 833 621 gibbo
849 541 1018 598 orrerotus
1031 527 1195 624 exigeret.
1247 528 1287 598 ln
1303 551 1381 624 quo
1397 527 1548 626 quidem
1565 529 1640 602 ho·
1740 599 1741 630 ἶ

311 664 409 730 mine
426 649 632 728 excellentis
650 649 759 720 animi
786 665 1008 722 venustatem
1024 657 1189 748 corporis
1204 647 1430 724 deformitate
1446 651 1560 724 affecti
1578 652 1643 725 lu·
1740 633 1741 688 3

313 778 432 852 dibrio
456 774 629 848 foedatam
647 787 816 870 putares,
841 795 961 870 neque
977 770 1179 848 discernere
1199 787 1327 872 queas,
1350 775 1471 872 majus
1486 773 1643 847 fortunae

309 897 529 974 beneficium
552 896 744 993 receperit,
771 917 816 964 au
839 893 1080 992 opprobrium
1110 897 1271 969 senserit.
1333 898 1489 994 Contigit
1508 914 1642 986 autem,

309 1041 350 1098 ut
374 1027 454 1120 ejus
479 1017 645 1113 satellites
671 1015 772 1114 opud
798 1019 993 1116 Bergidum
1016 1016 1214 1116 oppidum,
1247 1021 1368 1118 jurgio
1394 1042 1475 1091 cum
1500 1020 1641 1092 Sivnrdi
1740 1014 1741 1080 Ὗ

309 1144 482 1218 militibus
498 1141 642 1234 habito,
669 1138 757 1212 dum
781 1139 869 1212 socii
896 1137 944 1212 ab
968 1147 1020 1214 eis
1044 1143 1150 1214 occisi
1175 1163 1305 1238 poenos
1322 1146 1507 1216 instantius
1524 1165 1641 1239 expe·

308 1284 406 1359 tunt,
431 1291 505 1338 non
527 1263 771 1338 interfectores
798 1258 930 1352 modo,
964 1262 1030 1336 sed
1052 1265 1172 1362 ipsum
1198 1263 1407 1353 Sivardum,
1434 1267 1641 1337 saevissima
1740 1265 1741 1314 t

232 1381 242 1386 ⁶
310 1389 603 1464 consternationis
629 1384 729 1458 iuriis
747 1386 924 1474 concitati,
950 1409 1018 1484 per
1036 1386 1109 1460 vim
1125 1403 1161 1460 et
1182 1385 1392 1460 seditionem
1415 1405 1640 1484 appeterent,

200 1493 202 1498 ⁵
310 1537 482 1607 eumque,
497 1512 533 1582 in
552 1506 670 1582 cedern
685 1507 812 1607 fugere
828 1523 1004 1601 coactum,
1021 1509 1206 1584 convulsis
1223 1507 1446 1584 tabernaculi
1465 1507 1640 1598 claustris,
1740 1501 1741 1514 ἦ

311 1652 456 1733 raptum
473 1630 702 1722 trucidarent,
725 1628 964 1703 homicidium
989 1632 1128 1730 specie,
1153 1657 1301 1706 revera
1325 1634 1523 1732 conjugum
1549 1657 1639 1706 sua-

310 1783 394 1830 rum
424 1758 527 1854 prius
559 1755 653 1828 ab
642 1780 726 1854 apso
754 1768 1068 1852 constupratamm
1105 1753 1358 1827 contumeliam
1391 1752 1638 1828 ulciscentes&

313 1882 428 1978 Cujus
471 1883 522 1950 rei
551 1883 685 1952 nuncio
721 1865 891 1968 (latenas,
924 1901 1007 1950 cum
1032 1875 1146 1950 classe
1168 1880 1364 1976 berginum
1390 1893 1548 1976 peteret,
1573 1900 1639 1976 per

310 2003 441 2078 obvios
464 2017 633 2100 accepto,
661 1998 802 2098 petendi
821 1999 938 2074 fratris
955 2023 1066 2097 quam
1080 1999 1230 2074 carendi
1249 1998 1425 2098 cupidior,
1446 1999 1637 2074 nibilomi-

310 2149 380 2201 nus
397 2123 445 2198 ad
462 2149 547 2198 eum
561 2125 746 2222 processit.
797 2129 828 2195 A
845 2147 920 2222 quo
938 2147 1023 2196 cum
1042 2122 1201 2197 debitam
1216 2129 1270 2198 sni
1288 2125 1391 2223 regni
1407 2139 1547 2222 partem
1566 2148 1639 2196 ne-

309 2249 387 2350 gari
402 2244 711 2336 animadverteret,
734 2247 862 2343 paucis
875 2269 962 2318 eum
977 2244 1105 2320 affatus
1128 2245 1309 2339 discessit,
1331 2244 1508 2344 vultuque
1525 2245 1637 2318 fidem

309 2379 540 2474 promittens,
563 2367 628 2444 sed
652 2375 828 2467 perempti
848 2367 965 2443 fratris
993 2369 1158 2468 exemplo
1186 2371 1304 2468 perire
1329 2386 1513 2460 metucns,
1540 2369 1636 2470 fugae

310 2523 350 2572 se
367 2523 478 2598 quam
507 2493 594 2567 novi
612 2489 755 2565 sceleris
778 2492 988 2566 auctoribus
1012 2491 1292 2567 oll'crremaluit.
1354 2495 1471 2586 Quem
1498 2491 1637 2567 Sivardi
1705 2517 1711 2534 ·

309 2621 562 2709 interfectores
588 2616 699 2716 priori
716 2615 877 2689 facinore
889 2639 1017 2714 purum
1033 2619 1199 2708 contenti,
1215 2617 1360 2716 Ingenio
1378 2613 1552 2688 aemulnm
1568 2616 1633 2714 ju-

249 2757 252 2764 “
309 2745 482 2835 dicantes,
511 2738 675 2814 navalem
701 2737 828 2834 fugam
849 2743 1004 2813 terrestri
1029 2755 1168 2810 mutare
1190 2738 1441 2836 compulsum,
1466 2737 1532 2812 sed
1554 2763 1634 2812 eam

307 2867 359 2941 ob
382 2867 528 2938 nimiam
552 2863 714 2962 corporis
737 2862 899 2961 saginam
923 2860 1053 2934 lentius
1077 2876 1330 2958 exequentem,
1360 2867 1512 2960 propter
1538 2859 1636 2936 liuns

305 2988 464 3088 peditem
483 2985 726 3078 occiderunt2,
744 2981 893 3058 duobus
908 2989 1007 3086 regni
1024 2983 1260 3083 participibus
1275 2982 1439 3076 sublatis,
1455 3008 1477 3055 a
1495 3009 1634 3084 superb

306 3113 386 3184 stite
410 3109 588 3208 dignitatis
613 3125 649 3181 et
674 3107 933 3206 stipendiorum
960 3115 1176 3180 incrementa
1206 3124 1402 3205 sperantes.
1463 3090 1633 3202 Quorum

307 3231 457 3306 scelesta
476 3231 608 3322 lames,
627 3231 664 3302 in
685 3247 867 3304 tantorum
890 3230 1025 3304 ducum
1051 3230 1189 3303 cladem
1214 3232 1371 3304 esuriens
1394 3233 1526 3330 vixque
1559 3259 1633 3332 ge-

305 3361 404 3427 mino
425 3358 595 3426 exsatiata
611 3351 815 3449 parricidio,
830 3354 877 3426 ab
889 3357 1058 3452 anuino
1078 3351 1249 3452 quodam,
1266 3354 1548 3450 prternaecaedis
1565 3354 1633 3427 ul-

305 3459 443 3551 tionem
456 3491 609 3575 petente,
626 3473 860 3573 postmodum
881 3475 1059 3551 vindicata
1076 3493 1139 3550 est.
1190 3473 1389 3574 Siquidem,
1416 3480 1527 3550 trium
1549 3476 1631 3550 for-

304 3618 391 3673 tuna
406 3596 457 3670 ad
473 3621 585 3670 uuum
601 3600 770 3696 ingonem
788 3625 855 3700 per
871 3602 991 3676 timet
1010 3600 1151 3674 facinus
1164 3597 1321 3686 redacta,
1344 3623 1421 3672 non
1441 3608 1631 3674 sustinue-

301 3737 388 3796 runt
409 3720 615 3814 Amandus,
639 3723 791 3797 Simonis
806 3721 940 3816 filius³,
974 3740 1008 3797 et
1028 3721 1258 3821 Philippum,
1268 3720 1403 3821 aliique
1422 3721 1635 3824 complures

302 4023 336 4086 in
350 4022 460 4106 praeliu
482 4031 589 4086 conon
609 4019 775 4104 sigurdum
800 4023 932 4088 Slernbi-
1036 4023 1194 4085 ²Perlu'tem
1208 4021 1390 4100 occiderunt]
1404 4025 1455 4088 De
1476 4021 1636 4086 caedeEi-

302 4127 391 4193 dinen
412 4125 584 4204 commisso,
609 4125 643 4187 in
663 4147 725 4210 qno
745 4126 873 4192 triennis
897 4131 930 4193 iu
988 4125 1080 4190 steini
1097 4125 1155 4190 rid.
1172 4127 1253 4192 Hire
1267 4149 1333 4214 reg.
1348 4131 1486 4214 Norteg.
1506 4131 1567 4196 vol.
1589 4133 1639 4192 111

300 4235 367 4297 sinu
380 4245 512 4319 gestatus
525 4231 626 4296 iuerat
634 4254 651 4295 a
660 4230 847 4313 Thiouotso,
861 4255 930 4298 cnm
991 4253 1022 4316 p.
1033 4228 1181 4298 stt-377.

299 4337 439 4403 hostibus
450 4338 566 4404 interea
590 4337 737 4402 acerrime
757 4337 927 4404 dimicante.
1035 4341 1221 4410 muudus,
1230 4339 1359 4400 &boob
1365 4336 1470 4419 fidas]
1479 4337 1635 4403 Nomine·

347 4450 358 4483 ¹
378 4447 587 4511 Contumeliam
603 4443 793 4526 'ulct'scentes]
817 4445 923 4512 caeies
987 4457 1040 4508 tur
1052 4445 1132 4508 inter
1148 4465 1210 4525 eos,
1223 4443 1277 4528 qni
1300 4467 1317 4506 a
1333 4443 1474 4528 pertibus
1488 4447 1640 4532 antrini

300 4547 423 4631 Signrdi
438 4563 613 4616 narratura
637 4557 795 4618 Snorroue
812 4552 833 4614 l.
853 4571 924 4638 cp.
987 4552 1118 4630 stabant,
1138 4553 1157 4613 l.
1174 4569 1200 4614 c.
1221 4576 1253 4638 p.
1273 4547 1344 4614 378.

299 4651 453 4732 diii-3723
465 4654 519 4718 red
535 4655 588 4720 illc
606 4678 702 4742 neque
714 4659 862 4722 luxuriam
878 4679 928 4722 re·
1033 4657 1227 4746 *Pitipped
1246 4661 1295 4722 De
1308 4657 1368 4722 boc
1384 4657 1532 4746 Philippo
1548 4659 1643 4742 Gyr-

299 4762 346 4844 gis
370 4779 470 4846 neque
494 4762 619 4828 maritus
649 4764 775 4829 ultionis
797 4765 926 4850 cupidus
989 4763 1056 4829 deri
1071 4763 1134 4827 filio
1153 4763 1214 4829 riri.
1229 4762 1311 4828 flur.
1323 4784 1390 4849 reg.
1403 4767 1536 4852 Norreg·
1552 4765 1643 4836 vot.

298 4879 528 4931 commemorat.
986 4873 1028 4933 lll
1043 4895 1074 4956 p.
1090 4867 1164 4954 373,
1186 4865 1258 4954 415,
1281 4867 1353 4937 423.

971 5069 981 5116 i
