3536 5462
340 261 415 335 938
664 255 1122 332 summittimus
1140 257 1218 373 ΧΥ.

293 471 381 560 sibi,
407 465 557 567 exploso
572 468 750 568 pontilicis
769 453 1008 562 ministeriun
1032 469 1202 546 sufficere
1216 467 1449 570 predicabat.
1506 467 1618 566 Igitur

293 595 329 666 in
356 591 475 665 divina
499 597 638 689 ‘pariter
660 591 893 691 humanaque
918 609 1115 691 grassatus,
1151 595 1343 693 majestatis
1370 606 1616 688 contemptum

295 713 476 814 religionis
492 705 630 813 injuriae
646 715 818 790 sociabat
867 716 944 786 Rex
965 711 1098 788 frustra
1115 705 1223 790 minis
1237 717 1402 789 institisse
1417 739 1458 787 se
1480 710 1617 804 ridens,

295 839 403 912 armis
421 859 530 936 agere
550 839 748 929 constituit,
768 851 968 934 exactoque
985 839 1106 912 messis
1120 856 1285 938 tempore
1299 844 1329 929 ²,
1352 839 1389 911 in
1406 831 1616 935 trajiciendo

294 959 405 1034 milite
420 961 558 1059 magnis
573 961 800 1060 mirigiorum
817 961 930 1058 copiis
947 961 1160 1066 succinctus,
1176 960 1385 1061 llelsingum
1404 957 1612 1058 oppidum⁸

294 1085 404 1184 petit,
428 1082 609 1156 Absalone
623 1085 713 1157 iuter
732 1099 937 1184 postremos
954 1081 1140 1182 appellere
1155 1088 1267 1184 jusso.
1317 1083 1518 1156 Plurimum
1545 1079 1616 1153 illic

296 1205 448 1306 vulgus,
473 1205 637 1304 piscandi
670 1207 939 1306 opportunitate
963 1224 1202 1299 contractum,
1234 1205 1374 1282 crebris
1399 1203 1617 1278 habitaculis

295 1344 537 1428 occupaverat
554 1327 649 1403 littus
661 1332 692 1402 ⁴.
746 1327 874 1424 Quod,
899 1327 1083 1402 Absalone
1100 1332 1194 1424 viso,
1216 1329 1343 1404 odium
1362 1331 1442 1428 ejus
1457 1325 1616 1400 alimen-

244 1541 247 1546 ·
295 1469 416 1528 torum
434 1475 584 1526 suorum
600 1450 719 1526 studio
734 1470 971 1553 anteponens,
997 1452 1165 1526 litterales
1182 1469 1228 1545 et,
1257 1475 1352 1550 quos
1373 1475 1478 1526 casus
1498 1449 1616 1526 obtu-

294 1573 405 1665 lerat,
430 1571 575 1673 lapillos
598 1574 810 1650 adventanti
823 1577 936 1674 ipsius
952 1569 1097 1675 na‘rigio
1114 1575 1325 1673 objiciebat,
1350 1598 1482 1672 purum
1503 1597 1615 1647 reco-

295 1695 424 1788 lendo,
448 1697 550 1770 illum
576 1723 598 1768 a
621 1720 660 1769 se
678 1699 811 1771 Scaniae
829 1696 962 1772 finibus
987 1696 1091 1796 pelli,
1127 1703 1188 1797 qui
1216 1700 1352 1771 cunctis
1376 1700 1501 1770 Danire
1527 1695 1616 1772 locis

295 1835 413 1892 tutum
440 1817 668 1893 habitationis
696 1844 803 1893 usum
832 1825 1056 1919 prestiterat
1116 1824 1222 1915 Pars,
1253 1845 1340 1920 rege
1375 1825 1411 1892 in
1441 1824 1618 1897 concione

250 1969 256 1974 ·
295 1939 437 2032 relicto,
464 1965 536 2039 per
545 1965 727 2016 summum
748 1944 938 2041 majestatis
955 1959 1204 2042 contemptum
1225 1942 1273 2017 ad
1294 1967 1394 2018 mare
1412 1941 1617 2036 decurrens,

295 2065 454 2138 antistitis
467 2060 664 2138 adventum
681 2071 758 2162 pari
772 2067 900 2166 injuria
910 2066 1122 2165 excipiebat.
1175 2071 1205 2137 0
1221 2071 1359 2168 ingrata
1371 2069 1616 2142 scaniensium

296 2211 403 2288 gens,
436 2211 518 2285 quae
549 2184 659 2283 pleno
691 2193 895 2264 temeritatis
925 2190 1048 2264 furore
1076 2204 1128 2262 tot
1156 2188 1434 2264 commodorum
1468 2205 1616 2264 tuorum

296 2315 431 2384 sudori
458 2311 627 2408 injurium
653 2335 724 2410 pro
743 2314 864 2411 ⁴gratia
887 2310 1086 2412 rependere
1115 2311 1237 2384 rubori
1260 2337 1335 2386 non
1361 2311 1474 2386 ducis
1540 2297 1618 2386 Pa·-

295 2433 402 2506 storis
417 2433 646 2532 parentisque
654 2434 706 2508 tui
720 2437 916 2534 navigium,
932 2435 1205 2535 improbissimis
1221 2452 1345 2508 evecta
1355 2433 1467 2525 furiis,
1481 2433 1619 2512 finibus

295 2557 364 2628 tuis
380 2554 578 2654 prohibere
592 2560 751 2650 conaris,
777 2560 883 2658 cujus
899 2557 1077 2633 beneficio
1101 2527 1184 2647 tibi,
1209 2557 1392 2656 piraticam
1418 2560 1522 2632 toties
1538 2584 1618 2634 ste-

298 2683 416 2752 ritiam
438 2695 611 2778 expertes,
637 2695 712 2754 tuta
734 2681 803 2754 late
835 2683 1038 2782 navigatio⁶
1075 2666 1182 2779 patet
1216 2665 1287 2752 'llli
1315 2698 1531 2778 praesentem
1554 2683 1619 2758 lit-

295 2809 383 2876 toris
401 2800 537 2876 aditum
559 2825 693 2902 negas,
716 2788 821 2903 ¹cujus
839 2802 968 2877 bellica
990 2809 1121 2896 virtus,
1148 2829 1195 2876 ne
1221 2819 1261 2875 tu
1279 2803 1429 2902 quidem
1453 2801 1532 2893 hac,
1549 2804 1617 2881 lit-

296 2930 382 2999 toris
405 2923 490 2998 sede
514 2924 705 3024 pellerere,
736 2925 896 3024 perfecit.
957 2928 1090 3002 Desine
1115 2951 1204 3026 ergo
1233 2928 1378 3023 optimis
1405 2911 1619 3029 amplissimi

296 3049 584 3147 integerrimique
612 3052 678 3124 viri
702 3049 835 3124 meritis
869 3051 974 3149 quasi
999 3049 1218 3149 gravissimis
1253 3049 1426 3126 insultare
1458 3051 1618 3148 delictis,

297 3194 530 3268 erroremque
556 3171 682 3268 iniquo
709 3175 911 3247 animorum
934 3157 1071 3273 judicio
1099 3185 1318 3246 contractum
1345 3174 1461 3249 veloci
1488 3182 1618 3276 poeni-

296 3293 411 3364 tentioe
442 3289 560 3366 studio
592 3291 739 3368 redime.
813 3299 888 3369 Nec
918 3298 1094 3395 patienter
1117 3319 1178 3368 rex
1208 3305 1292 3368 tam
1317 3301 1617 3378 contumeliosam

298 3436 426 3488 ¹eorum
453 3412 639 3489 audaciam
665 3417 760 3492 ferre
787 3421 926 3518 potuit*
970 3421 1191 3493 AEstuantem
1219 3441 1322 3510 eum,
1356 3445 1546 3524 equosque
1580 3445 1618 3502 et

350 3711 359 3744 ¹
386 3708 539 3790 Pontpieir
567 3708 741 3795 mrirr'rtertb]
773 3715 793 3776 l.
823 3733 849 3776 e.
880 3735 928 3776 sr-
982 3709 1071 3796 regni
1087 3709 1278 3778 Waldemari
1294 3711 1385 3797 primi
1399 3717 1481 3800 regis
1495 3717 1531 3779 in
1546 3717 1618 3804 ipso

297 3811 488 3899 ehiepiscopi
507 3815 686 3882 Lundonsir.
980 3815 1064 3880 freto
1088 3816 1280 3882 Oreeundico
1306 3827 1390 3882 tauta
1418 3824 1619 3889 multitudine

342 3923 490 3984 ²Eroeto
526 3930 625 3990 messis
653 3923 794 4016 temporo]
834 3923 926 3988 Anno
982 3941 1165 3988 concurrere
1178 3927 1403 3988 etconrororrri
1418 3929 1528 3993 solitos
1541 3917 1625 4009 erse}

299 4023 390 4090 1180.
981 4040 1014 4092 ut
1029 4028 1264 4094 incolcScauiae
1274 4031 1618 4100 exinterioribnrterra

343 4137 354 4172 ³
378 4138 554 4220 Helsrirgum
574 4132 727 4220 oppidum]
748 4133 783 4198 ld
798 4137 927 4200 estHel·
980 4135 1156 4220 regionibus
1176 4149 1312 4222 capturae
1331 4149 1473 4222 tempore
1494 4137 1617 4222 (meto

296 4241 453 4324 cingier&
472 4261 565 4326 supra
585 4263 618 4326 p.
632 4235 696 4302 898
715 4243 926 4327 Helrrirgorom
980 4244 1085 4307 messis
1106 4243 1282 4329 tempore),
1308 4245 1471 4330 penatibus
1488 4247 1617 4328 rebem,

296 4347 364 4408 urbs
386 4345 506 4411 dicitur.
621 4425 628 4434 ι
980 4349 1065 4414 littus
1095 4336 1254 4434 peterent,
1293 4351 1395 4436 ibique
1428 4351 1468 4416 ad
1493 4367 1617 4440 tempus

343 4457 356 4488 ⁴
377 4457 540 4516 Plurimum
625 4455 924 4540 occupaveratlr'ttur]
978 4453 1066 4518 aedes
1076 4453 1616 4544 figerent30ir.Histlluytlmapffi

216 4595 223 4612 .
296 4559 397 4620 Locus
415 4559 446 4622 io
465 4560 592 4626 historia
613 4559 745 4645 piscatus
764 4563 923 4624 Danorom
1030 4565 1141 4625 ‘Tura
1156 4565 1217 4627 late
1239 4562 1409 4649 nmigatr'o]
1430 4567 1477 4628 lta
1494 4565 1542 4629 ed.
1564 4586 1617 4649 pr.

296 4660 378 4727 baud
397 4665 484 4747 parri
517 4679 563 4728 est
584 4666 748 4746 momenti,
773 4666 923 4751 siquidem
978 4668 1078 4732 Error
1094 4669 1300 4756 typographi,
1318 4691 1381 4756 quo
1397 4669 1430 4734 in
1445 4667 1619 4757 edsuptr.

294 4765 397 4851 docet,
411 4769 561 4856 hareugor
574 4771 756 4838 etiamnunc
763 4774 819 4840 rub
831 4773 923 4840 linem
978 4788 1035 4838 rua
1053 4773 1179 4858 legitur,
1198 4774 1232 4840 in
1253 4775 1415 4844 llloteiam
1431 4776 1571 4844 iteratur.
