3536 5462
344 261 466 379 ars!
664 259 841 331 nrsros.
857 256 964 358 osu.
979 261 1127 334 tuan.
1141 205 1233 332 xiv.

294 473 485 572 voluptatis
504 493 613 568 quarn
632 465 876 544 amaritudinis
903 491 1044 566 capere.
1086 469 1200 567 Igitur
1213 462 1479 565 expeditionem
1494 483 1611 552 orsus,

297 619 382 668 cum
407 617 523 692 prope
544 595 702 664 Moenam
734 593 901 679 venisset,
936 589 1085 664 obvium
1109 591 1257 690 accipit,
1287 613 1399 688 quem
1423 610 1544 684 nuper·
1563 584 1614 660 ad

297 713 462 814 ejusdem
486 713 609 792 insulae
626 714 910 812 promontorium
926 737 1102 787 novarum
1126 736 1250 786 rerum
1274 710 1483 784 exSclaro¹
1512 731 1613 806 cog·-

296 833 561 912 noscendarum
584 861 692 912 causa
719 837 968 910 transmiserat.
1018 835 1095 908 Illic
1119 839 1268 932 accepit,
1295 831 1444 907 classem
1466 830 1613 904 Solari-

298 985 391 1052 cam,
407 957 600 1032 Snaldensi
618 960 654 1029 in
673 963 801 1056 portu²
822 973 1033 1048 morantem,
1050 956 1216 1054 petendae
1232 959 1364 1030 Moeuas
1382 955 1611 1054 propositum

298 1105 433 1182 gerere,
458 1085 494 1176 in
521 1078 666 1153 australi
688 1081 800 1176 ipsius
825 1079 940 1154 littore
955 1081 1103 1177 equites,
1136 1078 1274 1178 pedites
1292 1084 1328 1152 in
1343 1075 1614 1175 septentrionali

298 1203 483 1292 edituram,
492 1204 632 1302 navigia
645 1227 730 1278 vero
740 1202 979 1302 Kyalbyensis
988 1204 1108 1276 sinus³
1129 1199 1350 1274 anfractibus
1359 1201 1615 1274 immissorem.
1639 1209 1641 1214 ’

299 1331 418 1420 Quam
443 1327 570 1398 iccirco
594 1332 717 1424 copias
743 1325 964 1426 spargendas
989 1322 1151 1416 duxisse,
1182 1349 1229 1398 ne
1255 1322 1379 1398 incolis
1401 1322 1498 1396 nllus
1516 1323 1615 1422 fugae

298 1447 400 1522 locus
418 1445 670 1522 admitteretur.
697 1453 778 1542 Quo
797 1465 994 1547 comperto,
1022 1452 1198 1546 optimum
1220 1447 1415 1520 arbitratus
1429 1461 1492 1534 est,
1507 1461 1614 1520 trau-

299 1570 414 1672 quillo
431 1574 663 1672 navigationis
678 1596 807 1672 genere
826 1573 994 1644 Coztarn⁴
1013 1587 1146 1670 petere,
1170 1597 1236 1644 nec
1251 1572 1350 1669 prius
1365 1570 1412 1642 ab
1428 1593 1471 1641 ea
1487 1565 1615 1641 direr-

299 1711 385 1789 tere,
400 1719 511 1796 quam
529 1694 649 1770 classis
664 1693 801 1770 hostica
820 1699 985 1792 seipsam
1003 1718 1045 1766 ex
1063 1691 1228 1768 consulto
1243 1690 1407 1789 praedicti
1421 1697 1523 1766 sinus
1539 1717 1615 1764 an-

300 1824 426 1916 gustiis
441 1817 635 1892 infudisset.
686 1820 755 1890 Cui
771 1819 800 1890 si
816 1819 995 1914 inopinate
1014 1817 1249 1916 supervenire
1264 1831 1429 1914 nequeat,
1452 1813 1615 1912 reliquas

299 1938 458 2016 hostium
473 1945 600 2037 copias
615 1953 791 2037 occupatu
805 1938 989 2044 facillimas
1005 1938 1225 2027 autumabat,
1240 1937 1376 2035 quibus
1384 1935 1508 2010 nullus
1522 1937 1618 2010 abs-

302 2088 374 2162 que
391 2065 541 2163 navigiis
558 2059 690 2136 reditus
706 2078 836 2160 pateat.
868 2062 1005 2137 Sclavis
1019 2063 1163 2160 segnius
1181 2061 1382 2158 agentibus,
1405 2058 1618 2136 dilationem

301 2186 461 2278 miratus,
477 2183 659 2260 Falstriam
675 2191 773 2283 petit,
788 2187 913 2285 ibique
926 2212 947 2258 e
961 2200 1032 2260 tota
1046 2185 1161 2260 classe
1171 2183 1257 2268 bina
1263 2185 1403 2284 navigia
1411 2183 1510 2283 legit,
1525 2190 1618 2284 qui-

301 2308 372 2384 bus
389 2307 546 2410 hostium
563 2325 662 2383 actus
677 2307 857 2406 speculari
873 2309 1053 2428 ppaecepit.
1076 2310 1215 2382 Horum
1231 2305 1384 2380 alterurn
1394 2305 1616 2384 Sialanden-

301 2427 416 2517 sibus,
430 2428 580 2505 alterum
592 2430 855 2506 Falstrensibus
868 2436 1041 2504 instruere
1057 2432 1208 2528 jussum,
1222 2443 1366 2521 statuto,
1380 2445 1428 2522 ut,
1445 2434 1474 2502 si
1485 2428 1618 2504 eadem

302 2551 350 2624 ab
360 2549 464 2626 hoste
471 2556 553 2653 capi
563 2555 776 2652 contigisset,
791 2553 941 2651 reliquae
950 2551 1459 2652 elassisimpensisredemptio
1468 2569 1618 2628 maaro-

302 2690 368 2748 tur.
400 2674 676 2769 Quodaudiens,
691 2681 752 2774 qui
769 2674 1088 2750 aSialandensibus
1105 2677 1142 2747 iu
1155 2672 1299 2750 alterius
1316 2676 1443 2774 navigii
1455 2679 1618 2778 regimen

303 2795 478 2870 adscitus⁵
493 2797 618 2889 luerat,
630 2821 777 2895 operam
793 2823 832 2872 se
848 2797 1018 2875 daturum
1034 2797 1274 2889 asseverabat,
1290 2824 1337 2872 ne
1352 2798 1617 2897 redemptionis

303 2918 518 2994 beneficium
536 2923 744 3021 captivitatis
763 2922 895 3020 injuria
914 2923 1049 3023 pacisci
1063 2943 1208 2995 necesse
1222 2918 1363 2996 babeat.
1415 2921 1524 3016 Quod
1539 2949 1620 2996 non

302 3043 451 3140 ignaviae
461 3067 570 3118 causa
586 3043 741 3118 officium
755 3042 997 3137 detrectando,
1014 3041 1078 3118 sed
1094 3041 1270 3142 vigilantis
1288 3043 1468 3120 industriae
1477 3045 1618 3122 fiducia

339 3303 364 3388 κ’
386 3301 433 3362 ste
461 3295 580 3376 Seiano]
604 3299 649 3360 lta
673 3295 721 3360 ed.
747 3317 796 3384 pr.
822 3297 929 3383 Stepb.
983 3318 1052 3364 rnen
1072 3295 1211 3385 quidem,
1231 3318 1294 3384 quo
1315 3297 1435 3378 nititur,
1456 3319 1618 3366 commen·

175 3415 179 3424 '
304 3402 426 3486 scripsit
446 3428 483 3466 ex
494 3405 622 3466 Solacia.
926 3439 929 3448 ·
984 3403 1045 3468 det.

1026 3513 1242 3594 Ἰζγαίὖχσιιείε
1259 3507 1354 3590 sanus]
1375 3511 1435 3573 Hic
1455 3512 1550 3590 sinus,
1565 3513 1615 3577 ita

349 3612 546 3676 ’swatdemt
569 3618 600 3676 a
624 3610 731 3701 pont]
766 3611 930 3692 acerram,
982 3601 1106 3702 lapago
1125 3615 1371 3700 ujeteoyamagte
1397 3600 1616 3702 et'ttjnatye

303 3715 426 3778 ubinam
455 3716 639 3803 quaerendus
666 3718 707 3783 sit
733 3715 784 3780 bic
812 3731 930 3804 portus,
983 3725 1045 3787 lille
1069 3725 1102 3785 in
1127 3723 1193 3806 ripn
1218 3722 1283 3804 ejus
1302 3722 1367 3784 sitis
1388 3722 1618 3806 denominatus,

303 3842 402 3907 neque
422 3824 598 3910 conjectura
618 3823 797 3907 adjuramur
817 3848 834 3889 a
854 3845 931 3888 non·
982 3828 1075 3894 hodie
1112 3827 1286 3892 nominibus
1325 3831 1413 3914 Stege
1456 3834 1524 3894 Nor
1561 3833 1619 3896 vel

302 3931 394 3994 nullis
430 3931 630 4016 scriptoribus
663 3930 782 4004 (subm.
810 3932 851 3992 D.
887 3933 929 3993 Η.
983 3939 1087 4000 Mans
1106 3939 1174 3999 Nor
1192 3933 1332 4018 cognitus
1352 3945 1405 3998 est.

303 4039 370 4115 Vll,
387 4027 468 4116 406,
498 4039 581 4116 Seli,
603 4037 712 4101 Gsscb.
734 4037 763 4098 d.
780 4038 821 4098 Η.
838 4039 930 4098 Pom·
1029 4047 1045 4080 ⁴
1060 4040 1192 4120 Coztam]
1225 4039 1326 4104 Hodie
1348 4044 1454 4105 Koster
1475 4052 1620 4124 vocatur,

303 4160 409 4221 mern,
451 4147 480 4222 1,
512 4139 585 4224 163)
630 4141 791 4228 adoptata,
830 4141 928 4206 sinum
983 4147 1141 4232 peninsula
1165 4145 1397 4231 septentrionali
1417 4147 1547 4212 Mennim
1575 4149 1620 4210 li·

303 4247 450 4333 intelligi,
478 4269 568 4337 quem
591 4267 674 4312 mare
692 4269 791 4334 prope
810 4248 848 4314 ab
876 4249 930 4312 illo
984 4252 1047 4318 tori
1072 4253 1239 4316 continens.
1281 4253 1344 4318 illis
1371 4271 1446 4316 vero
1463 4254 1620 4337 tempori-

218 4413 219 4424 ,
304 4353 373 4416 loco
411 4357 574 4436 immittat,
612 4353 666 4420 nbi
696 4355 798 4420 seculo
833 4357 928 4420 tertio
981 4358 1038 4422 bns
1058 4357 1153 4422 insula
1174 4369 1256 4438 crat,
1283 4356 1420 4422 nondum
1439 4378 1509 4422 cunr
1528 4359 1623 4424 Meo·

305 4455 422 4522 decimo
461 4464 564 4528 coloni
606 4461 780 4529 Germanici
821 4459 929 4524 urbem
983 4463 1034 4526 nia
1059 4463 1234 4546 cohaerens,
1270 4484 1339 4550 quar
1373 4464 1406 4526 in
1433 4463 1505 4528 libr.
1531 4484 1621 4533 ceos

305 4563 518 4647 condiderint,
535 4569 717 4654 Grtpeswald
735 4567 837 4658 lingva
858 4573 928 4631 Teo·
983 4567 1090 4638 Wald.
1109 4590 1140 4653 p.
1161 4565 1202 4632 51
1224 4571 1296 4634 Coss
1315 4568 1475 4654 apellatur.

304 4674 403 4732 tontes
432 4669 582 4756 (Dreger,
613 4672 689 4738 cod.
706 4671 780 4758 dipl.
797 4675 829 4752 l,
851 4671 928 4757 299)
1028 4673 1207 4756 ‘Adsct'tusJ
1222 4678 1267 4740 lta
1286 4675 1393 4763 steph.
1410 4674 1472 4762 Ed.
1488 4697 1538 4763 pr.
1558 4683 1622 4744 ssd·

303 4775 506 4862 appellatam,
546 4775 661 4866 quippe
686 4799 778 4864 quarn
805 4797 845 4844 ne
873 4799 929 4846 no·
983 4785 1066 4846 citus.
