3508 5460
605 333 932 408 WALDEMARUS
948 335 973 406 1.·
1323 335 1395 408 773

130 563 234 618 aures
251 539 388 616 habuit
440 543 578 617 Interea
594 543 932 646 Nicolausquidam,
949 548 1033 620 Rari
1047 545 1152 639 filius,
1174 563 1333 620 recenter
1347 547 1450 623 Sies-

130 667 323 738 rieensium
347 681 489 765 satrapa
513 669 741 760 constitutus,
764 695 847 742 cum
876 695 1001 744 eorum
1027 671 1173 743 antistite
1191 670 1356 744 Esberno
1377 675 1451 744 iui-

5 837 8 864 t
130 788 269 862 rnicitiis
282 785 528 864 vehementius
544 793 659 890 gestis,
684 815 751 892 per
763 817 946 866 summurn
961 793 1162 866 temeritatis
1178 781 1365 867 excursum
1383 819 1451 867 ce-

128 909 363 984 leberrimum
406 915 487 1013 ejus
526 912 681 987 fundum
724 917 988 1014 speciosissimo
1028 915 1244 1012 spoliaverat
1288 914 1450 990 aedificio.

130 1031 240 1126 Quod
263 1059 344 1107 cum
363 1033 528 1133 plaustris
553 1033 804 1110 devehendum
823 1037 1038 1131 mandasset,
1062 1063 1081 1110 a
1099 1037 1270 1112 militibus
1288 1039 1452 1132 Esbemi,

130 1155 416 1254 deportationem
433 1155 645 1250 inhibiturts,
661 1158 840 1233 occiditur.
892 1161 1004 1258 Cujus
1023 1161 1106 1233 iacti
1124 1183 1251 1258 poenas
1266 1161 1451 1235 Esbcrnus

129 1277 219 1351 dare
242 1295 423 1372 metuens,
448 1279 598 1378 perinde
613 1306 656 1354 ac
672 1287 807 1354 curiam
826 1289 1017 1383 petiturus,
1042 1280 1216 1355 ultionem
1232 1283 1338 1358 exilio
1355 1290 1451 1358 vita-

128 1404 187 1476 rit
241 1399 311 1474 Sed
335 1401 424 1476 dum
448 1402 548 1502 apud
568 1407 756 1478 Saxoniam
775 1422 986 1497 moraretur,
1003 1403 1134 1480 morbo
1151 1407 1367 1503 periclitatus
1387 1426 1450 1484 est.

132 1523 241 1616 Quod
267 1523 415 1600 audieus
441 1530 536 1600 Occo
561 1526 702 1622 sedem,
727 1554 839 1627 quam
854 1527 939 1602 olim
967 1527 1058 1602 salso
1074 1530 1235 1603 antistitis
1258 1513 1359 1604 titulo
1379 1557 1450 1606 oc-

131 1665 337 1747 cupaverat,
363 1651 542 1724 Octaviani
559 1653 663 1726 nixus
680 1657 868 1726 autoritate
882 1655 1107 1749 recuperat1.

264 1776 350 1846 Post
372 1769 468 1863 haec,
484 1775 653 1874 Rugianis
682 1800 726 1847 ex
745 1791 853 1873 pacto
872 1775 1078 1848 comitatum
1093 1773 1357 1874 prebentibus,
1382 1799 1451 1849 ca-

130 1891 276 1970 stellnm
288 1894 536 1995 Walogastum
550 1897 759 1972 obsidetur²
780 1923 801 1971 a
815 1921 912 1996 rege.
935 1895 1045 1990 Quod
1068 1922 1278 1997 quanquam
1293 1901 1330 1972 in
1345 1898 1450 1973 Scla-

129 2019 184 2090 rir
200 2022 310 2092 situm
329 2017 431 2110 foret,
458 2022 677 2094 acommnni
694 2027 818 2114 tamen,
825 2023 904 2120 ejus
919 2018 1053 2093 ditione
1071 2037 1268 2110 secretum,
1293 2023 1450 2122 propriis

131 2137 289 2216 ducibus
311 2141 514 2242 regebatur.
562 2143 621 2216 Ab
645 2142 754 2242 hujus
777 2141 901 2216 incolis
923 2145 1141 2218 Pomeraniae
1155 2161 1299 2241 satrapa
1314 2147 1450 2245 Bugis-

131 2259 257 2338 lavus³
287 2269 322 2336 in
339 2264 508 2338 auxilium
531 2283 712 2357 evocatus,
736 2271 835 2365 pacis
850 2267 965 2364 magis
980 2289 1091 2364 quam
1107 2265 1194 2340 belli
1209 2267 1359 2342 consilia
1374 2273 1449 2341 cir-

132 2394 343 2486 cumspexit.
422 2390 539 2481 Quam
575 2393 680 2462 etiam
716 2415 785 2488 pro
829 2389 879 2462 eis
921 2385 1022 2486 apud
1065 2413 1187 2490 regem
1225 2387 1297 2462 hoc
1339 2388 1450 2464 modo

134 2517 361 2611 composuit,
388 2529 429 2587 ut
447 2537 522 2588 uon
546 2511 665 2585 solnm
689 2514 757 2610 ipsi
774 2513 851 2613 regi
876 2527 1061 2611 parerent,
1085 2510 1151 2585 sed
1169 2511 1273 2586 etiarn
1289 2537 1332 2587 ex
1346 2514 1450 2611 pira-

132 2635 195 2707 tis⁴
220 2637 276 2710 eui
296 2633 450 2710 fluminis
470 2638 587 2711 ostiis⁸
612 2635 786 2708 excedere
807 2635 1039 2726 sustinerent,
1068 2661 1223 2736 eamque
1244 2643 1451 2734 pactionem

132 2753 323 2832 obsidibus
340 2757 532 2832 firmarent.
592 2757 668 2834 lllic
692 2758 782 2834 sorte
805 2759 977 2858 Rugianis
999 2755 1048 2831 ad
1070 2761 1278 2832 concionem
1301 2761 1450 2850 vocatis,

136 3045 316 3114 1089-902
342 3057 472 3116 Fuerunt
495 3057 610 3144 inipso
638 3057 759 3118 concilio
868 3055 1033 3142 ³Satrapa
1057 3051 1248 3138 Bugislavus]
1268 3053 1451 3140 Bugislavus

136 3163 266 3222 recum
285 3159 377 3222 lr'teroe
392 3167 583 3224 excusatoria
602 3167 682 3245 regis
697 3163 761 3222 Da·
820 3157 903 3224 idern
915 3159 968 3222 ille
989 3171 1035 3222 est
1049 3158 1202 3246 princeps,
1228 3159 1283 3246 qui
1305 3180 1396 3246 supra
1417 3182 1450 3246 p.

134 3269 226 3328 erieer
244 3269 323 3350 regis
337 3269 494 3352 Noeregioe
513 3293 549 3332 oe
567 3271 646 3351 regis
659 3267 761 3350 Uaga·
820 3257 886 3332 749
904 3265 1097 3344 nominatur,
1128 3277 1160 3330 et
1182 3266 1235 3351 qni
1259 3285 1329 3330 curn
1352 3263 1450 3332 fratre

135 3375 762 3460 rr'oe,Boemr'oequoqaeregr's,inquidusom·
822 3374 981 3438 Cazintaro
1017 3368 1200 3456 (Cssimiro)
1231 3390 1270 3436 eo
1299 3385 1452 3459 ternpore,

133 3481 220 3544 ntus
239 3483 334 3544 literis
354 3483 550 3572 reponebant,
576 3486 656 3568 ipsos
679 3504 763 3564 reges
822 3481 1014 3550 Wartislaro
1032 3490 1121 3565 petre
1155 3489 1187 3542 et
1214 3479 1365 3544 Retiboro
1396 3501 1451 3566 ps·

131 3611 200 3650 eam
222 3590 366 3650 manseris
395 3609 494 3668 eorum
518 3591 681 3675 preut'rrcirir
710 3589 763 3650 do·
823 3601 895 3652 trun
908 3583 1452 3666 mortuis,PotnerettiaeeisVindrttm

129 3700 242 3756 murum
258 3697 406 3758 Victorem
425 3694 495 3756 cette
510 3717 541 3758 re
554 3717 614 3782 pro
627 3717 713 3780 papa
735 3707 765 3755 et
824 3691 952 3758 flurium
978 3709 1032 3756 teu
1053 3691 1163 3756 statie
1181 3692 1310 3778 proprie
1329 3691 1375 3758 sie
1406 3689 1451 3754 di·

130 3802 254 3862 domr'eo
266 3816 370 3864 tenere.
825 3813 884 3864 ctae
904 3810 1045 3886 preerat.
1064 3793 1131 3878 (Ὺ.)

180 3909 323 3969 'Interea
342 3910 484 3971 Nicotaus
514 3953 538 3970 ..
549 3952 572 3969 ..
595 3903 762 3993 recuperat]

130 4013 214 4111 Quas
232 4009 294 4074 hoc
319 4012 390 4075 loco
407 4013 505 4076 minus
526 4012 685 4076 commode
709 4011 762 4076 ad·
869 4013 938 4072 *Ea
952 4005 1078 4098 piratr's]
1099 4011 1210 4074 Sensus
1239 4005 1387 4092 requirit,
1417 4015 1452 4066 ut

129 4103 262 4194 duntur,
274 4117 323 4196 iis,
338 4139 407 4204 qttte
421 4118 459 4182 de
473 4115 599 4184 Oceano
616 4121 762 4204 episeopo
821 4115 951 4181 verbum
969 4121 1120 4189 rremr'aem,
1144 4114 1229 4202 quod
1250 4135 1267 4180 e
1291 4109 1377 4176 teitu
1389 4111 1451 4176 hoe

129 4223 170 4288 ab
193 4223 316 4290 Edttto
337 4227 598 4292 excommunicato
620 4245 711 4305 supra
732 4247 763 4308 p.
824 4222 894 4287 loco
911 4221 1055 4288 excidisse
1070 4219 1367 4303 videtui-‚addamus
1383 4215 1451 4301 (V·)

129 4327 197 4396 768
219 4344 392 4412 meatur,
403 4329 619 4423 ppaemittenda
636 4327 765 4394 inerant

178 4445 194 4480 ²
205 4441 366 4505 Castellum
376 4444 428 4503 W
423 4444 590 4526 alogartum
603 4432 764 4518 obsidetur]
872 4437 1088 4521 ‘Sutflumuu's
1097 4432 1193 4514 ostias]
1204 4433 1367 4498 cutellum
1374 4432 1453 4498 We·

125 4547 216 4612 Rrec
227 4559 312 4612 sexta
334 4559 400 4612 eret
418 4559 525 4612 eontra
544 4547 654 4610 slavos
677 4561 767 4626 expe·
826 4541 994 4626 logartum,
1025 4537 1118 4602 hodie
1142 4538 1305 4624 wolgast,
1330 4537 1363 4604 in
1385 4535 1453 4622 ripe

122 4653 224 4733 ditio,
239 4671 313 4716 rere
328 4653 400 4718 runi
419 4649 499 4717 1162
513 4662 650 4738 suscepte
674 4645 767 4734 (cuir.
826 4647 918 4712 Panis
934 4646 1046 4728 (Perre)
1060 4645 1157 4728 florii,
1176 4644 1258 4712 head
1281 4641 1391 4732 procul
1413 4639 1452 4706 ab

119 4761 216 4826 nac
232 4759 335 4845 linytl.
350 4782 382 4848 p.
397 4753 482 4846 379).
830 4755 896 4840 ejus
909 4755 1000 4837 ostio,
1018 4753 1110 4822 riturn
1123 4765 1199 4820 erat.
1219 4747 1287 4836 (V.)
1382 4799 1384 4802 -

1161 4855 1261 4955 (49⁸)
