3582 5466
185 239 187 246 ⁵
247 259 250 272 ’
362 295 438 370 em
712 291 887 364 ms'roa.
902 293 1008 400 nav.
1026 291 1165 364 trusa
1185 295 1243 364 ru.

315 503 476 604 religioni
493 523 570 576 sese
584 498 844 578 castaeorum
859 499 1082 596 promittens,
1095 497 1330 577 memdotalis
1349 497 1502 578 subsidii
1526 503 1635 578 veui-

315 653 375 702 rm
389 623 614 724 poenhsset,
629 627 811 713 continuo,
832 623 1054 698 execratione
1069 621 1225 712 remissa,
1240 623 1420 719 jacentem
1436 619 1634 720 amplexus,

315 751 482 826 abstersis
508 745 676 845 lacrymis
703 740 1100 841 depositisquedoloris
1121 743 1340 842 insignibus,
1376 761 1410 818 et
1433 744 1576 822 cultum
1591 730 1629 820 et

314 878 474 947 ammom
497 873 637 967 κςίιιω
664 890 846 942 resumere
860 867 984 963 jussit,
1016 889 1091 938 non
1114 861 1222 940 licere
1243 868 1430 964 inquiens,
1446 873 1630 965 privatum

312 1019 507 1072 maerorem
525 989 683 1090 publicis
698 995 864 1066 interesse
880 987 1052 1087 tripudiis.
1102 991 1229 1087 Neque
1245 995 1338 1065 enim
1354 1015 1438 1067 eum
1454 988 1631 1067 humilio·-

312 1115 654 1215 remdignitatesua
677 1110 818 1188 vultum
835 1127 1022 1210 gerentem
1046 1127 1109 1184 aut
1138 1111 1339 1210 supplicem
1361 1111 1545 1192 liminibus
1558 1112 1630 1190 ad-

313 1241 480 1318 volntum
505 1238 634 1312 intueri
657 1223 841 1325 sustinuit,
881 1231 947 1306 sed
971 1232 1242 1333 benignioribus
1277 1211 1396 1314 verbis
1418 1255 1630 1326 recreatum,

312 1339 498 1464 pristinam
515 1375 667 1448 vestem,
698 1381 774 1456 qua
797 1358 1015 1453 majestatem
1039 1379 1144 1430 suam
1170 1363 1439 1436 concinniorem
1463 1359 1629 1450 efficeret,

313 1485 458 1584 corpori
472 1506 647 1580 reponere
675 1479 935 1580 cultioremqoe
950 1475 1124 1576 progredi
1137 1480 1265 1576 jubet,
1287 1482 1370 1556 satis
1392 1505 1521 1583 graves
1543 1506 1628 1560 eum

313 1631 443 1710 peenas
459 1603 625 1705 religioni
642 1601 785 1678 dedisse
801 1618 914 1690 ratus,
942 1606 1007 1700 qui
1021 1629 1061 1680 se
1081 1621 1153 1678 tam
1173 1603 1328 1682 demisse
1349 1630 1457 1703 agere
1482 1620 1629 1702 tamque

313 1731 525 1834 suppliciter
540 1743 766 1827 prosternere
782 1729 1014 1802 sustirvuisset.
1048 1725 1198 1818 Deinde,
1211 1731 1392 1825 imperatis
1407 1728 1627 1826 penitense

311 1857 435 1945 rebus,
460 1867 633 1940 cantores,
658 1871 816 1946 quorum
831 1849 1031 1946 irequentia
1052 1848 1245 1925 solennitas
1268 1849 1459 1951 agebatur,
1492 1855 1528 1930 in.
1556 1875 1627 1926 oc-

313 2003 461 2054 enrsum
479 1976 571 2072 ejus,
596 1995 673 2069 qno
688 1972 849 2046 ornatius
870 1972 1111 2069 reciperetur,
1137 1971 1461 2072 procederejnssit,
1483 1975 1628 2049 statim-

312 2127 387 2204 que
402 2092 649 2176 venerabiliter
664 2109 866 2191 exceptum,
882 2098 1016 2170 cunctis
1029 2094 1148 2170 laetitia
1163 2096 1365 2186 orantibus,
1381 2094 1429 2171 ad
1444 2121 1547 2173 aram
1559 2121 1629 2176 us-

312 2249 386 2324 qne
400 2219 576 2321 perduxit
628 2219 680 2290 lta
697 2218 826 2313 prioris
841 2215 1016 2294 violentiae
1031 2225 1187 2316 speciem
1200 2216 1351 2298 honesto
1367 2222 1541 2299 comitatis
1553 2245 1628 2320 ge·-

311 2371 397 2422 uere
411 2345 635 2442 imperavit,
659 2336 891 2438 repulsisque
906 2337 1170 2415 deformitatem
1187 2343 1350 2438 specioso
1369 2343 1532 2438 pensavit
1549 2341 1627 2422 oh-

311 2474 451 2569 sequio.
503 2468 578 2539 Nec
593 2469 713 2538 minus
737 2463 995 2558 inpoenitentia
1021 2468 1256 2540 venerationis
1276 2491 1396 2562 qaam
1416 2470 1628 2541 austeritatis

312 2599 348 2666 in
374 2589 532 2668 admisso
551 2593 724 2685 reposuit
778 2587 874 2676 Quin
894 2590 1000 2659 etiam
1019 2584 1148 2662 adbuc
1180 2589 1343 2662 moerenti
1362 2584 1626 2664 solicitudinem

311 2715 478 2802 demerit,
505 2708 675 2786 fiduciam
699 2706 848 2806 adjecit,
883 2711 1107 2808 privataeque
1123 2711 1264 2784 tristitae
1283 2709 1462 2788 salebram
1477 2711 1627 2809 publim

311 2837 548 2939 gratulatione
564 2829 740 2908 discussit.
799 2831 935 2926 ltaque,
956 2829 1059 2928 quod
1074 2836 1111 2905 in
1131 2837 1289 2929 potentis.
1299 2834 1362 2907 viri
1377 2831 1513 2910 scelere
1534 2833 1626 2932 pol-

311 2960 428 3034 lntum
445 2956 572 3047 fuerat,
596 2950 765 3050 religiosa
785 2956 973 3026 severitate
999 2959 1181 3052 expiatum
1196 2972 1257 3028 est.
1314 2953 1386 3034 Sed
1410 2973 1445 3030 et
1466 2955 1628 3054 populus

312 3086 467 3158 resima
484 3077 618 3175 plausu
635 3092 708 3148 tam
724 3091 917 3172 spectatam
934 3082 973 3150 in
984 3103 1068 3176 rege
1086 3077 1339 3156 verecundiam
1353 3079 1629 3178 comprobabat,

310 3203 396 3303 plns
418 3200 623 3303 prenitentia
647 3200 750 3297 pium
775 3223 886 3300 qnam
913 3205 1063 3297 imperio
1087 3199 1280 3277 scelestum
1307 3204 1458 3280 erasiese
1474 3202 1626 3280 confes-r

311 3351 384 3402 aue
435 3329 624 3424 Peregerat
637 3324 711 3420 jam
728 3322 888 3419 pontifex
906 3323 1023 3396 severi
1040 3347 1082 3398 ac
1099 3325 1152 3420 pii
1173 3322 1325 3400 vindicis
1343 3343 1483 3424 partes,
1516 3331 1629 3424 inque

311 3447 442 3528 eodem
469 3448 599 3546 rigoris
623 3463 660 3520 et
682 3442 879 3520 clementie
907 3446 1149 3542 experimento
1176 3471 1215 3520 se
1238 3451 1361 3548 gessit,
1392 3473 1461 3524 nee
1484 3451 1630 3548 parcius

310 3575 452 3650 reniam
478 3593 590 3668 quam
614 3564 807 3642 vindictam
836 3567 1006 3644 exhibuit.
1073 3572 1227 3668 Quippe,
1240 3573 1345 3670 cujus
1364 3577 1628 3648 contumaciam

309 3717 436 3770 severe
451 3690 594 3790 repulit,
617 3689 842 3789 indulgenter
858 3691 1068 3766 modestiam
1088 3692 1210 3783 coluit,
1235 3699 1360 3792 sicque
1378 3695 1497 3792 pietati
1513 3698 1627 3794 justi-

309 3819 395 3892 tiam
412 3814 700 3913 contemperavit,
727 3829 766 3886 ut
783 3839 849 3888 nec
867 3834 1052 3912 sperneret
1068 3816 1268 3914 supplicem
1284 3840 1350 3892 nec
1377 3820 1547 3918 reciperet
1560 3825 1626 3892 iu-

310 3939 495 4017 solentem.
555 3940 635 4029 Qua
659 3943 695 4020 in
712 3962 753 4012 re
769 3941 907 4034 paterni
921 3937 1069 4014 affectus
1083 3939 1247 4012 habiturn
1262 3939 1466 4038 plenissime
1481 3931 1629 4039 cepre-

199 4043 201 4056 ’
310 4067 473 4152 sentavit,
498 4057 603 4160 qnod
622 4061 781 4158 parentis
797 4086 899 4134 more
916 4065 1181 4161 correptionem
1203 4061 1382 4138 blanditiis
1409 4063 1630 4140 subsecutus

309 4201 502 4284 nequeant
516 4181 651 4258 elatum
665 4181 830 4280 amplecti
848 4202 909 4258 aut
927 4184 1122 4260 demissum
1135 4189 1316 4284 aspernari
1331 4189 1507 4261 sustinuit
1542 4189 1629 4258 Post

308 4304 388 4380 haec
404 4309 536 4381 ombsa
552 4305 671 4378 altaris
699 4329 800 4377 saera
815 4323 980 4405 repetens
1006 4335 1148 4384 summo
1174 4311 1266 4407 patri
1281 4315 1389 4408 regiae
1414 4311 1630 4407 expiationis

309 4427 462 4530 gloriam
477 4430 635 4522 succinit,
659 4454 780 4527 eoque
799 4433 959 4505 serenius
985 4432 1157 4531 gaudium
1172 4432 1292 4518 subiit,
1319 4458 1394 4530 quo
1411 4435 1542 4506 'tetrior
1557 4429 1629 4504 lu-

310 4567 389 4626 ctus
406 4573 514 4625 causa
538 4553 729 4648 precessit.
788 4553 863 4626 Rex
880 4555 971 4651 ipse,
984 4555 1139 4630 biduum
1162 4557 1283 4654 quiete
1308 4579 1497 4654 peragens,
1523 4554 1632 4628 tertio

309 4673 457 4748 demum
480 4669 538 4745 die
559 4679 659 4772 regio
684 4673 785 4747 cultu
808 4691 953 4749 ornatus
968 4683 1059 4750 inter
1083 4681 1162 4775 ipsa
1184 4679 1299 4752 missae
1323 4701 1424 4750 sacra
1449 4675 1632 4750 excelsam

310 4794 397 4871 sedis
413 4812 552 4896 partem
576 4795 792 4890 conscendit,
816 4797 1029 4898 silentioque
1050 4823 1117 4897 per
1142 4824 1348 4899 praeconem
1374 4800 1635 4875 venerabiliter
