3582 5466
350 292 422 364 586
694 293 871 364 lllSTOll.
889 293 994 366 DAN.
1011 291 1149 364 LIBER
1166 292 1225 362 xl.

300 503 454 591 causati,
486 501 636 575 classem
654 499 883 574 clandestino
915 508 1049 576 monitu
1074 504 1346 597 circumventam
1371 493 1617 572 domosabire

299 625 492 720 jusserunt.
547 626 663 716 Quam
680 648 754 694 rem
774 625 803 696 si
818 629 899 720 quis
917 623 1036 722 palam
1053 622 1259 698 exhortatus
1275 621 1416 714 fuisset,
1443 618 1617 720 publica·-

301 751 344 818 tis
360 744 466 818 bonis
482 762 543 819 aut
558 749 592 818 in
609 745 750 818 exilium
767 748 827 844 agi
857 763 919 820 aut
934 748 1075 847 capitali
1093 745 1272 846 supplicio
1289 745 1380 818 allici
1396 743 1477 842 lege
1494 765 1618 814 mere-

301 866 418 941 batur,
475 866 719 960 Quamobrem
744 866 955 944 delectionis
984 869 1228 944 incentoribus
1252 869 1464 943 tutissimum
1491 865 1619 952 visum,

303 1004 340 1062 ut
359 993 435 1065 sine
451 989 526 1063 ullo
543 1005 688 1062 auctore
705 992 783 1087 ipse
797 990 864 1064 sibi
882 993 1044 1092 populus
1062 991 1270 1066 desertionis
1292 991 1467 1064 licentiam
1499 984 1621 1063 vindi-

302 1126 414 1203 caret,
440 1137 484 1184 ne
507 1129 579 1184 tam
600 1112 777 1208 privatum
793 1112 1015 1190 discessionis
1041 1117 1173 1188 crimen
1195 1139 1306 1213 qnam
1335 1111 1525 1212 publicum
1541 1105 1616 1180 ba-

300 1232 457 1307 beretur.
511 1238 663 1306 'lantum
679 1251 797 1318 autem
813 1235 910 1334 apud
928 1237 1167 1335 improvidam
1185 1236 1418 1311 multitudinis
1435 1233 1622 1306 temerita-

301 1374 372 1428 tem
388 1349 552 1430 irrsidiosa
571 1373 775 1456 magnatum
791 1365 881 1434 ratio
897 1358 1026 1450 valuit,
1052 1359 1154 1459 quod
1172 1358 1289 1458 plebs,
1311 1384 1384 1432 uon
1413 1361 1531 1428 miuus
1548 1379 1622 1427 eo-

300 1504 380 1553 rum
398 1485 604 1553 auctoritate
630 1505 740 1578 quam
756 1478 866 1556 morae
885 1481 993 1557 taedio
1008 1481 1175 1574 adducta,
1192 1481 1463 1555 fidentissimam
1485 1499 1620 1550 rever—

302 1600 398 1674 tendi
419 1600 615 1674 libertatem
644 1610 828 1702 acciperet.
894 1607 1009 1705 Cujus
1034 1604 1117 1678 facti
1136 1629 1199 1676 rex
1225 1603 1426 1702 cognitione
1441 1615 1621 1698 suscepta,

182 1753 185 1760 ·
304 1723 468 1796 dolorem
497 1731 607 1822 larius,
625 1724 754 1801 deinde
768 1728 924 1803 laetitiam
941 1735 1023 1827 agit.
1075 1724 1257 1824 Siquidem
1285 1726 1451 1824 injuriam
1473 1724 1508 1796 in
1528 1719 1621 1795 reli-

223 1921 225 1928 ,
305 1847 420 1944 gionis
440 1846 603 1938 habitum
621 1849 805 1940 formavit,
840 1851 1056 1948 mulctoeque
1081 1851 1224 1922 nomine
1246 1853 1399 1946 primaru
1422 1842 1623 1943 exigenda-

304 1992 384 2040 rum
402 1964 625 2044 'decimarum
646 1976 870 2048 occasionem
891 1976 1072 2072 corripuit,
1097 1973 1247 2061 laetatus,
1265 1968 1366 2068 quod
1383 1970 1450 2042 sibi
1470 1967 1621 2042 utilissi-

304 2096 421 2164 mam¹
447 2100 618 2192 propositi
638 2099 806 2169 rationem
821 2101 1072 2196 opportunitas
1089 2092 1320 2184 conciliasset,
1344 2115 1486 2190 suoque
1500 2089 1622 2164 dede-

305 2238 391 2287 core
405 2239 590 2288 sacrorum
606 2217 716 2292 decus
732 2222 906 2293 instruere
923 2220 1105 2316 cupiens².
1148 2221 1314 2314 Cumque
1328 2229 1512 2312 magnates
1527 2212 1621 2286 Ola-

305 2361 404 2426 vuw,
431 2363 541 2435 quern
559 2340 628 2412 sibi
643 2341 804 2414 factionis
819 2339 946 2414 ducem
965 2341 1128 2414 futurum
1143 2353 1385 2438 speraverant,
1401 2361 1422 2409 a
1438 2335 1546 2409 fratre
1559 2339 1622 2409 in·-

303 2475 504 2556 terceptum
528 2460 720 2554 audissent,
748 2467 931 2562 proposita
946 2463 1075 2536 {raude
1090 2462 1228 2554 delecti,
1251 2483 1429 2534 summam
1444 2463 1524 2559 ejus
1539 2459 1623 2536 dis·

304 2580 563 2656 simulationem
579 2603 739 2682 egerunt.
781 2590 904 2684 ltaque
920 2613 992 2676 rex,
1010 2588 1174 2658 accersita
1189 2581 1422 2682 postmodum
1438 2587 1623 2673 concione,

306 2703 421 2796 docet,
439 2723 612 2803 quantum
628 2709 772 2780 Dauicis
787 2711 897 2782 armis
914 2707 1075 2782 militaris
1090 2732 1233 2804 semper
1251 2703 1441 2804 disciplina
1463 2706 1622 2805 profue-

304 2833 367 2924 rit3
392 2853 449 2900 ma
452 2830 574 2923 jurum
594 2831 748 2926 imperiis
763 2855 784 2902 a
802 2831 1000 2904 minoribus
1014 2853 1158 2928 semper
1178 2829 1466 2926 obtemperatum
1493 2829 1623 2924 luisse;

303 2976 430 3050 regum
446 2955 691 3023 auctoritatem
718 2950 956 3050 popularibus
980 2959 1075 3026 inniti
1107 2951 1303 3051 suffragiis;
1331 2949 1538 3050 principum
1558 2952 1622 3024 sa-

306 3097 402 3146 mam
433 3072 533 3144 nullo
560 3076 672 3172 magis
695 3099 805 3172 quam
833 3074 981 3148 militum
1007 3075 1080 3150 fide
1099 3077 1274 3166 crevisse,
1308 3099 1509 3173 eorumque
1531 3073 1623 3148 nul-

304 3195 373 3268 lius
405 3201 572 3268 momenti
607 3197 797 3294 imperium
828 3221 923 3287 esse,
973 3202 1003 3272 si
1036 3224 1107 3270 non
1137 3197 1286 3296 plebeiis
1315 3197 1485 3272 subsistat
1512 3200 1622 3272 auxi-

305 3317 379 3412 liis3
420 3316 489 3389 sibi
514 3342 600 3390 uero
627 3343 744 3416 nuper
768 3328 925 3419 ignotam
950 3321 1094 3420 regibus
1137 3320 1387 3395 contumeliam
1422 3320 1622 3396 obvenisse.

307 3443 482 3514 Inusitatae
519 3439 739 3514 defectionis·
758 3445 919 3518 auctores
949 3442 1203 3517 hebetudinem
1227 3442 1384 3517 audaciae
1409 3443 1623 3540 praetulisse,

307 3563 471 3637 aviditate
486 3567 546 3636 otii
559 3567 829 3660 speciosissimas
847 3573 896 3640 rei
914 3568 1095 3667 negotium
1118 3566 1313 3669 subruisse.
1365 3564 1502 3662 adjecit
1515 3591 1620 3664 quo-

307 3712 392 3786 que,
406 3703 539 3785 quauta
556 3693 718 3783 pecuniae
732 3713 870 3762 summa
886 3690 936 3763 ob
951 3696 1099 3788 impium
1127 3688 1335 3763 desertionis
1348 3690 1482 3760 crimen
1506 3687 1620 3760 daur-

305 3812 379 3882 uari
400 3812 601 3898 meruerint,
626 3810 908 3910 gubernatorum
927 3810 1077 3911 singulis
1104 3809 1334 3909 quadragena
1355 3837 1541 3884 nummum
1561 3827 1622 3884 ta·

306 3934 437 4026 lenta³,
461 3927 749 4031 terna‘renrigum
771 3938 963 4032 unicuique
979 3934 1121 4008 mulctae
1139 3932 1221 4006 loco
1238 3932 1458 4006 numeranda
1474 3959 1621 4032 propo-

222 4075 226 4084 ’
303 4085 399 4132 nens.
450 4061 596 4130 Nemine
614 4057 841 4130 collationem
864 4058 1061 4148 abnuente,
1101 4061 1275 4156 promissa
1298 4058 1378 4128 aeris
1402 4051 1533 4128 solutio
1555 4071 1619 4128 est.

354 4359 445 4418 'Sibi
460 4351 657 4432 utilissimam]
683 4352 742 4416 Ed.
767 4377 815 4438 pr.
843 4353 936 4418 babet
989 4355 1045 4418 sit:
1081 4359 1176 4418 Prout
1207 4358 1285 4437 regis
1320 4359 1401 4435 rigor
1440 4357 1619 4426 dictaverat,

304 4467 333 4523 ei
347 4463 537 4522 utilissimam.
739 4469 741 4474 '
989 4465 1114 4546 stragulis
1143 4461 1385 4545 gubernatoribus
1418 4459 1621 4542 quadraginta

351 4571 520 4628 ²Instruere
545 4563 675 4651 cupreas]
689 4565 795 4651 steph.
813 4565 932 4651 posuit:
989 4593 1102 4632 marcas
1135 4567 1267 4629 solvendi
1296 4565 1472 4628 incendebat
1499 4569 1622 4626 necessi-

304 4679 446 4735 r'nstruere
458 4675 565 4732 lr'cerct.
988 4692 1051 4746 tas;
1064 4691 1172 4735 rtautas
1181 4695 1290 4756 quoque
1300 4673 1432 4754 sr'rrgulos
1443 4675 1531 4732 trium
1541 4695 1620 4733 mar·

348 4783 360 4816 ³
385 4780 587 4864 Quadragena
623 4801 765 4838 nummum
802 4773 928 4858 talenta]
986 4803 1085 4842 caram
1099 4779 1413 4860 urgebatsatr'ssactr'o,
1431 4802 1464 4837 eo
1479 4779 1559 4860 quod
1572 4801 1618 4839 re-

300 4889 400 4950 stent)
423 4885 559 4970 siggonis
584 4883 604 4943 l.
624 4899 650 4943 ο.
669 4879 727 4943 lton
750 4881 792 4944 ita
807 4901 928 4966 expres·
982 4891 1031 4968 gis
1048 4889 1203 4947 exercitum
1228 4885 1399 4970 disseparatio
1413 4886 1617 4946 destruxerint.
