3536 5462
596 357 966 432 wasnuttanust
1314 355 1387 430 925
1443 395 1446 425 ἱ

127 564 335 666 proculcata
365 561 573 654 succubuit,
629 561 891 665 dividuumque
922 562 1080 641 moleste
1102 579 1229 637 statum
1257 561 1440 644 catholicae

127 684 328 764 concordiae
350 685 536 762 vinculum
555 683 734 788 colligavit
754 691 783 759 ¹.
834 693 916 784 Quo
945 691 981 763 in
1009 706 1175 787 tempore
1201 687 1295 786 regis
1332 689 1441 762 Lun-

130 810 370 910 densiumque
395 835 463 883 nec
508 832 582 882 non
618 809 813 885 Absalonis
843 809 950 911 legati
979 814 1095 884 Roma
1134 813 1307 909 regressi,
1358 806 1442 882 laeto

131 935 284 1036 patriam
313 931 437 1006 nuntio
469 915 741 1030 compleverunt
772 937 801 1005 ².
877 934 947 1026 Qui
975 934 1114 1008 tametsi
1140 930 1297 1006 diversas
1334 945 1443 1031 atque

133 1055 328 1131 contrarias
352 1078 409 1128 res
433 1055 603 1154 petitione
628 1051 804 1154 complexi
834 1052 1056 1148 viderentur,
1088 1081 1131 1130 ea
1150 1073 1270 1130 tamen
1291 1054 1443 1126 Romani

134 1177 314 1278 pontificis
332 1176 603 1270 industriasuut
627 1183 785 1278 excepti,
817 1193 858 1278 qt
880 1201 967 1276 psrs
992 1195 1142 1279 utraque
1165 1179 1234 1260 sibi
1257 1201 1328 1275 pro
1349 1178 1443 1252 votis

134 1299 333 1376 consultum
358 1296 539 1399 gauderet.
587 1303 676 1374 Nam
702 1317 737 1376 et
753 1299 926 1375 Absaloni
949 1300 1180 1376 Lundensem
1196 1297 1443 1400 pontificatum

135 1447 319 1500 assumere
357 1423 518 1522 jussum,
556 1441 598 1498 ‘et
623 1411 904 1499 Roslrildensetn
938 1423 1188 1500 administrare
1220 1428 1457 1524 permissum„

133 1551 186 1622 lta
220 1547 404 1648 geminum
436 1543 592 1621 ecclesiae
622 1549 783 1648 regimen
811 1551 849 1622 iu
884 1550 964 1648 ejus
994 1550 1055 1649 jus
1083 1546 1325 1647 ditionemque
1350 1573 1446 1622 cou-

135 1671 261 1762 cessit,
301 1664 450 1742 alterum
489 1685 689 1767 praecepto,
735 1669 884 1747 alterum
920 1671 1140 1772 indulgentia
1177 1672 1363 1747 sortientis.
1417 1671 1447 1742 0

134 1815 269 1868 noram
299 1807 335 1864 et
370 1788 566 1864 inauditam
595 1797 704 1865 curiae
736 1791 1033 1869 munificentiam!
1076 1796 1268 1869 Recusanti
1296 1791 1446 1892 pallium

133 1919 312 2018 ingestum
335 1895 408 2007 est,
443 1914 669 2012 insigneque,
695 1915 798 2015 quod
821 1917 1023 2016 petentibus
1047 1943 1142 2018 aegre
1165 1917 1326 2018 praestari
1348 1915 1448 2008 solet,

134 2044 348 2140 repugnanti
371 2036 545 2113 violenter
567 2039 790 2135 imprimitur.
846 2041 983 2140 Dignos
1009 2041 1201 2132 humeros,
1224 2039 1448 2139 quibustam

135 2160 354 2264 praeclarum
380 2183 470 2234 onus
500 2159 758 2258 imponeretur!
791 2163 964 2236 ·Veniens
997 2162 1179 2262 siquidem
1197 2165 1445 2238 Rornanorum

135 2285 290 2387 legatus,
314 2280 524 2373 ¹Galsndus,
555 2283 739 2360 Lundensi
765 2284 864 2359 clero
895 2284 1117 2359 Roslrildiarn
1147 2301 1317 2377 evocato,
1339 2309 1447 2386 prte-

134 2423 272 2485 sentem
295 2401 515 2480 Absalouem
540 2431 613 2480 non
646 2407 766 2484 solum
786 2408 970 2483 literarum
1000 2411 1223 2498 recitatione,
1258 2433 1341 2507 quae
1364 2432 1449 2482 eum

136 2531 301 2608 electioni
322 2551 448 2630 parere
478 2509 673 2628 jubebant,
698 2532 764 2606 sed
789 2537 893 2606 etiarn
915 2529 1155 2606 anathematis
1168 2533 1449 2624 comminatione,
1576 2611 1578 2616 ,

140 2679 219 2755 quo
250 2677 290 2728 se
322 2651 518 2728 adversum
555 2677 659 2747 eurn,
705 2659 733 2728 si
758 2681 961 2756 repugnare
982 2669 1263 2754 perseverasset,
1297 2679 1448 2729 usurum

138 2776 302 2869 dicebat,
340 2775 553 2850 electoribus
585 2777 744 2851 assentiri
787 2777 973 2878 fidemque
1009 2775 1226 2852 obeditionis
1257 2775 1451 2852 solenniter

138 2897 192 2974 ab
224 2897 348 2973 iisdem
390 2904 549 2998 recipere
591 2901 718 2998 coegit.
781 2905 899 2995 Quem
927 2898 1161 3000 postmodum
1201 2898 1386 2975 Lundensi
1414 2901 1451 2974 in

138 3019 282 3121 templo
298 3075 301 3082 ·
315 3019 444 3120 pallio,
475 3019 574 3120 quod
590 3023 773 3117 attulerat,
796 3009 1003 3099 muneratus
1016 3025 1046 3110 ³,
1074 3019 1131 3094 die
1148 3039 1292 3121 postero
1307 3025 1452 3124 Ripen-

137 3149 237 3226 sium
262 3145 413 3223 electum
440 3147 676 3220 Homerum⁴
717 3147 886 3250 religioso
912 3149 992 3246 ejus
1027 3147 1215 3221 ministerio
1243 3145 1453 3246 pontificem

139 3272 345 3348 consecrari
369 3274 560 3369 conspexit
621 3271 673 3344 lta
699 3269 878 3374 legatione
904 3271 1139 3345 sincerissime
1161 3287 1270 3370 atque
1291 3269 1455 3372 integer'-

137 3395 234 3468 rime
257 3409 375 3496 gesta,
402 3391 575 3492 hybernis
608 3393 758 3485 exactis,
780 3397 933 3466 Romam
959 3395 1110 3468 revertit.

191 3568 202 3603 ¹
226 3567 452 3652 Eatempestotc
551 3566 696 3628 vinculum
714 3566 774 3628 col·
827 3575 952 3628 auctore
970 3561 1041 3625 hist.
1060 3563 1162 3648 ttnytt.
1186 3583 1252 3650 cap.
1274 3561 1335 3629 186
1357 3586 1454 3629 notus

137 3667 265 3754 legavit]
298 3670 361 3734 Pax
393 3667 516 3754 quidem
551 3670 633 3733 inter
663 3691 773 3754 papam
827 3669 1075 3754 archiepiscopus
1096 3667 1203 3752 jejunii
1213 3667 1359 3734 sollennis
1378 3685 1455 3734 teur-

139 3785 180 3840 e't
206 3775 422 3862 imperatorem
448 3774 511 3858 jau
530 3797 554 3839 a.
582 3773 611 3838 d.
639 3775 682 3838 iX
707 3775 774 3840 ttol.
829 3797 906 3863 pore
931 3773 1017 3852 (anni
1045 3769 1139 3857 1179)
1175 3789 1367 3840 consecratus
1400 3771 1455 3840 estl

139 3883 227 3967 Aug.
247 3881 317 3945 anui
335 3879 417 3946 1177
437 3879 518 3946 lacta
538 3895 621 3961 erat,
645 3881 699 3946 red
722 3882 774 3948 sii·
830 3884 873 3946 Δὶ
897 3893 1006 3942 munus
1028 3877 1094 3962 ejus
1113 3879 1371 3966 archiepiscopale
1393 3883 1455 3945 ele·

139 3987 349 4078 quoddeiude
361 3997 482 4074 tenpus
495 3991 629 4074 elapsum
645 3999 702 4068 est,
718 3989 775 4053 ini·
827 3989 1137 4074 ctiouistemporetc.
1144 3987 1311 4051 ilalidrrt.
1321 4011 1347 4051 s.
1357 3983 1453 4070 1178)

140 4096 235 4166 micis
256 4094 398 4159 nimirum
408 4117 498 4181 papae
513 4095 680 4179 ejiciendis,
703 4097 777 4160 urai·
829 4094 964 4180 coepisse
985 4093 1077 4178 vulgo
1104 4105 1261 4174 censetur3
1291 4115 1317 4158 r.
1342 4094 1456 4159 cirron.

91 4265 96 4272 .
142 4204 193 4268 cis
209 4199 276 4286 ejus
288 4201 495 4280 restituendis,
510 4215 673 4288 anteqwn
682 4202 778 4268 sciris·
829 4199 962 4269 Siniand.
999 4201 1064 4264 Scr-
1084 4202 1223 4265 R.-·Drn.
1242 4203 1285 4282 ll,
1302 4195 1374 4264 624.

140 4307 593 4379 mcccclesissticumsublstutn
602 4306 777 4394 dicipotuit.
878 4313 894 4348 ⁴
916 4306 1090 4386 Homerum]
1110 4295 1187 4372 Hoc
1206 4308 1328 4371 nomiae
1346 4309 1456 4393 procul

194 4420 208 4454 ²
234 4416 476 4502 Quoiatempore
548 4410 775 4504 compleuerant]
831 4412 925 4478 dubio
948 4415 1055 4494 Ormr,
1072 4433 1183 4478 nomer
1199 4413 1458 4501 propriumdntsr

140 4521 215 4602 Sub
230 4519 321 4584 finem
340 4519 412 4584 anni
433 4515 539 4585 1178..
831 4519 1085 4607 septentrionales
1094 4521 1170 4585 olim
1176 4522 1332 4603 usitatun,
1348 4522 1457 4588 latine

195 4633 209 4670 ⁸
236 4630 329 4728 Quem
368 4668 421 4702 ,m
458 4625 641 4708 mammas]
684 4631 777 4690 seue
831 4627 959 4694 reddere
976 4626 1128 4694 volebant.

467 4834 469 4840 ,
529 4769 627 4842 Finis
657 4767 756 4842 Libri
787 4771 907 4865 Qvarti
931 4769 1078 4843 Decimi.

607 4957 1003 4984 n*—
