<?xml version="1.0" encoding="UTF-8"?>
<!DOCTYPE html PUBLIC "-//W3C//DTD XHTML 1.0 Transitional//EN"
    "http://www.w3.org/TR/xhtml1/DTD/xhtml1-transitional.dtd">
<html xmlns="http://www.w3.org/1999/xhtml" xml:lang="en" lang="en">
 <head>
  <title>
</title>
<meta http-equiv="Content-Type" content="text/html;charset=utf-8" />
  <meta name='ocr-system' content='tesseract 3.04.00' />
  <meta name='ocr-capabilities' content='ocr_page ocr_carea ocr_par ocr_line ocrx_word'/>
</head>
<body>
  <div class='ocr_page' id='page_1' title='image "./historiadanica01velsgoog_0282.png"; bbox 0 0 3508 5460; ppageno 0'>
   <div class='ocr_carea' id='block_1_1' title="bbox 583 351 1373 430">
    <p class='ocr_par' dir='ltr' id='par_1_1' title="bbox 583 351 1373 430">
     <span class='ocr_line' id='line_1_1' title="bbox 583 351 1373 430; baseline 0.011 -11"><span class='ocrx_word' id='word_1_1' title='bbox 583 351 912 422; x_wconf 83' lang='lat' dir='ltr'><strong>WALDEblARUS</strong></span> <span class='ocrx_word' id='word_1_2' title='bbox 931 355 953 420; x_wconf 93' lang='lat' dir='ltr'><strong>l.</strong></span> <span class='ocrx_word' id='word_1_3' title='bbox 1299 357 1373 430; x_wconf 80' lang='lat'><strong>819</strong></span> 
     </span>
    </p>
   </div>
   <div class='ocr_carea' id='block_1_2' title="bbox 98 535 1462 3850">
    <p class='ocr_par' dir='ltr' id='par_1_2' title="bbox 98 535 1462 3850">
     <span class='ocr_line' id='line_1_2' title="bbox 112 535 1424 656; baseline 0.008 -28"><span class='ocrx_word' id='word_1_4' title='bbox 112 535 295 656; x_wconf 82' lang='lat' dir='ltr'><strong>rigationis</strong></span> <span class='ocrx_word' id='word_1_5' title='bbox 309 578 430 627; x_wconf 91' lang='lat' dir='ltr'><strong>moras</strong></span> <span class='ocrx_word' id='word_1_6' title='bbox 446 565 621 653; x_wconf 83' lang='lat' dir='ltr'><strong>amputari</strong></span> <span class='ocrx_word' id='word_1_7' title='bbox 634 560 821 656; x_wconf 88' lang='lat' dir='ltr'><strong>jubebant.</strong></span> <span class='ocrx_word' id='word_1_8' title='bbox 873 565 922 634; x_wconf 80' lang='lat' dir='ltr'><strong>lta</strong></span> <span class='ocrx_word' id='word_1_9' title='bbox 940 575 1147 633; x_wconf 86' lang='lat' dir='ltr'><strong>cunctorum</strong></span> <span class='ocrx_word' id='word_1_10' title='bbox 1166 571 1337 639; x_wconf 86' lang='lat' dir='ltr'><strong>sententia</strong></span> <span class='ocrx_word' id='word_1_11' title='bbox 1356 593 1424 642; x_wconf 84' lang='lat' dir='ltr'><strong>va-</strong></span> 
     </span>
     <span class='ocr_line' id='line_1_3' title="bbox 111 659 1423 782; baseline 0.008 -30"><span class='ocrx_word' id='word_1_12' title='bbox 111 683 233 770; x_wconf 87' lang='lat' dir='ltr'><strong>riante,</strong></span> <span class='ocrx_word' id='word_1_13' title='bbox 247 675 411 754; x_wconf 87' lang='lat' dir='ltr'><strong>Nicolaus</strong></span> <span class='ocrx_word' id='word_1_14' title='bbox 427 678 574 775; x_wconf 90' lang='lat' dir='ltr'><strong>quidam</strong></span> <span class='ocrx_word' id='word_1_15' title='bbox 591 698 828 782; x_wconf 78' lang='lat' dir='ltr'><strong>cognomento</strong></span> <span class='ocrx_word' id='word_1_16' title='bbox 845 687 953 777; x_wconf 85' lang='lat' dir='ltr'><strong>Bos¹,</strong></span> <span class='ocrx_word' id='word_1_17' title='bbox 978 701 1063 756; x_wconf 87' lang='lat' dir='ltr'><strong>natu</strong></span> <span class='ocrx_word' id='word_1_18' title='bbox 1082 711 1190 782; x_wconf 92' lang='lat' dir='ltr'><strong>quam</strong></span> <span class='ocrx_word' id='word_1_19' title='bbox 1213 659 1335 762; x_wconf 79' lang='lat' dir='ltr'><strong>virtute</strong></span> <span class='ocrx_word' id='word_1_20' title='bbox 1350 717 1423 762; x_wconf 90' lang='lat' dir='ltr'><strong>uo-</strong></span> 
     </span>
     <span class='ocr_line' id='line_1_4' title="bbox 111 803 1423 910; baseline 0.01 -36"><span class='ocrx_word' id='word_1_21' title='bbox 111 803 233 894; x_wconf 80' lang='lat' dir='ltr'>bilior,</span> <span class='ocrx_word' id='word_1_22' title='bbox 260 807 378 875; x_wconf 88' lang='lat' dir='ltr'><strong>mirari</strong></span> <span class='ocrx_word' id='word_1_23' title='bbox 406 827 463 894; x_wconf 88' lang='lat' dir='ltr'><strong>se,</strong></span> <span class='ocrx_word' id='word_1_24' title='bbox 489 805 621 900; x_wconf 84' lang='lat' dir='ltr'><strong>iuquit,</strong></span> <span class='ocrx_word' id='word_1_25' title='bbox 656 829 721 878; x_wconf 90' lang='lat' dir='ltr'><strong>cur</strong></span> <span class='ocrx_word' id='word_1_26' title='bbox 745 807 829 879; x_wconf 88' lang='lat' dir='ltr'><strong>viris</strong></span> <span class='ocrx_word' id='word_1_27' title='bbox 854 810 988 880; x_wconf 89' lang='lat' dir='ltr'><strong>ratione</strong></span> <span class='ocrx_word' id='word_1_28' title='bbox 1013 807 1192 881; x_wconf 88' lang='lat' dir='ltr'><strong>utentibus</strong></span> <span class='ocrx_word' id='word_1_29' title='bbox 1215 809 1423 910; x_wconf 83' lang='lat' dir='ltr'><strong>inclytaque</strong></span> 
     </span>
     <span class='ocr_line' id='line_1_5' title="bbox 111 923 1423 1026; baseline 0.008 -28"><span class='ocrx_word' id='word_1_30' title='bbox 111 923 188 998; x_wconf 92' lang='lat' dir='ltr'><strong>solo</strong></span> <span class='ocrx_word' id='word_1_31' title='bbox 204 927 306 1013; x_wconf 84' lang='lat' dir='ltr'><strong>natis,</strong></span> <span class='ocrx_word' id='word_1_32' title='bbox 331 929 578 1000; x_wconf 86' lang='lat' dir='ltr'><strong>amoenissimae</strong></span> <span class='ocrx_word' id='word_1_33' title='bbox 598 930 720 1024; x_wconf 80' lang='lat' dir='ltr'><strong>patriae</strong></span> <span class='ocrx_word' id='word_1_34' title='bbox 734 933 872 1026; x_wconf 81' lang='lat' dir='ltr'><strong>gremio</strong></span> <span class='ocrx_word' id='word_1_35' title='bbox 887 927 1019 1018; x_wconf 90' lang='lat' dir='ltr'><strong>relicto,</strong></span> <span class='ocrx_word' id='word_1_36' title='bbox 1047 945 1097 1002; x_wconf 86' lang='lat' dir='ltr'><strong>tot</strong></span> <span class='ocrx_word' id='word_1_37' title='bbox 1112 931 1241 1002; x_wconf 88' lang='lat' dir='ltr'><strong>inculta</strong></span> <span class='ocrx_word' id='word_1_38' title='bbox 1261 932 1423 1008; x_wconf 90' lang='lat' dir='ltr'><strong>locorum</strong></span> 
     </span>
     <span class='ocr_line' id='line_1_6' title="bbox 111 1047 1421 1157; baseline 0.011 -38"><span class='ocrx_word' id='word_1_39' title='bbox 111 1048 223 1144; x_wconf 86' lang='lat' dir='ltr'><strong>spotia</strong></span> <span class='ocrx_word' id='word_1_40' title='bbox 260 1072 442 1144; x_wconf 78' lang='lat' dir='ltr'><strong>pererrare</strong></span> <span class='ocrx_word' id='word_1_41' title='bbox 465 1047 607 1140; x_wconf 89' lang='lat' dir='ltr'><strong>liberet,</strong></span> <span class='ocrx_word' id='word_1_42' title='bbox 649 1051 844 1146; x_wconf 83' lang='lat' dir='ltr'><strong>praesertim</strong></span> <span class='ocrx_word' id='word_1_43' title='bbox 870 1051 1003 1147; x_wconf 91' lang='lat' dir='ltr'><strong>quibus</strong></span> <span class='ocrx_word' id='word_1_44' title='bbox 1031 1049 1118 1123; x_wconf 91' lang='lat' dir='ltr'><strong>nihil</strong></span> <span class='ocrx_word' id='word_1_45' title='bbox 1143 1071 1271 1149; x_wconf 78' lang='lat' dir='ltr'><strong>praeter</strong></span> <span class='ocrx_word' id='word_1_46' title='bbox 1293 1083 1421 1157; x_wconf 86' lang='lat' dir='ltr'><strong>aspera</strong></span> 
     </span>
     <span class='ocr_line' id='line_1_7' title="bbox 111 1172 1420 1270; baseline 0.009 -28"><span class='ocrx_word' id='word_1_47' title='bbox 111 1193 193 1242; x_wconf 83' lang='lat' dir='ltr'><strong>saxa</strong></span> <span class='ocrx_word' id='word_1_48' title='bbox 209 1187 317 1268; x_wconf 87' lang='lat' dir='ltr'><strong>atque</strong></span> <span class='ocrx_word' id='word_1_49' title='bbox 332 1175 442 1243; x_wconf 90' lang='lat' dir='ltr'><strong>invias</strong></span> <span class='ocrx_word' id='word_1_50' title='bbox 460 1195 569 1268; x_wconf 87' lang='lat' dir='ltr'><strong>rupes</strong></span> <span class='ocrx_word' id='word_1_51' title='bbox 588 1187 797 1244; x_wconf 87' lang='lat' dir='ltr'><strong>occurreret.</strong></span> <span class='ocrx_word' id='word_1_52' title='bbox 853 1175 907 1244; x_wconf 86' lang='lat' dir='ltr'><strong>Eo</strong></span> <span class='ocrx_word' id='word_1_53' title='bbox 926 1172 1106 1270; x_wconf 83' lang='lat' dir='ltr'><strong>siquidem</strong></span> <span class='ocrx_word' id='word_1_54' title='bbox 1125 1172 1309 1251; x_wconf 79' lang='lat' dir='ltr'><strong>dementiae</strong></span> <span class='ocrx_word' id='word_1_55' title='bbox 1323 1209 1420 1254; x_wconf 83' lang='lat' dir='ltr'><strong>veu-</strong></span> 
     </span>
     <span class='ocr_line' id='line_1_8' title="bbox 111 1293 1420 1392; baseline 0.013 -32"><span class='ocrx_word' id='word_1_56' title='bbox 111 1307 182 1364; x_wconf 89' lang='lat' dir='ltr'><strong>tum</strong></span> <span class='ocrx_word' id='word_1_57' title='bbox 200 1315 290 1382; x_wconf 87' lang='lat' dir='ltr'><strong>esse,</strong></span> <span class='ocrx_word' id='word_1_58' title='bbox 305 1309 347 1364; x_wconf 91' lang='lat' dir='ltr'><strong>ut</strong></span> <span class='ocrx_word' id='word_1_59' title='bbox 364 1293 496 1366; x_wconf 81' lang='lat' dir='ltr'><strong>ultimae</strong></span> <span class='ocrx_word' id='word_1_60' title='bbox 511 1317 679 1366; x_wconf 82' lang='lat' dir='ltr'><strong>aerumnae</strong></span> <span class='ocrx_word' id='word_1_61' title='bbox 695 1319 919 1368; x_wconf 90' lang='lat' dir='ltr'><strong>summarum</strong></span> <span class='ocrx_word' id='word_1_62' title='bbox 938 1295 1161 1392; x_wconf 87' lang='lat' dir='ltr'><strong>voluptatum</strong></span> <span class='ocrx_word' id='word_1_63' title='bbox 1177 1297 1258 1372; x_wconf 92' lang='lat' dir='ltr'><strong>loco</strong></span> <span class='ocrx_word' id='word_1_64' title='bbox 1277 1301 1420 1377; x_wconf 76' lang='lat' dir='ltr'><strong>ducatu-</strong></span> 
     </span>
     <span class='ocr_line' id='line_1_9' title="bbox 111 1415 1420 1518; baseline 0.01 -33"><span class='ocrx_word' id='word_1_65' title='bbox 111 1429 177 1486; x_wconf 91' lang='lat' dir='ltr'><strong>tur.</strong></span> <span class='ocrx_word' id='word_1_66' title='bbox 229 1415 320 1488; x_wconf 88' lang='lat' dir='ltr'><strong>Nam</strong></span> <span class='ocrx_word' id='word_1_67' title='bbox 338 1417 367 1488; x_wconf 89' lang='lat' dir='ltr'><strong>si</strong></span> <span class='ocrx_word' id='word_1_68' title='bbox 384 1441 505 1514; x_wconf 87' lang='lat' dir='ltr'><strong>regem</strong></span> <span class='ocrx_word' id='word_1_69' title='bbox 531 1418 702 1515; x_wconf 84' lang='lat' dir='ltr'><strong>Norvagia</strong></span> <span class='ocrx_word' id='word_1_70' title='bbox 726 1420 830 1514; x_wconf 87' lang='lat' dir='ltr'><strong>potiri</strong></span> <span class='ocrx_word' id='word_1_71' title='bbox 854 1420 1049 1517; x_wconf 87' lang='lat' dir='ltr'><strong>contingat,</strong></span> <span class='ocrx_word' id='word_1_72' title='bbox 1075 1418 1163 1509; x_wconf 85' lang='lat' dir='ltr'><strong>fore,</strong></span> <span class='ocrx_word' id='word_1_73' title='bbox 1190 1437 1227 1492; x_wconf 94' lang='lat' dir='ltr'><strong>ut</strong></span> <span class='ocrx_word' id='word_1_74' title='bbox 1252 1421 1334 1518; x_wconf 87' lang='lat' dir='ltr'><strong>plus</strong></span> <span class='ocrx_word' id='word_1_75' title='bbox 1359 1425 1420 1498; x_wconf 89' lang='lat' dir='ltr'><strong>la-</strong></span> 
     </span>
     <span class='ocr_line' id='line_1_10' title="bbox 111 1539 1419 1644; baseline 0.008 -34"><span class='ocrx_word' id='word_1_76' title='bbox 111 1539 207 1610; x_wconf 82' lang='lat' dir='ltr'><strong>boris</strong></span> <span class='ocrx_word' id='word_1_77' title='bbox 231 1565 273 1612; x_wconf 87' lang='lat' dir='ltr'><strong>ex</strong></span> <span class='ocrx_word' id='word_1_78' title='bbox 292 1555 446 1636; x_wconf 88' lang='lat' dir='ltr'><strong>utroque</strong></span> <span class='ocrx_word' id='word_1_79' title='bbox 473 1565 585 1636; x_wconf 81' lang='lat' dir='ltr'><strong>regno</strong></span> <span class='ocrx_word' id='word_1_80' title='bbox 611 1565 721 1639; x_wconf 91' lang='lat' dir='ltr'><strong>quam</strong></span> <span class='ocrx_word' id='word_1_81' title='bbox 739 1539 929 1636; x_wconf 85' lang='lat' dir='ltr'><strong>voluptatis</strong></span> <span class='ocrx_word' id='word_1_82' title='bbox 948 1566 990 1612; x_wconf 85' lang='lat' dir='ltr'><strong>ex</strong></span> <span class='ocrx_word' id='word_1_83' title='bbox 1017 1540 1126 1614; x_wconf 85' lang='lat' dir='ltr'><strong>altero</strong></span> <span class='ocrx_word' id='word_1_84' title='bbox 1149 1549 1195 1616; x_wconf 91' lang='lat' dir='ltr'><strong>sit</strong></span> <span class='ocrx_word' id='word_1_85' title='bbox 1220 1565 1419 1644; x_wconf 87' lang='lat' dir='ltr'><strong>perceptu-</strong></span> 
     </span>
     <span class='ocr_line' id='line_1_11' title="bbox 110 1661 1419 1770; baseline 0.009 -38"><span class='ocrx_word' id='word_1_86' title='bbox 110 1686 181 1734; x_wconf 89' lang='lat' dir='ltr'><strong>rus.</strong></span> <span class='ocrx_word' id='word_1_87' title='bbox 221 1664 392 1734; x_wconf 80' lang='lat' dir='ltr'><strong>Praeterea</strong></span> <span class='ocrx_word' id='word_1_88' title='bbox 412 1687 494 1736; x_wconf 93' lang='lat' dir='ltr'><strong>cum</strong></span> <span class='ocrx_word' id='word_1_89' title='bbox 509 1664 582 1760; x_wconf 84' lang='lat' dir='ltr'><strong>jam</strong></span> <span class='ocrx_word' id='word_1_90' title='bbox 601 1661 797 1734; x_wconf 91' lang='lat' dir='ltr'><strong>labentium</strong></span> <span class='ocrx_word' id='word_1_91' title='bbox 816 1661 1061 1738; x_wconf 82' lang='lat' dir='ltr'>alimentorum</span> <span class='ocrx_word' id='word_1_92' title='bbox 1078 1668 1269 1740; x_wconf 85' lang='lat' dir='ltr'><strong>necessitas</strong></span> <span class='ocrx_word' id='word_1_93' title='bbox 1285 1690 1419 1770; x_wconf 84' lang='lat' dir='ltr'><strong>urgeat,</strong></span> 
     </span>
     <span class='ocr_line' id='line_1_12' title="bbox 109 1783 1421 1884; baseline 0.009 -30"><span class='ocrx_word' id='word_1_94' title='bbox 109 1785 137 1854; x_wconf 87' lang='lat' dir='ltr'><strong>si</strong></span> <span class='ocrx_word' id='word_1_95' title='bbox 154 1783 295 1882; x_wconf 86' lang='lat' dir='ltr'><strong>longius</strong></span> <span class='ocrx_word' id='word_1_96' title='bbox 311 1787 490 1884; x_wconf 78' lang='lat' dir='ltr'><strong>navigatio</strong></span> <span class='ocrx_word' id='word_1_97' title='bbox 507 1785 729 1883; x_wconf 88' lang='lat' dir='ltr'><strong>proferatur,</strong></span> <span class='ocrx_word' id='word_1_98' title='bbox 753 1783 1037 1884; x_wconf 81' lang='lat' dir='ltr'><strong>haudquaquam</strong></span> <span class='ocrx_word' id='word_1_99' title='bbox 1056 1806 1274 1863; x_wconf 88' lang='lat' dir='ltr'><strong>commeatus</strong></span> <span class='ocrx_word' id='word_1_100' title='bbox 1291 1791 1421 1868; x_wconf 88' lang='lat' dir='ltr'><strong>reditui</strong></span> 
     </span>
     <span class='ocr_line' id='line_1_13' title="bbox 113 1905 1420 2006; baseline 0.008 -28"><span class='ocrx_word' id='word_1_101' title='bbox 113 1907 334 1980; x_wconf 86' lang='lat' dir='ltr'><strong>suffecturos.</strong></span> <span class='ocrx_word' id='word_1_102' title='bbox 394 1911 479 1980; x_wconf 86' lang='lat' dir='ltr'><strong>Haec</strong></span> <span class='ocrx_word' id='word_1_103' title='bbox 496 1906 544 1980; x_wconf 91' lang='lat' dir='ltr'><strong>ab</strong></span> <span class='ocrx_word' id='word_1_104' title='bbox 562 1934 606 1980; x_wconf 89' lang='lat' dir='ltr'><strong>eo</strong></span> <span class='ocrx_word' id='word_1_105' title='bbox 629 1905 784 1980; x_wconf 85' lang='lat' dir='ltr'><strong>timidius</strong></span> <span class='ocrx_word' id='word_1_106' title='bbox 812 1931 919 2004; x_wconf 88' lang='lat' dir='ltr'><strong>quam</strong></span> <span class='ocrx_word' id='word_1_107' title='bbox 951 1907 1160 2006; x_wconf 86' lang='lat' dir='ltr'><strong>prudentius</strong></span> <span class='ocrx_word' id='word_1_108' title='bbox 1187 1909 1281 1985; x_wconf 88' lang='lat' dir='ltr'><strong>dicta</strong></span> <span class='ocrx_word' id='word_1_109' title='bbox 1307 1913 1420 1989; x_wconf 87' lang='lat' dir='ltr'><strong>silen-</strong></span> 
     </span>
     <span class='ocr_line' id='line_1_14' title="bbox 111 2029 1418 2126; baseline 0.009 -24"><span class='ocrx_word' id='word_1_110' title='bbox 111 2033 157 2104; x_wconf 88' lang='lat' dir='ltr'><strong>tio</strong></span> <span class='ocrx_word' id='word_1_111' title='bbox 172 2029 318 2126; x_wconf 89' lang='lat' dir='ltr'><strong>probari</strong></span> <span class='ocrx_word' id='word_1_112' title='bbox 339 2029 561 2104; x_wconf 80' lang='lat' dir='ltr'><strong>uidebantur.</strong></span> <span class='ocrx_word' id='word_1_113' title='bbox 614 2029 722 2122; x_wconf 89' lang='lat' dir='ltr'><strong>Quod</strong></span> <span class='ocrx_word' id='word_1_114' title='bbox 747 2029 881 2102; x_wconf 90' lang='lat' dir='ltr'><strong>dictum</strong></span> <span class='ocrx_word' id='word_1_115' title='bbox 909 2029 1067 2103; x_wconf 87' lang='lat' dir='ltr'><strong>Absalon</strong></span> <span class='ocrx_word' id='word_1_116' title='bbox 1088 2031 1228 2106; x_wconf 85' lang='lat' dir='ltr'><strong>diversa</strong></span> <span class='ocrx_word' id='word_1_117' title='bbox 1245 2059 1263 2106; x_wconf 93' lang='lat' dir='ltr'><strong>a</strong></span> <span class='ocrx_word' id='word_1_118' title='bbox 1283 2043 1418 2114; x_wconf 82' lang='lat' dir='ltr'><strong>caeteris</strong></span> 
     </span>
     <span class='ocr_line' id='line_1_15' title="bbox 110 2151 1418 2254; baseline 0.008 -30"><span class='ocrx_word' id='word_1_119' title='bbox 110 2155 337 2226; x_wconf 77' lang='lat' dir='ltr'><strong>aestimatione</strong></span> <span class='ocrx_word' id='word_1_120' title='bbox 350 2177 588 2243; x_wconf 90' lang='lat' dir='ltr'><strong>commensus,</strong></span> <span class='ocrx_word' id='word_1_121' title='bbox 614 2151 767 2228; x_wconf 80' lang='lat' dir='ltr'><strong>dimissis</strong></span> <span class='ocrx_word' id='word_1_122' title='bbox 783 2152 915 2242; x_wconf 89' lang='lat' dir='ltr'><strong>amicis,</strong></span> <span class='ocrx_word' id='word_1_123' title='bbox 940 2153 1134 2226; x_wconf 84' lang='lat' dir='ltr'><strong>solitarium</strong></span> <span class='ocrx_word' id='word_1_124' title='bbox 1159 2181 1283 2254; x_wconf 85' lang='lat' dir='ltr'><strong>regem</strong></span> <span class='ocrx_word' id='word_1_125' title='bbox 1302 2164 1418 2237; x_wconf 91' lang='lat' dir='ltr'><strong>acrius</strong></span> 
     </span>
     <span class='ocr_line' id='line_1_16' title="bbox 112 2265 1462 2374; baseline 0.01 -28"><span class='ocrx_word' id='word_1_126' title='bbox 112 2275 309 2374; x_wconf 80' lang='lat' dir='ltr'><strong>objurgare</strong></span> <span class='ocrx_word' id='word_1_127' title='bbox 323 2277 444 2374; x_wconf 86' lang='lat' dir='ltr'><strong>coepit,</strong></span> <span class='ocrx_word' id='word_1_128' title='bbox 470 2274 573 2373; x_wconf 91' lang='lat' dir='ltr'><strong>quod</strong></span> <span class='ocrx_word' id='word_1_129' title='bbox 589 2276 722 2349; x_wconf 88' lang='lat' dir='ltr'><strong>Nicolai</strong></span> <span class='ocrx_word' id='word_1_130' title='bbox 745 2278 963 2366; x_wconf 89' lang='lat' dir='ltr'><strong>sententiam,</strong></span> <span class='ocrx_word' id='word_1_131' title='bbox 977 2299 1118 2348; x_wconf 88' lang='lat' dir='ltr'><strong>summa</strong></span> <span class='ocrx_word' id='word_1_132' title='bbox 1137 2265 1413 2374; x_wconf 81' lang='lat' dir='ltr'><strong>reprehensione</strong></span> <span class='ocrx_word' id='word_1_133' title='bbox 1459 2353 1462 2360; x_wconf 90' lang='lat'>.</span> 
     </span>
     <span class='ocr_line' id='line_1_17' title="bbox 112 2397 1416 2498; baseline 0.005 -27"><span class='ocrx_word' id='word_1_134' title='bbox 112 2397 268 2498; x_wconf 85' lang='lat' dir='ltr'><strong>dignam,</strong></span> <span class='ocrx_word' id='word_1_135' title='bbox 291 2401 520 2472; x_wconf 81' lang='lat' dir='ltr'><strong>taciturnitate</strong></span> <span class='ocrx_word' id='word_1_136' title='bbox 541 2399 764 2498; x_wconf 88' lang='lat' dir='ltr'><strong>probaverit,</strong></span> <span class='ocrx_word' id='word_1_137' title='bbox 797 2425 951 2496; x_wconf 87' lang='lat' dir='ltr'><strong>eamque</strong></span> <span class='ocrx_word' id='word_1_138' title='bbox 964 2398 1079 2497; x_wconf 87' lang='lat' dir='ltr'><strong>plenis</strong></span> <span class='ocrx_word' id='word_1_139' title='bbox 1102 2401 1326 2476; x_wconf 75' lang='lat' dir='ltr'><strong>contumeliae</strong></span> <span class='ocrx_word' id='word_1_140' title='bbox 1350 2431 1416 2478; x_wconf 91' lang='lat' dir='ltr'><strong>rc-</strong></span> 
     </span>
     <span class='ocr_line' id='line_1_18' title="bbox 112 2519 1417 2622; baseline 0.003 -27"><span class='ocrx_word' id='word_1_141' title='bbox 112 2525 251 2621; x_wconf 89' lang='lat' dir='ltr'><strong>sponsis</strong></span> <span class='ocrx_word' id='word_1_142' title='bbox 270 2521 516 2620; x_wconf 84' lang='lat' dir='ltr'><strong>praedamnarc</strong></span> <span class='ocrx_word' id='word_1_143' title='bbox 530 2545 659 2622; x_wconf 88' lang='lat' dir='ltr'><strong>passus</strong></span> <span class='ocrx_word' id='word_1_144' title='bbox 672 2547 744 2594; x_wconf 90' lang='lat' dir='ltr'><strong>non</strong></span> <span class='ocrx_word' id='word_1_145' title='bbox 761 2526 813 2596; x_wconf 87' lang='lat' dir='ltr'><strong>sit.</strong></span> <span class='ocrx_word' id='word_1_146' title='bbox 867 2524 958 2615; x_wconf 84' lang='lat' dir='ltr'><strong>Quae</strong></span> <span class='ocrx_word' id='word_1_147' title='bbox 975 2525 1067 2592; x_wconf 86' lang='lat' dir='ltr'><strong>enirn</strong></span> <span class='ocrx_word' id='word_1_148' title='bbox 1094 2519 1141 2592; x_wconf 90' lang='lat' dir='ltr'><strong>ab</strong></span> <span class='ocrx_word' id='word_1_149' title='bbox 1165 2547 1208 2594; x_wconf 88' lang='lat' dir='ltr'><strong>eo</strong></span> <span class='ocrx_word' id='word_1_150' title='bbox 1232 2548 1300 2620; x_wconf 89' lang='lat' dir='ltr'><strong>per</strong></span> <span class='ocrx_word' id='word_1_151' title='bbox 1315 2524 1417 2599; x_wconf 68' lang='lat' dir='ltr'><strong>ludi-2</strong></span> 
     </span>
     <span class='ocr_line' id='line_1_19' title="bbox 109 2641 1415 2736; baseline 0.005 -20"><span class='ocrx_word' id='word_1_152' title='bbox 109 2644 228 2716; x_wconf 88' lang='lat' dir='ltr'><strong>briam</strong></span> <span class='ocrx_word' id='word_1_153' title='bbox 263 2641 356 2716; x_wconf 88' lang='lat' dir='ltr'><strong>diota</strong></span> <span class='ocrx_word' id='word_1_154' title='bbox 388 2642 621 2736; x_wconf 88' lang='lat' dir='ltr'><strong>videbantur,</strong></span> <span class='ocrx_word' id='word_1_155' title='bbox 661 2649 829 2718; x_wconf 88' lang='lat' dir='ltr'><strong>acerrima</strong></span> <span class='ocrx_word' id='word_1_156' title='bbox 858 2643 1017 2717; x_wconf 82' lang='lat' dir='ltr'><strong>factionis</strong></span> <span class='ocrx_word' id='word_1_157' title='bbox 1041 2645 1265 2716; x_wconf 87' lang='lat' dir='ltr'><strong>incitamenta</strong></span> <span class='ocrx_word' id='word_1_158' title='bbox 1295 2647 1415 2722; x_wconf 86' lang='lat' dir='ltr'><strong>luisse.</strong></span> 
     </span>
     <span class='ocr_line' id='line_1_20' title="bbox 110 2757 1415 2866; baseline 0.002 -25"><span class='ocrx_word' id='word_1_159' title='bbox 110 2769 225 2866; x_wconf 84' lang='lat' dir='ltr'><strong>Cujus</strong></span> <span class='ocrx_word' id='word_1_160' title='bbox 244 2773 273 2840; x_wconf 87' lang='lat' dir='ltr'><strong>si</strong></span> <span class='ocrx_word' id='word_1_161' title='bbox 296 2771 501 2841; x_wconf 86' lang='lat' dir='ltr'><strong>comitatum</strong></span> <span class='ocrx_word' id='word_1_162' title='bbox 527 2766 629 2842; x_wconf 91' lang='lat' dir='ltr'><strong>nullo</strong></span> <span class='ocrx_word' id='word_1_163' title='bbox 651 2773 687 2839; x_wconf 93' lang='lat' dir='ltr'><strong>in</strong></span> <span class='ocrx_word' id='word_1_164' title='bbox 719 2757 901 2839; x_wconf 88' lang='lat' dir='ltr'><strong>niomento</strong></span> <span class='ocrx_word' id='word_1_165' title='bbox 925 2771 1117 2863; x_wconf 87' lang='lat' dir='ltr'><strong>posuisset,</strong></span> <span class='ocrx_word' id='word_1_166' title='bbox 1149 2783 1346 2866; x_wconf 90' lang='lat' dir='ltr'><strong>cunctaque</strong></span> <span class='ocrx_word' id='word_1_167' title='bbox 1371 2799 1415 2845; x_wconf 92' lang='lat' dir='ltr'><strong>eo</strong></span> 
     </span>
     <span class='ocr_line' id='line_1_21' title="bbox 105 2885 1415 2988; baseline 0.002 -26"><span class='ocrx_word' id='word_1_168' title='bbox 105 2889 301 2982; x_wconf 88' lang='lat' dir='ltr'><strong>desertore,</strong></span> <span class='ocrx_word' id='word_1_169' title='bbox 317 2915 425 2988; x_wconf 89' lang='lat' dir='ltr'><strong>quam</strong></span> <span class='ocrx_word' id='word_1_170' title='bbox 441 2893 579 2984; x_wconf 86' lang='lat' dir='ltr'><strong>comite,</strong></span> <span class='ocrx_word' id='word_1_171' title='bbox 605 2890 731 2964; x_wconf 88' lang='lat' dir='ltr'><strong>melius</strong></span> <span class='ocrx_word' id='word_1_172' title='bbox 748 2885 956 2986; x_wconf 88' lang='lat' dir='ltr'><strong>exequenda</strong></span> <span class='ocrx_word' id='word_1_173' title='bbox 973 2887 1125 2980; x_wconf 86' lang='lat' dir='ltr'><strong>dixisset,</strong></span> <span class='ocrx_word' id='word_1_174' title='bbox 1147 2905 1301 2984; x_wconf 75' lang='lat' dir='ltr'><strong>caeteroS,</strong></span> <span class='ocrx_word' id='word_1_175' title='bbox 1327 2901 1415 2965; x_wconf 89' lang='lat' dir='ltr'><strong>uni-</strong></span> 
     </span>
     <span class='ocr_line' id='line_1_22' title="bbox 106 3012 1415 3112; baseline 0.002 -26"><span class='ocrx_word' id='word_1_176' title='bbox 106 3040 150 3087; x_wconf 92' lang='lat' dir='ltr'><strong>us</strong></span> <span class='ocrx_word' id='word_1_177' title='bbox 176 3013 311 3088; x_wconf 90' lang='lat' dir='ltr'><strong>rubore</strong></span> <span class='ocrx_word' id='word_1_178' title='bbox 335 3031 536 3112; x_wconf 87' lang='lat' dir='ltr'><strong>permotos,</strong></span> <span class='ocrx_word' id='word_1_179' title='bbox 575 3015 695 3089; x_wconf 92' lang='lat' dir='ltr'><strong>similis</strong></span> <span class='ocrx_word' id='word_1_180' title='bbox 719 3012 902 3111; x_wconf 82' lang='lat' dir='ltr'><strong>opprobrii</strong></span> <span class='ocrx_word' id='word_1_181' title='bbox 928 3028 1026 3084; x_wconf 88' lang='lat' dir='ltr'><strong>metu</strong></span> <span class='ocrx_word' id='word_1_182' title='bbox 1054 3012 1229 3085; x_wconf 88' lang='lat' dir='ltr'><strong>silentium</strong></span> <span class='ocrx_word' id='word_1_183' title='bbox 1262 3031 1415 3090; x_wconf 87' lang='lat' dir='ltr'><strong>acturos.</strong></span> 
     </span>
     <span class='ocr_line' id='line_1_23' title="bbox 104 3135 1415 3234; baseline -0.001 -22"><span class='ocrx_word' id='word_1_184' title='bbox 104 3142 135 3212; x_wconf 87' lang='lat' dir='ltr'>N</span> <span class='ocrx_word' id='word_1_185' title='bbox 140 3163 210 3212; x_wconf 88' lang='lat' dir='ltr'><strong>unc</strong></span> <span class='ocrx_word' id='word_1_186' title='bbox 227 3161 325 3228; x_wconf 86' lang='lat' dir='ltr'><strong>vero,</strong></span> <span class='ocrx_word' id='word_1_187' title='bbox 340 3162 422 3208; x_wconf 90' lang='lat' dir='ltr'><strong>cum</strong></span> <span class='ocrx_word' id='word_1_188' title='bbox 440 3153 500 3209; x_wconf 88' lang='lat' dir='ltr'><strong>aut</strong></span> <span class='ocrx_word' id='word_1_189' title='bbox 514 3139 727 3212; x_wconf 88' lang='lat' dir='ltr'><strong>consenserit</strong></span> <span class='ocrx_word' id='word_1_190' title='bbox 742 3152 805 3208; x_wconf 89' lang='lat' dir='ltr'><strong>aut</strong></span> <span class='ocrx_word' id='word_1_191' title='bbox 821 3135 1016 3208; x_wconf 88' lang='lat' dir='ltr'><strong>consentire</strong></span> <span class='ocrx_word' id='word_1_192' title='bbox 1038 3140 1133 3210; x_wconf 83' lang='lat' dir='ltr'><strong>visus</strong></span> <span class='ocrx_word' id='word_1_193' title='bbox 1153 3135 1271 3224; x_wconf 88' lang='lat' dir='ltr'><strong>fuerit,</strong></span> <span class='ocrx_word' id='word_1_194' title='bbox 1298 3163 1415 3234; x_wconf 90' lang='lat' dir='ltr'><strong>neque</strong></span> 
     </span>
     <span class='ocr_line' id='line_1_24' title="bbox 104 3257 1415 3358; baseline 0.002 -26"><span class='ocrx_word' id='word_1_195' title='bbox 104 3259 230 3357; x_wconf 82' lang='lat' dir='ltr'><strong>palam</strong></span> <span class='ocrx_word' id='word_1_196' title='bbox 244 3283 327 3332; x_wconf 88' lang='lat' dir='ltr'><strong>eum</strong></span> <span class='ocrx_word' id='word_1_197' title='bbox 343 3257 535 3334; x_wconf 87' lang='lat' dir='ltr'><strong>timiditatis</strong></span> <span class='ocrx_word' id='word_1_198' title='bbox 552 3259 823 3358; x_wconf 80' lang='lat' dir='ltr'><strong>exprobratione</strong></span> <span class='ocrx_word' id='word_1_199' title='bbox 840 3257 1050 3347; x_wconf 77' lang='lat' dir='ltr'><strong>confuderit,</strong></span> <span class='ocrx_word' id='word_1_200' title='bbox 1078 3257 1177 3332; x_wconf 87' lang='lat' dir='ltr'><strong>brevi</strong></span> <span class='ocrx_word' id='word_1_201' title='bbox 1198 3258 1415 3357; x_wconf 90' lang='lat' dir='ltr'><strong>complures,</strong></span> 
     </span>
     <span class='ocr_line' id='line_1_25' title="bbox 101 3379 1412 3483; baseline 0.003 -29"><span class='ocrx_word' id='word_1_202' title='bbox 101 3383 278 3456; x_wconf 87' lang='lat' dir='ltr'><strong>licentiori</strong></span> <span class='ocrx_word' id='word_1_203' title='bbox 305 3384 521 3483; x_wconf 87' lang='lat' dir='ltr'><strong>impunitatis</strong></span> <span class='ocrx_word' id='word_1_204' title='bbox 541 3381 706 3480; x_wconf 85' lang='lat' dir='ltr'><strong>exemplo</strong></span> <span class='ocrx_word' id='word_1_205' title='bbox 728 3397 939 3479; x_wconf 88' lang='lat' dir='ltr'><strong>protractos,</strong></span> <span class='ocrx_word' id='word_1_206' title='bbox 963 3379 1136 3455; x_wconf 88' lang='lat' dir='ltr'><strong>similibus</strong></span> <span class='ocrx_word' id='word_1_207' title='bbox 1157 3383 1296 3456; x_wconf 91' lang='lat' dir='ltr'><strong>monitis</strong></span> <span class='ocrx_word' id='word_1_208' title='bbox 1321 3407 1412 3457; x_wconf 91' lang='lat' dir='ltr'><strong>suc-</strong></span> 
     </span>
     <span class='ocr_line' id='line_1_26' title="bbox 103 3501 1411 3604; baseline -0.001 -25"><span class='ocrx_word' id='word_1_209' title='bbox 103 3507 338 3579; x_wconf 81' lang='lat' dir='ltr'><strong>clamaturos.</strong></span> <span class='ocrx_word' id='word_1_210' title='bbox 387 3509 459 3579; x_wconf 88' lang='lat' dir='ltr'><strong>Nec</strong></span> <span class='ocrx_word' id='word_1_211' title='bbox 472 3531 585 3593; x_wconf 86' lang='lat' dir='ltr'><strong>secus,</strong></span> <span class='ocrx_word' id='word_1_212' title='bbox 610 3529 652 3578; x_wconf 87' lang='lat' dir='ltr'><strong>ac</strong></span> <span class='ocrx_word' id='word_1_213' title='bbox 667 3506 888 3602; x_wconf 85' lang='lat' dir='ltr'><strong>praedixerat,</strong></span> <span class='ocrx_word' id='word_1_214' title='bbox 914 3501 1046 3576; x_wconf 78' lang='lat' dir='ltr'><strong>accidit</strong></span> <span class='ocrx_word' id='word_1_215' title='bbox 1099 3507 1188 3576; x_wconf 89' lang='lat' dir='ltr'><strong>Nam</strong></span> <span class='ocrx_word' id='word_1_216' title='bbox 1204 3531 1287 3578; x_wconf 92' lang='lat' dir='ltr'><strong>cum</strong></span> <span class='ocrx_word' id='word_1_217' title='bbox 1306 3510 1411 3604; x_wconf 88' lang='lat' dir='ltr'><strong>prin-</strong></span> 
     </span>
     <span class='ocr_line' id='line_1_27' title="bbox 101 3609 1414 3727; baseline 0.002 -27"><span class='ocrx_word' id='word_1_218' title='bbox 101 3631 207 3727; x_wconf 84' lang='lat' dir='ltr'><strong>cipes</strong></span> <span class='ocrx_word' id='word_1_219' title='bbox 237 3628 337 3700; x_wconf 90' lang='lat' dir='ltr'><strong>omni</strong></span> <span class='ocrx_word' id='word_1_220' title='bbox 367 3627 486 3702; x_wconf 88' lang='lat' dir='ltr'><strong>studio</strong></span> <span class='ocrx_word' id='word_1_221' title='bbox 509 3609 684 3702; x_wconf 86' lang='lat' dir='ltr'><strong>redeundi</strong></span> <span class='ocrx_word' id='word_1_222' title='bbox 713 3625 941 3727; x_wconf 87' lang='lat' dir='ltr'><strong>cupiditatem</strong></span> <span class='ocrx_word' id='word_1_223' title='bbox 971 3627 1154 3722; x_wconf 86' lang='lat' dir='ltr'><strong>processui</strong></span> <span class='ocrx_word' id='word_1_224' title='bbox 1191 3628 1414 3726; x_wconf 81' lang='lat' dir='ltr'><strong>praeferrent,</strong></span> 
     </span>
     <span class='ocr_line' id='line_1_28' title="bbox 98 3723 1411 3850; baseline 0.002 -28"><span class='ocrx_word' id='word_1_225' title='bbox 98 3775 262 3848; x_wconf 85' lang='lat' dir='ltr'><strong>eamque</strong></span> <span class='ocrx_word' id='word_1_226' title='bbox 274 3723 466 3825; x_wconf 80' lang='lat' dir='ltr'><strong>maniscslis</strong></span> <span class='ocrx_word' id='word_1_227' title='bbox 479 3756 568 3824; x_wconf 86' lang='lat' dir='ltr'><strong>votis</strong></span> <span class='ocrx_word' id='word_1_228' title='bbox 580 3751 748 3850; x_wconf 86' lang='lat' dir='ltr'><strong>prosequi</strong></span> <span class='ocrx_word' id='word_1_229' title='bbox 764 3775 837 3821; x_wconf 91' lang='lat' dir='ltr'><strong>non</strong></span> <span class='ocrx_word' id='word_1_230' title='bbox 851 3744 1031 3840; x_wconf 86' lang='lat' dir='ltr'><strong>auderent,</strong></span> <span class='ocrx_word' id='word_1_231' title='bbox 1054 3746 1198 3846; x_wconf 88' lang='lat' dir='ltr'><strong>plebem</strong></span> <span class='ocrx_word' id='word_1_232' title='bbox 1216 3748 1411 3824; x_wconf 87' lang='lat' dir='ltr'><strong>clandesti-</strong></span> 
     </span>
    </p>
   </div>
   <div class='ocr_carea' id='block_1_3' title="bbox 27 4037 1411 4984">
    <p class='ocr_par' dir='ltr' id='par_1_3' title="bbox 27 4037 1411 4984">
     <span class='ocr_line' id='line_1_29' title="bbox 157 4037 1411 4128; baseline -0.003 -22"><span class='ocrx_word' id='word_1_233' title='bbox 157 4043 443 4127; x_wconf 79' lang='lat' dir='ltr'><strong>¹Nicolausquidam</strong></span> <span class='ocrx_word' id='word_1_234' title='bbox 458 4059 645 4128; x_wconf 77' lang='lat' dir='ltr'><strong>cognomento</strong></span> <span class='ocrx_word' id='word_1_235' title='bbox 660 4039 730 4120; x_wconf 84' lang='lat' dir='ltr'><strong>Bos]</strong></span> <span class='ocrx_word' id='word_1_236' title='bbox 785 4061 848 4104; x_wconf 82' lang='lat' dir='ltr'><strong>esse</strong></span> <span class='ocrx_word' id='word_1_237' title='bbox 877 4037 1083 4102; x_wconf 79' lang='lat' dir='ltr'><strong>derivandum.</strong></span> <span class='ocrx_word' id='word_1_238' title='bbox 1152 4037 1212 4102; x_wconf 85' lang='lat' dir='ltr'><strong>Sed</strong></span> <span class='ocrx_word' id='word_1_239' title='bbox 1237 4037 1411 4121; x_wconf 81' lang='lat' dir='ltr'><strong>jamdudum</strong></span> 
     </span>
     <span class='ocr_line' id='line_1_30' title="bbox 92 4143 1410 4229; baseline -0.006 -13"><span class='ocrx_word' id='word_1_240' title='bbox 92 4157 183 4216; x_wconf 82' lang='lat' dir='ltr'><strong>Bosi</strong></span> <span class='ocrx_word' id='word_1_241' title='bbox 205 4163 251 4212; x_wconf 86' lang='lat' dir='ltr'><strong>est</strong></span> <span class='ocrx_word' id='word_1_242' title='bbox 273 4169 385 4212; x_wconf 87' lang='lat' dir='ltr'><strong>nomen</strong></span> <span class='ocrx_word' id='word_1_243' title='bbox 411 4149 444 4211; x_wconf 90' lang='lat' dir='ltr'><strong>in</strong></span> <span class='ocrx_word' id='word_1_244' title='bbox 469 4145 671 4211; x_wconf 82' lang='lat' dir='ltr'><strong>monumentis</strong></span> <span class='ocrx_word' id='word_1_245' title='bbox 691 4149 732 4208; x_wconf 87' lang='lat' dir='ltr'><strong>Is·</strong></span> <span class='ocrx_word' id='word_1_246' title='bbox 785 4157 968 4210; x_wconf 87' lang='lat' dir='ltr'><strong>monuerunt</strong></span> <span class='ocrx_word' id='word_1_247' title='bbox 999 4143 1058 4205; x_wconf 83' lang='lat' dir='ltr'><strong>viri</strong></span> <span class='ocrx_word' id='word_1_248' title='bbox 1088 4143 1189 4220; x_wconf 89' lang='lat' dir='ltr'><strong>docti,</strong></span> <span class='ocrx_word' id='word_1_249' title='bbox 1230 4147 1410 4229; x_wconf 83' lang='lat' dir='ltr'><strong>cognomine</strong></span> 
     </span>
     <span class='ocr_line' id='line_1_31' title="bbox 91 4249 1411 4322; baseline -0.005 0"><span class='ocrx_word' id='word_1_250' title='bbox 91 4257 269 4322; x_wconf 79' lang='lat' dir='ltr'><strong>landorum</strong></span> <span class='ocrx_word' id='word_1_251' title='bbox 285 4252 438 4318; x_wconf 82' lang='lat' dir='ltr'><strong>interdum</strong></span> <span class='ocrx_word' id='word_1_252' title='bbox 460 4273 631 4319; x_wconf 87' lang='lat' dir='ltr'><strong>occurrens.</strong></span> <span class='ocrx_word' id='word_1_253' title='bbox 674 4255 733 4314; x_wconf 85' lang='lat' dir='ltr'><strong>Bos</strong></span> <span class='ocrx_word' id='word_1_254' title='bbox 784 4254 895 4316; x_wconf 73' lang='lat' dir='ltr'><strong>seculo</strong></span> <span class='ocrx_word' id='word_1_255' title='bbox 917 4249 1093 4313; x_wconf 87' lang='lat' dir='ltr'><strong>duodecimo</strong></span> <span class='ocrx_word' id='word_1_256' title='bbox 1124 4250 1261 4312; x_wconf 85' lang='lat' dir='ltr'><strong>nondum</strong></span> <span class='ocrx_word' id='word_1_257' title='bbox 1285 4251 1411 4315; x_wconf 80' lang='lat' dir='ltr'><strong>erasisse</strong></span> 
     </span>
     <span class='ocr_line' id='line_1_32' title="bbox 89 4357 1411 4445; baseline -0.006 -15"><span class='ocrx_word' id='word_1_258' title='bbox 89 4378 212 4430; x_wconf 77' lang='lat' dir='ltr'><strong>autem</strong></span> <span class='ocrx_word' id='word_1_259' title='bbox 228 4361 329 4445; x_wconf 76' lang='lat' dir='ltr'><strong>lingua</strong></span> <span class='ocrx_word' id='word_1_260' title='bbox 349 4363 509 4424; x_wconf 79' lang='lat' dir='ltr'><strong>vernacula</strong></span> <span class='ocrx_word' id='word_1_261' title='bbox 532 4361 643 4424; x_wconf 86' lang='lat' dir='ltr'><strong>dicitur</strong></span> <span class='ocrx_word' id='word_1_262' title='bbox 658 4361 731 4424; x_wconf 75' lang='lat' dir='ltr'><strong>Oce.</strong></span> <span class='ocrx_word' id='word_1_263' title='bbox 785 4357 986 4422; x_wconf 80' lang='lat' dir='ltr'><strong>haerediteris.</strong></span> <span class='ocrx_word' id='word_1_264' title='bbox 1045 4360 1198 4418; x_wconf 75' lang='lat' dir='ltr'><strong>Praeterea</strong></span> <span class='ocrx_word' id='word_1_265' title='bbox 1222 4375 1296 4440; x_wconf 79' lang='lat' dir='ltr'><strong>gens</strong></span> <span class='ocrx_word' id='word_1_266' title='bbox 1317 4357 1411 4422; x_wconf 84' lang='lat' dir='ltr'><strong>Oxio-</strong></span> 
     </span>
     <span class='ocr_line' id='line_1_33' title="bbox 87 4457 1411 4546; baseline -0.008 -9"><span class='ocrx_word' id='word_1_267' title='bbox 87 4477 173 4537; x_wconf 86' lang='lat' dir='ltr'><strong>Jam</strong></span> <span class='ocrx_word' id='word_1_268' title='bbox 201 4485 275 4531; x_wconf 80' lang='lat' dir='ltr'><strong>vero</strong></span> <span class='ocrx_word' id='word_1_269' title='bbox 301 4464 407 4529; x_wconf 89' lang='lat' dir='ltr'><strong>lloruit</strong></span> <span class='ocrx_word' id='word_1_270' title='bbox 438 4468 599 4532; x_wconf 84' lang='lat' dir='ltr'><strong>internos</strong></span> <span class='ocrx_word' id='word_1_271' title='bbox 623 4465 734 4529; x_wconf 84' lang='lat' dir='ltr'><strong>nobilis</strong></span> <span class='ocrx_word' id='word_1_272' title='bbox 787 4485 871 4542; x_wconf 88' lang='lat' dir='ltr'><strong>rum,</strong></span> <span class='ocrx_word' id='word_1_273' title='bbox 901 4464 1031 4546; x_wconf 87' lang='lat' dir='ltr'><strong>primum</strong></span> <span class='ocrx_word' id='word_1_274' title='bbox 1059 4457 1215 4522; x_wconf 84' lang='lat' dir='ltr'><strong>Reindorl</strong></span> <span class='ocrx_word' id='word_1_275' title='bbox 1233 4461 1331 4540; x_wconf 86' lang='lat' dir='ltr'><strong>diota,</strong></span> <span class='ocrx_word' id='word_1_276' title='bbox 1358 4485 1411 4526; x_wconf 83' lang='lat' dir='ltr'><strong>an-</strong></span> 
     </span>
     <span class='ocr_line' id='line_1_34' title="bbox 87 4561 1411 4658; baseline -0.004 -21"><span class='ocrx_word' id='word_1_277' title='bbox 87 4577 259 4646; x_wconf 81' lang='lat' dir='ltr'><strong>Oxiorum</strong></span> <span class='ocrx_word' id='word_1_278' title='bbox 286 4573 380 4658; x_wconf 85' lang='lat' dir='ltr'><strong>stirps</strong></span> <span class='ocrx_word' id='word_1_279' title='bbox 414 4591 470 4658; x_wconf 85' lang='lat' dir='ltr'><strong>per</strong></span> <span class='ocrx_word' id='word_1_280' title='bbox 497 4575 586 4658; x_wconf 78' lang='lat' dir='ltr'><strong>plura</strong></span> <span class='ocrx_word' id='word_1_281' title='bbox 614 4571 733 4635; x_wconf 71' lang='lat' dir='ltr'><strong>secula.</strong></span> <span class='ocrx_word' id='word_1_282' title='bbox 788 4588 830 4632; x_wconf 88' lang='lat' dir='ltr'><strong>no</strong></span> <span class='ocrx_word' id='word_1_283' title='bbox 848 4567 968 4630; x_wconf 88' lang='lat' dir='ltr'><strong>demum</strong></span> <span class='ocrx_word' id='word_1_284' title='bbox 983 4561 1064 4628; x_wconf 75' lang='lat'>1490</span> <span class='ocrx_word' id='word_1_285' title='bbox 1079 4585 1189 4630; x_wconf 88' lang='lat' dir='ltr'><strong>nomen</strong></span> <span class='ocrx_word' id='word_1_286' title='bbox 1206 4567 1271 4634; x_wconf 77' lang='lat' dir='ltr'><strong>Ore</strong></span> <span class='ocrx_word' id='word_1_287' title='bbox 1286 4569 1411 4655; x_wconf 83' lang='lat' dir='ltr'><strong>recepit,</strong></span> 
     </span>
     <span class='ocr_line' id='line_1_35' title="bbox 27 4672 1411 4766; baseline -0.008 -16"><span class='ocrx_word' id='word_1_288' title='bbox 27 4731 28 4734; x_wconf 19' lang='grc' dir='ltr'><strong>κ</strong></span> <span class='ocrx_word' id='word_1_289' title='bbox 82 4687 190 4750; x_wconf 82' lang='lat' dir='ltr'><strong>Hinc</strong></span> <span class='ocrx_word' id='word_1_290' title='bbox 210 4681 305 4766; x_wconf 76' lang='lat' dir='ltr'><strong>igitur</strong></span> <span class='ocrx_word' id='word_1_291' title='bbox 327 4679 573 4742; x_wconf 81' lang='lat' dir='ltr'><strong>existimaverunt</strong></span> <span class='ocrx_word' id='word_1_292' title='bbox 589 4676 737 4755; x_wconf 89' lang='lat' dir='ltr'><strong>nonnulli,</strong></span> <span class='ocrx_word' id='word_1_293' title='bbox 789 4675 859 4760; x_wconf 86' lang='lat' dir='ltr'><strong>quia</strong></span> <span class='ocrx_word' id='word_1_294' title='bbox 874 4673 990 4758; x_wconf 78' lang='lat' dir='ltr'><strong>insigne</strong></span> <span class='ocrx_word' id='word_1_295' title='bbox 1005 4672 1189 4756; x_wconf 80' lang='lat' dir='ltr'><strong>gentilitium</strong></span> <span class='ocrx_word' id='word_1_296' title='bbox 1210 4687 1276 4738; x_wconf 76' lang='lat' dir='ltr'><strong>erut</strong></span> <span class='ocrx_word' id='word_1_297' title='bbox 1290 4672 1346 4739; x_wconf 91' lang='lat' dir='ltr'><strong>bos</strong></span> <span class='ocrx_word' id='word_1_298' title='bbox 1361 4698 1411 4739; x_wconf 88' lang='lat' dir='ltr'><strong>ru·</strong></span> 
     </span>
     <span class='ocr_line' id='line_1_36' title="bbox 27 4778 852 4880; baseline -0.017 -26"><span class='ocrx_word' id='word_1_299' title='bbox 27 4785 29 4880; x_wconf 66' lang='lat' dir='ltr'><strong>l</strong></span> <span class='ocrx_word' id='word_1_300' title='bbox 82 4789 214 4858; x_wconf 82' lang='lat' dir='ltr'><strong>nobile</strong></span> <span class='ocrx_word' id='word_1_301' title='bbox 235 4784 310 4849; x_wconf 86' lang='lat' dir='ltr'><strong>illud</strong></span> <span class='ocrx_word' id='word_1_302' title='bbox 329 4798 457 4850; x_wconf 82' lang='lat' dir='ltr'><strong>stemma</strong></span> <span class='ocrx_word' id='word_1_303' title='bbox 476 4808 512 4850; x_wconf 88' lang='lat' dir='ltr'><strong>ex</strong></span> <span class='ocrx_word' id='word_1_304' title='bbox 534 4786 661 4849; x_wconf 83' lang='lat' dir='ltr'><strong>Nicolao</strong></span> <span class='ocrx_word' id='word_1_305' title='bbox 673 4787 736 4848; x_wconf 90' lang='lat' dir='ltr'><strong>Bos</strong></span> <span class='ocrx_word' id='word_1_306' title='bbox 788 4778 852 4842; x_wconf 88' lang='lat' dir='ltr'><strong>ber.</strong></span> 
     </span>
     <span class='ocr_line' id='line_1_37' title="bbox 28 4886 1222 4984; baseline -0.003 -22"><span class='ocrx_word' id='word_1_307' title='bbox 28 4890 29 4915; x_wconf 50' lang='lat'>¹</span> <span class='ocrx_word' id='word_1_308' title='bbox 144 4913 214 4962; x_wconf 79' lang='lat' dir='ltr'><strong>sax.</strong></span> <span class='ocrx_word' id='word_1_309' title='bbox 229 4911 357 4960; x_wconf 72' lang='lat' dir='ltr'><strong>(tumst.</strong></span> <span class='ocrx_word' id='word_1_310' title='bbox 370 4912 432 4959; x_wconf 73' lang='lat' dir='ltr'><strong>litet.</strong></span> <span class='ocrx_word' id='word_1_311' title='bbox 445 4911 504 4965; x_wconf 74' lang='lat' dir='ltr'><strong>Des.</strong></span> <span class='ocrx_word' id='word_1_312' title='bbox 1034 4939 1040 4953; x_wconf 52' lang='grc' dir='ltr'>ι</span> <span class='ocrx_word' id='word_1_313' title='bbox 1145 4886 1222 4984; x_wconf 81' lang='grc'>(52)</span> 
     </span>
    </p>
   </div>
   <div class='ocr_carea' id='block_1_4' title="bbox 0 0 1758 5460">
    <p class='ocr_par' dir='ltr' id='par_1_4' title="bbox 0 0 1758 5460">
     <span class='ocr_line' id='line_1_38' title="bbox 0 0 1758 5460; baseline 0 6"><span class='ocrx_word' id='word_1_314' title='bbox 0 0 1758 5460; x_wconf 95' lang='lat' dir='ltr'><strong> </strong></span> 
     </span>
    </p>
   </div>
  </div>
 </body>
</html>
