3536 5462
372 262 450 338 ora
710 258 1264 340 maronoauaneuxrv.
1339 227 1342 240 '

1561 403 1571 444 Ι

322 474 457 574 quibus
474 475 706 573 exciperetur,
730 473 844 570 equis,
869 485 1039 570 penatum
1061 495 1210 546 suorum
1233 469 1391 572 bospitio
1410 475 1458 544 uti
1477 493 1625 570 compu-

323 599 372 672 lit.
424 603 454 670 A
477 623 570 697 quo,
604 593 694 696 quid
713 591 766 668 'ita
791 593 1128 692 plebemmoestitia
1150 593 1342 684 affecisset,
1375 609 1537 694 rogatus,
1560 611 1627 668 tum

324 725 463 798 senium
484 745 601 810 suurn,
627 737 705 792 tum
724 716 865 790 erilium
883 731 1055 814 nepotum
1072 715 1246 820 diguitatis
1269 717 1336 791 sibi
1360 718 1560 816 patriaque
1575 715 1592 788 f
1605 757 1628 772 -

324 844 468 920 stidium
493 842 619 915 afferre
636 839 827 938 respondit.
881 843 961 913 Huc
985 835 1151 911 accedere
1174 846 1244 912 roti
1262 839 1484 942 religionem,
1511 865 1628 938 quase

324 965 465 1042 dudum
488 961 671 1038 bernardo
696 961 968 1054 Claravallensi,
987 959 1197 1059 pontificatu
1220 961 1314 1036 ultro
1335 987 1535 1056 cessurum,
1557 969 1629 1062 pri-

250 1075 254 1082 ’
329 1109 519 1188 ratamque
550 1089 716 1160 vitamet
745 1085 944 1160 honoribus
970 1082 1177 1156 defunctam
1208 1101 1369 1159 acturum
1392 1085 1630 1186 spoponderit

325 1217 394 1288 Dle
417 1228 578 1312 postero,
598 1235 680 1294 cum
704 1209 863 1308 praedicti
878 1209 1142 1306 provinciarum
1165 1209 1333 1282 antistites
1350 1210 1383 1280 in
1401 1209 1519 1284 aedem
1536 1211 1628 1282 Lau-

221 1415 224 1420 ,
325 1341 425 1412 rentii
453 1334 624 1406 matutine
648 1332 815 1424 coissent,
840 1347 1048 1404 ornamenta
1073 1331 1214 1404 sacrarii
1238 1332 1510 1406 armamentario
1545 1333 1630 1430 egen'

327 1461 609 1556 conspectuique
632 1454 761 1554 subjici
779 1453 894 1555 jubet,
917 1469 1091 1551 quantum
1113 1455 1223 1528 veteri
1240 1452 1402 1528 altarium
1421 1453 1536 1526 maltui
1558 1455 1632 1552 pri-

327 1583 490 1678 stinoque
506 1601 689 1652 sacrorum
707 1576 888 1676 splendori
910 1600 1005 1650 nova
1024 1601 1067 1648 ac
1084 1574 1251 1676 religiosa
1266 1575 1474 1652 liberalitate
1491 1576 1630 1676 adjece-

327 1711 384 1796 rit,
407 1705 443 1776 in
465 1697 669 1800 propatulo
684 1697 871 1773 ostendere
890 1700 1050 1798 cupiens.
1103 1699 1244 1790 Quibus
1262 1700 1432 1800 prolatis,
1456 1723 1546 1774 voce
1570 1724 1631 1774 su-

327 1826 445 1924 spiriis
462 1827 653 1924 permixta,
680 1826 821 1920 quantis
839 1825 989 1896 caritatis
1009 1820 1198 1920 impendiis
1212 1848 1280 1921 pro
1298 1821 1530 1898 subditorum
1552 1849 1634 1921 pace

328 1973 372 2021 ac
395 1943 583 2020 stabilitate
607 1943 834 2036 excubuerit,
867 1959 956 2044 quot
982 1945 1162 2036 aerumnis,
1188 1963 1277 2043 quot
1298 1945 1465 2044 periculis
1482 1945 1635 2020 obsitum

329 2097 436 2146 omne
456 2067 680 2168 pontificatus
700 2072 754 2140 sui
770 2082 914 2165 tempus
936 2068 1100 2166 exegerit,
1120 2067 1258 2142 edocet.
1311 2071 1427 2162 Quem
1445 2067 1499 2142 ob
1517 2067 1586 2142 boc
1600 2091 1634 2142 se

329 2193 511 2294 deponere
528 2192 707 2282 statuisse,
736 2187 836 2288 quod
857 2190 969 2262 aetatis
989 2205 1064 2266 suae
1083 2187 1363 2290 magnitudinem
1382 2191 1545 2266 ulteriori
1565 2193 1635 2292 ejus

329 2317 501 2392 functioni
521 2311 715 2386 inhabilem
742 2313 874 2386 sentiat
938 2313 1054 2412 Cujus
1081 2316 1276 2386 orationem
1303 2341 1367 2388 rex
1398 2313 1634 2414 respondendi

330 2439 453 2515 officio
470 2438 694 2526 subsecutus,
723 2459 817 2525 eum,
843 2438 978 2507 tametsi
1003 2433 1150 2509 crebras
1175 2461 1258 2508 cum
1281 2438 1428 2536 regibus
1445 2437 1637 2512 simultates

330 2563 514 2662 gessisset,
540 2559 715 2659 pontificis
740 2575 858 2656 partes
884 2555 1110 2632 laudabiliter
1133 2575 1321 2634 executum
1342 2557 1508 2634 affirmat.
1563 2561 1638 2634 Sua

330 2710 418 2760 uero
450 2688 627 2758 sententiae
650 2680 892 2781 resignationis
925 2682 1004 2780 ejus
1031 2685 1256 2781 propositum
1283 2707 1357 2756 non
1383 2680 1551 2780 placere,
1586 2681 1639 2756 cui

327 2807 404 2906 jam
426 2833 471 2880 eo
496 2811 605 2880 aetatis
630 2821 839 2904 perventum
862 2805 916 2896 sit,
939 2821 979 2876 ut
1001 2805 1222 2905 malignitatis
1241 2805 1336 2880 ultra
1352 2807 1467 2878 notari
1484 2831 1561 2878 non
1577 2803 1641 2877 de-

330 2930 424 3002 beat.
475 2928 613 3002 Deinde
635 2953 717 3001 eum
741 2929 890 3026 proprio
909 2901 1020 3022 motu,
1045 2954 1091 3001 an
1111 2952 1178 3003 suo
1201 2925 1390 3026 compulsu
1410 2933 1570 3028 pastoris
1583 2926 1643 3002 ol-

330 3047 452 3124 ficium
476 3051 694 3141 detrectaret,
718 3049 815 3122 fateri
839 3049 954 3146 jubet.
1008 3053 1112 3126 Tunc
1132 3050 1306 3143 Eslrillus,
1336 3050 1478 3126 directis
1494 3053 1533 3124 in
1550 3074 1644 3124 aram

331 3173 512 3264 manibus,
539 3175 660 3271 jurare
682 3188 714 3244 et
739 3178 928 3270 praesentia
950 3198 1052 3247 sacra
1070 3177 1199 3268 testari,
1221 3198 1350 3248 senon
1367 3173 1451 3248 odio
1475 3177 1575 3274 regis
1592 3189 1648 3248 aut

333 3295 440 3370 ullius
458 3297 597 3394 injuriae
616 3321 658 3368 ex
676 3321 720 3368 eo
737 3313 892 3394 receptae
914 3297 1101 3388 uiolentia,
1129 3295 1195 3372 sed
1211 3300 1358 3394 perituri
1375 3295 1527 3385 honoris
1546 3297 1649 3372 fasti-

332 3417 396 3493 dio
428 3423 668 3517 perpetuique
694 3417 811 3492 studio
836 3415 909 3492 huc
936 3424 1108 3520 propositi
1144 3444 1220 3495 esse
1244 3416 1469 3517 perductum.
1544 3425 1649 3494 Grata

332 3543 407 3642 regi
429 3541 618 3639 responsio
642 3539 728 3630 suit,
760 3544 913 3642 cupienti
931 3566 1014 3617 vera
1039 3541 1213 3642 pontificis
1238 3549 1431 3616 assertione
1457 3543 1650 3618 calumnia

330 3665 574 3766 suspicionem
601 3669 721 3738 vitare.
772 3669 888 3766 Rogat
908 3664 1059 3758 deinde,
1091 3690 1136 3738 an
1159 3691 1318 3762 unquam
1341 3671 1441 3765 regia
1459 3673 1651 3740 severitate

332 3811 461 3889 poenas
484 3785 531 3860 ab
554 3784 612 3860 his
630 3787 771 3886 exigere
796 3788 1065 3886 supersedisset,
1093 3785 1286 3862 adversum
1303 3813 1398 3888 quos
1414 3787 1475 3862 ille
1496 3787 1652 3888 pontili-

331 3913 447 3990 calem
470 3935 660 3986 censuram
694 3915 794 4008 prior
821 3908 1101 4011 distringendam
1126 3929 1294 3986 curasset
1355 3916 1437 4005 Quo
1463 3910 1563 4002 nihil
1590 3910 1655 3984 tale

332 4063 415 4111 eum
439 4039 553 4135 egisse
574 4034 721 4123 fatente,
752 4039 850 4133 gravi
876 4051 972 4108 metu
995 4031 1188 4106 liberatum
1214 4059 1253 4108 se
1277 4033 1381 4127 dixit,
1414 4035 1591 4122 veritum,
1613 4055 1656 4106 ne

332 4143 455 4234 subita
479 4157 640 4230 antistitis
663 4153 842 4232 abdicatio
877 4157 1052 4232 occultam
1078 4154 1179 4254 apud
1203 4155 1407 4255 complures
1433 4157 1507 4232 sibi
1534 4173 1656 4230 notam

333 4297 475 4355 crearet
527 4281 681 4354 Romani
698 4277 829 4354 deiude
851 4281 1029 4382 pontificis
1049 4279 1217 4378 epistola,
1249 4285 1325 4354 sine
1349 4280 1453 4378 cujus
1476 4297 1579 4355 nutu
1599 4303 1659 4352 rer
1732 4377 1733 4380 Ἴ

334 4401 539 4501 dignitatem
562 4403 611 4477 ab
632 4409 712 4502 ipso
734 4402 987 4502 deponendam
1002 4401 1167 4503 negabat,
1188 4406 1432 4477 incommune
1456 4400 1659 4504 relegenda

334 4525 525 4626 profertur.
576 4513 637 4598 ‘Ea'
648 4525 892 4618 scribebatur,
909 4531 1111 4602 Romanum
1130 4528 1318 4600 antistitem
1335 4525 1541 4626 Lundensi,
1560 4551 1660 4626 pon-

284 4671 288 4678 ·
333 4645 471 4724 tificalis
492 4651 671 4724 ministerii
684 4649 896 4726 laxationem
911 4651 1054 4752 petenti,
1071 4647 1173 4750 quod
1196 4643 1280 4726 ¹cum
1298 4643 1385 4726 huic
1401 4656 1552 4724 muneri
1572 4675 1663 4750 per-
