3524 5460
371 307 446 384 652
696 303 873 400 auron.
889 304 995 376 nau
1010 301 1147 376 ntum
1163 301 1253 372 xut.

321 519 411 592 diois
428 515 560 590 fiducia
576 516 748 613 Magnum
765 515 897 611 petivit,
925 515 1078 613 ejusque
1100 507 1392 584 humanissimam
1415 509 1534 607 primo
1552 507 1630 582 ho-

320 637 554 738 spitalitatem,
578 661 661 710 mox
676 634 803 708 dolum
818 651 924 733 atque
940 633 1114 708 fallaciam
1134 645 1300 730 expertus
1315 645 1378 704 est.

450 763 586 832 Interea
599 755 774 850 Nicolaus,
793 754 951 848 Haraidi,
966 754 1268 830 Theutonicorum
1278 750 1455 851 supplicia
1478 752 1629 851 exigen-

319 887 375 975 tis,
391 875 560 980 precibus*
573 877 770 966 inclinatus,
795 877 1019 954 Rositiidiam
1036 878 1179 974 irrupit,
1213 873 1567 974 comprehensosque
1589 878 1628 944 in

321 1005 412 1079 urbe
433 1003 651 1076 Germanos¹
681 1003 867 1076 incentoris
897 1001 1044 1074 arbitrio
1074 997 1299 1074 mulctandos
1321 996 1458 1072 dimisit.
1527 997 1628 1088 Quos

319 1125 508 1216 Haraldus,
531 1141 609 1198 tum
624 1125 709 1221 quia
726 1136 985 1198 tormentorum
998 1121 1156 1221 opifices,
1171 1137 1247 1195 tum
1269 1123 1360 1218 quia¹
1370 1119 1417 1194 de
1431 1121 1520 1196 laiso
1536 1143 1627 1194 nece

319 1271 384 1324 sua
400 1245 778 1345 gloriantesaudierat,
802 1261 957 1317 extrema
971 1250 1110 1318 narium
1134 1260 1236 1342 parte
1258 1245 1419 1342 precisa,
1443 1243 1624 1318 deformes

317 1368 481 1459 reddidit,
496 1384 737 1464 percontatus,
751 1365 994 1459 aniiioraidus
1009 1391 1133 1438 eorum
1149 1364 1253 1440 fuerit
1267 1366 1394 1466 jaculis
1409 1363 1626 1438 interiectos.

318 1497 421 1566 Tunc
437 1489 585 1588 quidam
600 1516 643 1564 ex
658 1489 725 1581 his,
742 1487 960 1587 applicatum
978 1494 1033 1562 ¹ori
1056 1513 1123 1562 suo
1139 1489 1291 1563 cultrum
1316 1489 1508 1586 aspiciens,
1532 1509 1625 1584 par-

318 1609 474 1686 cendum
485 1610 564 1703 sibi,
589 1611 689 1711 quod
704 1611 833 1685 doctus
849 1627 950 1701 essct,
964 1614 1122 1688 asseruit.
1172 1609 1362 1703 Haraldus,
1377 1607 1557 1683 hominem
1569 1607 1623 1680 li-

317 1751 472 1808 terarum
488 1737 642 1831 peritum
657 1735 877 1826 existimans,
902 1751 1070 1810 revocato
1085 1733 1217 1823 lictore,
1242 1730 1288 1804 ad
1309 1729 1457 1828 epulas²
1480 1728 1623 1828 perdu-

318 1873 437 1947 ctum,
473 1860 571 1955 ipsas
595 1855 649 1950 (ut
665 1855 742 1929 fieri
756 1857 899 1952 ossolet)
920 1856 1119 1932 solennium
1140 1858 1404 1952 nuncupatione
1427 1853 1625 1928 verborum

318 1976 486 2054 dedicare
501 1981 681 2076 praecepit.
705 1977 772 2050 Cui
787 1983 960 2077 captivus,
974 1975 1102 2051 suendi
1110 2001 1159 2066 se,
1168 2002 1241 2052 non
1251 1975 1415 2050 sacrandi
1431 1979 1621 2073 professo-

317 2127 406 2193 rem,
420 2098 613 2197 respondit
651 2097 840 2193 Horridus,
855 2101 1007 2176 hominis
1025 2101 1187 2172 acumine
1200 2098 1410 2188 delectatus,
1425 2097 1621 2194 impunita-

317 2243 389 2298 tem
407 2223 539 2296 astutiae
557 2221 688 2312 tribuit,
714 2225 886 2320 iramque,
902 2245 1013 2321 quam
1033 2219 1205 2318 deceptus
1221 2220 1414 2318 abjecerat,
1438 2209 1621 2296 estrectus

316 2363 480 2445 repetere
500 2343 756 2433 erubescebat,
781 2368 827 2416 ne
842 2367 997 2417 errorem
1022 2341 1199 2439 supplicio
1220 2339 1409 2416 emendare
1432 2340 1621 2418 rideretur.

446 2472 513 2540 Per
526 2464 652 2539 eadem
672 2482 834 2564 tempora
856 2464 1045 2555 Horridus,
1061 2463 1346 2562 Hybernicarum
1363 2468 1518 2563 partium
1542 2465 1621 2538 ori-

315 2589 471 2684 ondus’³,
495 2589 782 2664 florentissimum
796 2591 982 2686 thvagiae
999 2604 1129 2662 statum
1145 2587 1253 2662 veluti
1267 2587 1402 2662 iulmeu
1417 2585 1623 2688 aliquodue

316 2729 505 2812 tempestas
523 2717 708 2786 concussit
762 2711 928 2803 Quicum
953 2735 991 2784 se
1013 2713 1158 2808 Magno,
1178 2708 1371 2806 Hyberniae
1396 2709 1622 2810 populatore,

315 2851 543 2936 procreatum
563 2847 741 2922 astrueret,
767 2829 988 2920 affirmationi
1003 2857 1078 2906 suae
1099 2831 1209 2906 fidem
1232 2829 1339 2906 divini
1358 2836 1527 2905 examinis
1551 2855 1619 2904 or-

314 2973 484 3058 gomento
502 2969 668 3055 praestare
682 2955 813 3051 jussuS,
836 2977 946 3052 super
959 2954 1148 3030 candentes
1164 2956 1312 3030 laminas
1334 2953 1473 3028 nudatis
1490 2951 1621 3050 plantis

316 3081 412 3176 (nam
443 3075 481 3148 id
513 3077 559 3148 ab
594 3102 637 3148 eo
662 3079 939 3173 experimentum
967 3079 1196 3176 poscebatur)
1221 3086 1379 3174 incessit;
1419 3073 1622 3172 iisdemque

314 3201 411 3276 nulia
434 3213 594 3296 exparte
616 3199 1140 3297 corruptiorihus,complures
1163 3206 1455 3302 Norvagiensium
1479 3193 1621 3294 liquido

314 3321 562 3396 incolumitatis
576 3318 748 3393 miraculo
780 3319 828 3392 ad
853 3323 1052 3394 assertionis
1079 3347 1155 3394 sum
1178 3323 1419 3398 eredulitatem
1443 3319 1622 3422 perduxit·

313 3449 368 3518 Ex
391 3445 494 3542 cujus
519 3445 656 3542 gremio
679 3448 796 3515 omnis
822 3447 1107 3544 Norragicorum
1133 3443 1313 3520 beliorum
1339 3444 1418 3520 lues
1453 3443 1621 3518 manavit.
1748 3513 1749 3522 ,

313 3569 449 3640 interea
472 3562 638 3638 Nicoious
659 3587 726 3663 per
741 3563 882 3640 insidias
897 3563 1066 3648 aemulum
1082 3574 1287 3665 opprimere
1310 3583 1481 3661 statuens,
1503 3569 1620 3663 Mag-

359 3881 605 3967 ¹Compreltertsos
622 3885 652 3941 irt
674 3881 742 3942 urbe
760 3877 932 3962 Germanos]
989 3905 1021 3969 p.
1045 3876 1124 3962 lli,
1148 3884 1306 3947 Annalisia
1339 3883 1419 3947 Saxo
1449 3881 1529 3968 apud
1553 3887 1620 3946 Ec·

313 3986 363 4054 Ob
376 3986 489 4064 hancce
501 4006 573 4070 erga
588 3985 761 4050 Theutones
774 3985 934 4049 crudelito·
991 3987 1115 4054 cardum
1136 3992 1197 4054 roi.
1222 3995 1235 4052 1
1255 4013 1287 4076 p.
1303 3985 1380 4070 6673
1398 3989 1474 4058 Otto
1499 3989 1621 4054 main-

312 4104 385 4170 tem,
398 4089 539 4176 auspiciis
551 4090 668 4154 Nicoiui
689 4103 720 4154 et
731 4091 834 4174 Magni
850 4110 934 4153 exer·
991 4095 1090 4178 gensis
1106 4094 1158 4156 iib.
1173 4099 1227 4174 Vii
1237 4116 1306 4180 cap.
1325 4095 1388 4176 19).

312 4196 787 4282 citam,imperaior1totharius
819 4201 931 4282 Magno
1036 4201 1181 4289 Ἐρκὰμ]
1202 4200 1260 4266 Ed.
1279 4224 1327 4286 pr.
1345 4200 1437 4264 habet
1460 4204 1622 4288 eptitolas,

311 4299 446 4366 infensus
468 4323 536 4366 eum
555 4302 645 4366 minis
658 4304 767 4388 coegit,
791 4315 825 4368 ut
843 4304 932 4368 initio
991 4305 1076 4391 quod
1099 4327 1218 4370 sensum
1238 4305 1358 4392 prebet
1377 4303 1623 4370 incommodum.
1747 4357 1748 4362 η

312 4407 384 4470 anni
406 4408 558 4492 sequentis
580 4407 813 4474 Helberstudum
841 4409 878 4472 ad
900 4431 932 4474 se
1036 4412 1624 4500 ³Hotnitlus,Hybemt'curumpartt'ttm
1747 4497 1748 4502 ἵ

311 4513 435 4576 veniens
461 4526 493 4578 et
519 4517 662 4580 mulctam
678 4517 810 4580 solveret
830 4529 861 4580 et
875 4516 931 4580 ho·
987 4516 1141 4598 oriundus]
1165 4521 1212 4582 De
1232 4517 1367 4582 lietaldo
1389 4519 1463 4600 illo,
1490 4520 1539 4584 cui
1562 4539 1628 4584 co·

311 4615 443 4702 magiam
454 4631 624 4704 prestaret.
645 4622 790 4700 (Annales
804 4621 932 4686 Botori-
987 4643 1119 4708 gnomen
1142 4636 1208 4688 erat
1226 4625 1323 4705 Giiie,
1353 4626 1448 4691 muita
1468 4626 1626 4712 leguntur

311 4741 398 4790 enses
411 4721 570 4788 aduncum
579 4722 668 4805 1131,
681 4727 802 4791 snneies
809 4726 930 4796 nuder.-
987 4729 1018 4789 iu
1034 4726 1159 4792 historia
1174 4749 1280 4814 regum
1294 4731 1536 4818 Norreqicoruut
1550 4734 1630 4800 toi.

310 4831 466 4898 hamenses
486 4829 518 4896 in
538 4830 653 4918 Script.
677 4837 806 4898 Bructv.
837 4831 896 4896 toi.
915 4835 929 4894 1
985 4835 1025 4895 iii
1038 4855 1070 4918 p.
1086 4830 1149 4898 280
1162 4854 1245 4922 sequ,
