3538 5460
344 273 419 346 952
697 269 874 344 utstott
888 268 996 344 DAN.
1011 273 1148 346 Ltustt
1165 271 1240 344 XV.

296 478 408 584 pandi
423 479 593 582 colloquii
609 485 722 582 grstia
738 476 991 575 contrahente,
1013 479 1134 558 solum
1150 486 1280 580 Rugice
1297 481 1497 584 principem
1513 482 1614 556 Jnri-

297 629 461 696 marum,
486 629 599 704 quern
622 600 740 704 pridie
757 599 1007 700 compluribus
1030 604 1267 680 venerationis
1292 603 1444 695 officiis,
1465 609 1616 706 insuper

296 729 397 828 regio
410 731 556 841 nomine
577 727 744 803 adulatus
759 724 894 819 iuerat,
926 721 1030 823 quod
1052 749 1135 799 eum
1157 728 1269 802 Dunis
1295 753 1476 828 perquam
1498 726 1615 803 ddum
1747 797 1748 804 ,

296 877 371 926 non
390 853 589 953 ignoraret,
612 855 733 925 vocari
757 871 889 949 passus
909 871 982 920 non
1006 863 1070 923 est.
1128 849 1275 926 Habere
1295 848 1428 926 deinde
1453 875 1493 926 se
1518 850 1618 942 dixit,

296 971 401 1076 quod
419 973 467 1050 nd
483 999 608 1075 regem
629 987 765 1048 secreto
779 969 915 1046 referre
943 972 1084 1070 cupint,
1110 953 1222 1072 quem
1243 973 1294 1048 ob
1318 974 1478 1050 futurum
1502 975 1618 1050 mutui

295 1098 477 1198 sangvinis
491 1113 711 1200 contractum
727 1120 800 1170 non
816 1095 972 1167 amicum
991 1092 1118 1186 modn,
1141 1120 1267 1171 verum
1286 1098 1392 1170 etiam
1410 1103 1620 1200 unanimem

294 1219 438 1298 habeut.
487 1220 636 1296 Selavos
649 1215 827 1317 siquidem
847 1211 1037 1290 enervandi
1053 1221 1167 1316 gratia
1185 1222 1327 1296 ilenrici
1352 1245 1373 1296 n
1397 1245 1438 1296 se
1452 1221 1619 1320 promis·
1748 1215 1749 1222 ’

297 1344 461 1422 sionibus
483 1341 632 1420 allectos
653 1365 751 1433 esse,
780 1363 891 1439 quas,
920 1337 1049 1412 eodem
1071 1360 1297 1442 expugnato,
1320 1344 1465 1418 minime
1488 1343 1620 1442 exequi

297 1466 401 1562 velit,
431 1490 589 1559 memor,
617 1461 710 1566 quid
741 1461 829 1538 olim
859 1459 927 1536 sibi
956 1459 1003 1535 de
1029 1461 1233 1564 subigenda
1263 1463 1405 1542 Sclarin
1430 1465 1621 1567 pollicitus

296 1589 414 1666 iuer-it.
464 1593 576 1664 Orare
597 1584 748 1679 deinde,
773 1589 951 1685 patiatur,
972 1609 1013 1660 se
1034 1610 1115 1660 eam
1131 1585 1178 1662 nd
1200 1609 1359 1687 praesens
1381 1602 1436 1664 sut
1458 1591 1618 1664 munais
1749 1651 1750 1658 ,

297 1711 435 1805 facere,
455 1711 551 1790 binis
573 1709 745 1786 iratribus
758 1715 912 1811 geminae
929 1709 1156 1806 prscse‘cmrae
1172 1709 1275 1787 titulo
1290 1712 1488 1813 speciosius
1507 1737 1620 1812 quam

297 1834 498 1912 diuturnius
520 1829 759 1908 tribuendam.
808 1828 971 1905 Eandem
993 1833 1134 1932 quippe
1160 1856 1200 1907 se
1223 1837 1276 1924 ei,
1303 1833 1496 1935 profligato
1513 1835 1620 1907 Hen-

297 1961 392 2050 rico,
407 1957 593 2058 ‚subjicere
611 1971 832 2032 curaturum.
881 1957 1069 2029 mouente
1082 1979 1187 2055 rege,
1210 1973 1432 2057 posteroque
1447 1957 1505 2032 die
1521 1981 1623 2032 con·-
1750 2005 1751 2044 3

300 2083 439 2155 cionem
471 2095 627 2180 petente,
658 2075 908 2180 Bogiszlarum
938 2093 975 2153 et
1000 2079 1257 2174 Kazimnrum,
1300 2077 1390 2154 dafis
1427 2079 1624 2156 solenniter

300 2191 474 2304 aquilini,
506 2200 656 2276 Sclavioe
681 2200 793 2278 duces
818 2199 1000 2300 appellat,
1037 2217 1192 2310 veterem
1227 2219 1336 2302 atque
1357 2197 1625 2278 haereditariam

193 2377 198 2387 ,
300 2328 424 2428 putrioe
437 2325 638 2400 libertatem
655 2327 756 2400 ranis
771 2339 881 2424 atque
894 2319 1038 2400 fucosis
1051 2321 1266 2424 dignitatum
1290 2323 1499 2402 nominibus
1523 2351 1624 2400 ven-

300 2449 463 2540 ditantes.
513 2450 585 2544 Qui
596 2451 627 2524 si
640 2447 805 2540 scissent,
829 2461 967 2544 quanto
983 2445 1083 2520 onsri
1097 2471 1137 2522 se
1157 2454 1274 2552 exigui
1290 2451 1400 2550 panni
1415 2453 1627 2548 receptione

303 2573 596 2666 substernerent,
635 2585 789 2646 mortem
822 2565 1001 2644 beneficio
1032 2570 1291 2669 praetulissent,
1333 2589 1394 2647 aut
1425 2573 1555 2672 privati
1589 2577 1627 2646 in

304 2723 413 2774 omne
437 2697 516 2775 vitae
541 2713 685 2797 tempus
707 2693 841 2794 degero
865 2689 1083 2772 maluissent.
1141 2698 1198 2771 Sic
1227 2695 1298 2772 sub
1329 2695 1477 2771 honoris
1503 2697 1629 2794 specie

305 2821 524 2922 gravissimis
539 2817 723 2895 dedecoris
737 2817 884 2918 probris
902 2816 1072 2915 implicati
1086 2815 1286 2914 discedunt,
1300 2823 1508 2896 servitutem
1524 2817 1630 2894 falsis

307 2945 518 3046 dignitatum
550 2941 753 3044 insignibus
788 2939 985 3018 coloratum
1015 2942 1053 3013 in
1094 2946 1246 3040 patriam
1279 2944 1480 3019 reserentes.
1548 2941 1631 3016 Illic
1739 2925 1742 2933 ¹

307 3091 456 3168 quoque
472 3061 632 3160 Siiridus,
657 3059 850 3164 splendido
868 3061 1074 3164 Thyringiuc
1089 3064 1173 3140 loco
1191 3073 1326 3159 ortus2,
1343 3093 1452 3141 unam
1468 3065 1630 3142 walde-

307 3193 400 3264 mari
426 3188 600 3265 liliorum³
612 3239 625 3281 ,
655 3190 799 3262 Caesare
821 3181 1053 3284 astipulante,
1082 3185 1296 3287 despondit,
1328 3195 1502 3294 regiaque
1530 3215 1633 3264 nare

308 3311 501 3405 devectus,
522 3309 689 3388 solennes
706 3306 853 3386 Slesvici
867 3310 1012 3408 nuptias
1024 3306 1163 3386 habuit

357 3634 366 3668 ¹
389 3631 506 3692 Datis.
527 3675 535 3692 .
556 3673 563 3690 .
584 3619 705 3712 aquiiis]
725 3625 747 3687 l.
764 3641 792 3687 c.
811 3619 936 3686 vexillis
1000 3620 1109 3704 fridus,
1119 3622 1365 3710 archiepiscopus
1375 3621 1640 3700 bremensium·

309 3735 414 3804 Feuda
432 3735 513 3798 enim
530 3730 709 3817 principalia
730 3729 803 3794 olim
822 3727 939 3792 vexillis
1003 3729 1072 3806 tius,
1080 3729 1284 3808 Berubsrdus,
1296 3729 1423 3821 llenrici
1434 3730 1548 3794 uocis
1562 3731 1641 3796 loco

308 3841 465 3908 tradendis
488 3838 605 3904 vasallis
625 3837 762 3904 conferri
785 3835 936 3900 solebant.
1003 3834 1062 3900 dux
1079 3837 1220 3900 Saxouiae
1241 3835 1425 3901 constitutus
1441 3850 1521 3902 eret.
1565 3839 1641 3922 Sig-

355 3927 547 4036 ²Syitiius.
568 3987 576 4006 .
595 3989 604 4007 .
626 3941 723 4022 ortus]
752 3947 781 4007 Ε
804 3942 938 4006 celeber·
1003 3941 1101 4006 fridus
1143 3957 1247 4008 noster
1285 3963 1302 4008 e
1339 3941 1400 4008 lilia
1436 3942 1638 4010 Wsldemri

310 4058 386 4120 rima
415 4053 508 4116 domo
533 4050 681 4114 Ascauica
711 4047 858 4112 oriundus
884 4071 938 4133 pa·
1001 4049 1163 4113 Albertum
1185 4049 1302 4135 genuit,
1322 4050 1464 4111 comitem
1481 4045 1521 4110 ds
1540 4049 1641 4114 Oria-

310 4177 389 4228 trem
414 4159 522 4223 babuit
544 4159 772 4232 Hermsnuuur,
800 4168 870 4218 ante
891 4157 937 4238 ip·
1002 4153 1183 4240 munda‚qui
1193 4154 1369 4241 postmodo,
1382 4157 1641 4238 regnanteWal-

309 4291 375 4332 sum
390 4265 534 4331 comitem
550 4262 588 4328 de
604 4259 791 4330 Orlamunda
812 4262 843 4324 iu
855 4262 938 4325 Thu·
1003 4259 1128 4324 tiemaro
1147 4261 1291 4340 secundo,
1311 4261 1402 4326 rebus
1417 4261 1527 4326 claruit
1546 4281 1645 4349 egre·

310 4374 418 4458 ringis,
442 4369 599 4434 clarissimi
618 4365 740 4433 Alberti
760 4369 838 4447 Ursi,
859 4391 939 4432 mar·
1004 4366 1053 4453 gie
1075 4365 1177 4451 gestis.

311 4475 750 4560 ebionisBrandenburgensis,
765 4475 871 4554 lilium,
889 4476 939 4540 cui
1050 4475 1211 4540 ³Uncm‘.
1232 4519 1240 4536 .
1261 4518 1270 4534 ·
1288 4473 1435 4554 filiorm]
1462 4475 1586 4559 Sophia
1612 4480 1644 4542 ei

310 4582 498 4650 sexluersnt
515 4579 638 4647 iratres.
681 4583 770 4660 Otto,
791 4583 938 4647 mouimus
1004 4603 1116 4647 nomon
1143 4592 1227 4660 erst3
1257 4601 1285 4646 t.
1310 4579 1407 4646 Satn
1432 4583 1473 4648 D.
1500 4585 1541 4648 Η.
1567 4583 1646 4666 vn,

310 4711 419 4756 eorum
437 4703 527 4768 natu,
550 4708 587 4751 eo
608 4687 676 4773 ipso
699 4700 838 4772 tempore
858 4710 937 4752 mar·
1003 4687 1076 4770 626,
1098 4685 1158 4754 ill
1179 4709 1225 4772 eq.

310 4801 381 4865 ebio
402 4809 468 4863 erst
485 4793 735 4881 brandenburgi,
757 4795 847 4874 alter,
868 4795 936 4880 Sig-
