3536 5462
603 305 934 381 WALDEMARUS
957 309 1001 378 t‘
1327 307 1400 380 tttt

232 517 368 588 Interea
384 514 597 616 proceribus
613 515 947 616 apudRoskildiam
966 513 1125 614 paschali
1135 530 1296 614 tempure
1305 515 1449 607 feriatis,

128 638 368 738 convivioque
385 660 454 736 per
472 661 649 712 summam
674 643 836 715 ornuium
852 637 1062 715 bilaritatem
1077 630 1213 731 erecto,
1235 663 1302 737 per
1319 639 1448 714 Thor-

128 759 532 851 douem,Lundensium
548 761 770 860 praefectum,
786 759 1109 860 tegisiguifieatum
1126 776 1189 853 est,
1206 759 1448 838 Thermemtn

129 882 326 984 quendam,
348 885 470 984 Magni
487 886 664 975 nuntium,
691 911 810 984 nuper
825 883 960 958 Gothia
982 893 1198 976 reversum,
1210 898 1306 958 tauto
1326 884 1449 956 itinere

131 1009 295 1083 Scauiam
325 1029 404 1086 esse
433 1021 713 1106 transgressum,
757 1023 798 1082 ut
829 1012 1034 1106 'captionem
1067 987 1245 1080 celeritate
1266 1010 1450 1098 vitaverit3

133 1130 240 1230 cujus
264 1125 465 1226 occupandi
489 1133 603 1228 gratia
629 1129 825 1208 Bdtensem
845 1130 1032 1202 transitum
1055 1133 1069 1176 ¹
1105 1127 1238 1204 insidiis
1263 1151 1342 1202 esse
1363 1125 1448 1202 val-

131 1247 292 1342 landnm,
314 1275 423 1349 quem
442 1251 491 1324 ab
506 1277 551 1328 eo
581 1277 695 1352 σομε
715 1249 803 1326 adiri
825 1251 1038 1351 ambiguum
1061 1277 1135 1326 non
1160 1255 1215 1326 sit.
1265 1255 1447 1351 Rogatum

131 1399 242 1474 super
261 1372 319 1450 his
339 1376 533 1472 Magnum,
556 1375 841 1476 praesidiumque
857 1376 1055 1474 negationis
1078 1373 1246 1474 amplecti
1268 1355 1450 1462 conatum,

131 1511 297 1571 restuto
323 1495 421 1571 lateri
446 1521 552 1596 posse
573 1501 758 1598 promittit.
808 1497 871 1570 llle
896 1521 1036 1572 summa
1062 1523 1144 1571 cum
1169 1495 1449 1572 dissimulatione

133 1619 357 1719 objectorum
380 1617 491 1692 fidem
511 1617 649 1713 levare,
682 1624 713 1694 si
738 1619 826 1718 quid
853 1617 1065 1718 hujusmodi
1087 1635 1312 1718 compertum
1340 1617 1450 1708 soret,

134 1741 339 1818 ulteriorem
361 1739 431 1815 sibi
454 1747 595 1818 veniam
614 1746 737 1842 negari
760 1759 938 1842 precatus.
988 1747 1075 1836 Rex,
1101 1759 1312 1842 negatorum
1331 1745 1451 1812 incre-

132 1864 261 1958 dulus,
282 1862 417 1941 Adutto
444 1863 607 1956 cuidam,
641 1869 787 1965 insignis
812 1862 916 1956 fidei,
945 1864 1012 1938 sed
1033 1863 1206 1940 clericalis
1229 1863 1451 1952 conditionis,

132 1987 236 2090 quod
259 2001 410 2088 propter
432 1987 604 2062 Belticum
622 1979 720 2062 littu‘s
744 1987 941 2079 habitaret,
982 1987 1242 2064 observationis
1267 1988 1451 2086 negotium

139 2110 296 2202 mandat,
321 2136 388 2210 per
408 2109 577 2186 satellites
593 2108 639 2182 ad
667 2135 751 2184 eum
775 2108 926 2184 directos
953 2112 1071 2188 cultus
1097 2129 1132 2186 et
1159 2112 1321 2210 corporis
1347 2110 1451 2197 notis,

132 2233 269 2334 quibus
286 2230 479 2332 praedictus
491 2234 614 2332 Magni
629 2234 772 2306 nuntius
788 2230 1070 2334 dignosceretur,
1087 2238 1272 2334 expressis.
1319 2229 1451 2303 Taliter
1507 2253 1512 2270 ·

133 2371 262 2456 captus
273 2351 509 2446 Thormerus,
522 2379 564 2428 ac
583 2381 707 2430 coram
721 2380 809 2456 rege
832 2355 1155 2456 supermandatis,
1185 2379 1341 2454 quorum
1359 2366 1453 2428 esset

133 2479 306 2582 gerulus,
333 2477 570 2576 perquisitus,
606 2496 692 2577 post
718 2479 860 2553 dtunnae
887 2479 1086 2578 negationis
1109 2477 1302 2578 ambages,
1344 2501 1452 2575 quae·-

135 2606 260 2678 stionis
277 2615 372 2674 metu
392 2603 409 2643 ²
442 2597 574 2672 credita
598 2601 668 2674 sibi
692 2617 826 2676 secreta
855 2601 1010 2692 deterit,
1025 2599 1165 2698 lignum
1186 2599 1399 2701 compactile
1422 2603 1452 2690 ³,

136 2722 246 2825 quale
265 2748 368 2797 more
384 2723 525 2796 Danieo
545 2724 637 2797 iuter
656 2729 792 2796 amicos
809 2723 914 2824 sigilli
930 2729 1000 2796 vim
1025 2721 1170 2815 obtinet,
1194 2749 1216 2795 a
1238 2747 1277 2798 se
1293 2719 1452 2822 epistolae

132 2847 218 2922 loco
236 2851 363 2947 gestari
383 2845 588 2939 confessus,
613 2848 720 2945 cujus
734 2843 920 2919 dimidium
938 2869 960 2918 a
975 2847 1118 2920 Kanutu
1141 2861 1175 2919 et
1197 2845 1334 2920 Karolo
1360 2869 1453 2942 perr

134 2967 220 3042 iude
245 2991 287 3041 ac
316 2965 543 3067 syngraphus
575 2965 778 3040 haberetur.
837 2970 951 3066 Cujus
981 2971 1175 3066 nequitiam
1206 2994 1269 3042 rex
1302 2964 1452 3044 vinculis

133 3089 312 3166 mulctare
333 3106 531 3182 contentus,
558 3089 750 3164 Absalonis
775 3115 858 3164 eum
886 3090 1059 3168 custodiae
1085 3092 1201 3166 tradit.
1253 3091 1363 3191 Igitur
1384 3113 1453 3188 pet·

134 3211 337 3304 Nicolaum,
352 3211 483 3286 stabuli
499 3213 557 3284 sui
570 3214 816 3312 prepositum,
840 3215 1069 3288 Fionensium
1085 3215 1236 3290 militum
1252 3240 1335 3292 eum
1349 3213 1454 3310 sequi

133 3340 323 3437 jussorum
343 3333 484 3420 auxiliis
506 3337 744 3430 succinctum,
766 3339 951 3438 Magnum,
984 3336 1134 3437 perinde
1165 3363 1208 3414 ac
1239 3338 1359 3415 denuo
1383 3333 1455 3410 eibi

181 3642 196 3688 '¹
221 3643 564 3728 Baltensemtroaiitam]
587 3649 609 3708 1.
627 3667 652 3709 e.
669 3659 766 3710 trans·
823 3669 928 3728 usum,
962 3651 993 3712 io
1025 3653 1156 3738 antiquis
1190 3653 1307 3738 legibus
1342 3647 1454 3712 nostris

131 3752 768 3838 itumilllusl'retl,qnodFiuoiamaSjael-
821 3775 968 3842 nusquam
998 3743 1287 3837 commemoratum,
1317 3753 1454 3836 exempla

131 3857 242 3926 landis
250 3871 381 3946 separat,
397 3859 768 3944 lingnaDauicadetstore
823 3859 944 3922 aliunde
963 3864 1087 3944 cognita
1103 3865 1212 3928 seriori
1233 3864 1355 3926 demum
1377 3871 1453 3921 tem·

132 3969 209 4032 Bate
224 3967 348 4032 dictum.
388 3967 767 4051 Magnaqutiexsequeu-
822 3967 893 4051 pori
907 3968 1069 4052 assignant.
1101 3967 1167 4034 Clr.
1187 3972 1224 4034 tt.
1244 3968 1453 4049 Rosenvioge,

131 4072 224 4138 tibus
240 4087 384 4158 apparet,
399 4094 436 4138 ec
450 4087 589 4158 tempore
606 4071 640 4134 iu
661 4073 769 4138 Fionia
826 4072 920 4138 danslt
939 4075 1087 4140 Retsbist.
1104 4079 1147 4155 ll,
1167 4073 1230 4140 229
1249 4075 1316 4158 (ed.¹
1335 4071 1380 4154 2).

130 4177 311 4244 habitabat.
872 4183 1034 4268 'Lignum
1062 4181 1246 4270 compactile]
1289 4187 1456 4252 Tesserattt,

188 4288 202 4322 ²
230 4287 408 4370 Quoestc‘om's
433 4281 524 4362 metu]
565 4287 642 4345 Haee
677 4282 770 4346 verba
813 4303 912 4350 'more
932 4309 996 4352 non
1018 4292 1175 4352 Dacorum
1198 4287 1308 4365 modo,
1333 4298 1369 4352 ut
1390 4283 1456 4346 vult

129 4412 213 4457 cnm
240 4390 294 4470 iis,
320 4413 390 4478 quae
415 4413 507 4477 supra
533 4412 563 4475 p.
585 4383 646 4453 734
666 4409 710 4472 sq.
733 4389 770 4451 dc
825 4395 922 4472 Saxo,
955 4391 1007 4456 sed
1036 4396 1204 4483 multorum
1232 4413 1356 4482 quoque
1383 4390 1458 4454 alic-

125 4496 303 4586 puoitioue
331 4495 472 4561 Thetlevi
498 4507 611 4582 agunt,
644 4496 770 4574 collau,
825 4519 894 4560 rum
923 4499 1127 4584 populorum,
1157 4503 1238 4566 inter
1266 4501 1401 4586 hospites
1426 4509 1458 4560 et

122 4602 273 4692 probare
283 4601 442 4684 videntur,
458 4601 519 4688 jam
530 4599 710 4666 duodecimo
724 4621 770 4664 sc·
826 4615 1011 4668 secretarum
1023 4607 1203 4672 societatum
1213 4603 1457 4679 sucicsadfidem

123 4711 213 4780 culn
227 4723 380 4776 tormenta
392 4707 771 4796 interdumioquaestionc
827 4703 942 4792 gesturi
969 4710 1190 4782 conciliandam
1224 4713 1365 4782 rnissitari
1386 4708 1457 4776 soli·

122 4816 282 4886 habenda
296 4816 431 4886 adhibita
452 4813 560 4900 inisse,
581 4817 637 4882 etsi
666 4837 770 4881 curum
827 4827 896 4880 tam.
