3508 5460
375 307 451 382 828
700 305 878 376 HlSTOIl.
893 305 998 376 DAN.
1014 307 1161 378 Ltunlt.
1176 306 1267 380 XlV.

324 513 607 604 arbitrabantur3
630 519 658 588 si
677 515 830 612 impares
839 565 856 628 ,ᾖ
875 516 1000 590 sinistri
1019 519 1236 612 praenuntias
1256 515 1500 590 autumabant.
1556 517 1635 590 llu-

322 641 382 737 jus
404 639 511 736 igitur
535 635 633 710 urbis
661 662 734 711 non
760 645 874 736 magis
897 663 960 712 rex
986 642 1204 711 munimenta
1225 665 1335 738 quam
1365 643 1455 712 ritus
1480 655 1638 712 evertere

269 751 276 767 ’
323 765 483 858 cupiens,
507 764 683 834 universae
696 760 821 859 Rugiae
835 760 1008 858 profanos
1023 761 1141 836 nultus
1157 763 1236 861 ejus
1250 761 1389 836 excidio
1404 760 1516 834 deleri
1531 785 1635 858 posse

323 882 571 957 arbitrabatur.
624 885 749 979 Neque
764 883 860 954 enim
876 883 1027 958 dubium
1044 885 1214 974 habebat,
1239 887 1340 983 quin,
1365 901 1505 958 extante.
1519 885 1634 957 simu-

323 1009 432 1098 lacro,
457 1003 592 1078 facilius
610 1011 722 1105 gentis
753 1009 887 1078 muenia
926 1033 1038 1106 quam
1063 1007 1245 1106 sacrilegia
1262 1005 1506 1080 domarentur.
1560 1009 1634 1078 Ita-

324 1155 397 1228 que
412 1153 485 1226 que
500 1130 600 1200 ocius
621 1129 921 1226 expugnationem
939 1147 1133 1230 perageret,
1159 1133 1336 1230 ingentem
1357 1129 1538 1231 lignorum
1556 1155 1635 1200 ma-

323 1255 459 1340 teriam,
481 1249 651 1324 saciendis
670 1251 841 1326 tnacbinis
858 1271 1114 1352 opportunam,
1141 1277 1268 1354 magna
1291 1279 1376 1327 eum
1393 1243 1501 1326 totins
1528 1277 1634 1324 exer-

322 1381 413 1450 citus
439 1375 645 1472 fatigatione
668 1377 883 1474 propinquis
905 1400 925 1446 e
954 1376 1063 1474 sylvis
1085 1374 1276 1475 petendam
1297 1378 1446 1449 curavit.
1496 1373 1637 1468 Quibus

323 1501 414 1572 dum
437 1495 591 1569 artifices
616 1495 824 1594 coaptandis
851 1498 1081 1587 intenderent,
1115 1497 1247 1571 frustra
1274 1497 1327 1572 bis
1352 1497 1464 1572 rebus
1489 1521 1637 1596 operam

323 1617 678 1710 dareasseverabat,
699 1637 844 1718 sperato
873 1623 973 1696 eitius
998 1621 1126 1695 urbem
1149 1636 1330 1719 capturos.
1388 1625 1637 1718 Interrogatus,

325 1769 484 1846 quonam
510 1740 548 1812 id
576 1748 727 1839 augurio
749 1742 1013 1840 deprehensum
1037 1743 1204 1832 haberet,
1243 1769 1287 1814 ex
1317 1741 1387 1816 boc
1413 1743 1634 1841 potissimum

319 1870 490 1965 augurari
515 1877 554 1936 s'e
570 1861 666 1956 dixit,
691 1864 793 1962 quod
816 1869 978 1964 Rugiani,
1004 1865 1188 1966 quondam
1209 1889 1230 1935 a
1253 1863 1388 1939 Karolo
1408 1870 1553 1937 Caesone
1570 1888 1633 1934 ex-

325 1989 492 2090 pugnati,
519 2002 756 2084 sanctumque
780 1989 897 2061 vuum
920 1991 1217 2088 Corvegiensem,
1243 1986 1408 2085 religiosa
1433 2011 1519 2060 nece
1550 1987 1633 2057 insi-

326 2138 446 2212 gnem,
461 2107 598 2183 tributis
615 2109 870 2208 colerejussi1,
887 2112 1053 2186 deiuncto
1070 2117 1215 2202 victore,
1235 2109 1432 2182 libertatem
1448 2121 1634 2208 reposcere

325 2235 518 2334 cupienten,
544 2239 746 2306 servitutem
761 2236 1009 2334 superstitione
1024 2250 1214 2325 mutarunt,
1236 2236 1390 2308 instituto
1406 2232 1507 2304 domi
1521 2232 1632 2304 simu·

326 2357 441 2450 lacro,
467 2355 569 2457 quod
584 2363 692 2431 sancti
713 2359 780 2432 Viti
804 2357 985 2432 vocabulo
1003 2364 1255 2451 censuerunt²;
1288 2355 1335 2430 ad
1358 2359 1468 2456 cujus
1491 2353 1634 2440 cultum,

374 2661 527 2740 ¹Rugt'ant'
543 2684 563 2720 a
582 2661 692 2719 Karoia
711 2631 825 2720 Cessare
847 2702 874 2719 ..
896 2664 950 2720 tri·
1009 2655 1157 2731 nonnulli,
1188 2653 1354 2737 diplomate
1376 2651 1430 2714 illo
1452 2647 1533 2711 falso
1553 2645 1630 2710 babi-

326 2767 403 2827 butis
423 2766 515 2826 colere
529 2759 623 2844 jussi]
653 2763 732 2853 Quas
752 2766 830 2826 Saxo
849 2777 954 2826 noster
1009 2775 1061 2841 to,
1090 2763 1162 2823 huie
1183 2757 1341 2821 Ludorico
1364 2755 1562 2819 donationem
1583 2755 1630 2815 tri-

327 2895 344 2933 a
377 2871 485 2934 Corolo
532 2893 639 2952 magno
677 2867 757 2932 faeta
792 2889 952 2956 perperam
1010 2867 1117 2930 bunut.
1166 2865 1227 2930 Sed
1254 2863 1372 2942 omnia,
1402 2885 1472 2948 quea
1497 2859 1536 2924 ad
1560 2861 1630 2922 bane

327 2987 461 3038 autumat
480 2973 563 3052 (nam
597 2995 709 3036 norum
736 2980 952 3040 monasterium
1011 2967 1628 3054 donationem-probandantproferuntur,

328 3081 514 3162 Corbejense
553 3100 590 3142 eo
635 3094 774 3163 tempore
818 3085 952 3146 nondum
1010 3079 1173 3143 admodum
1203 3075 1294 3138 dubia
1322 3073 1472 3140 videntur.
1523 3076 1627 3140 Verum

329 3187 488 3248 fundatum
518 3185 607 3264 erut),
628 3187 808 3250 Helmoldus
832 3209 903 3252 vero
918 3193 951 3269 (l.
1010 3201 1057 3250 est
1077 3185 1212 3254 sortasse,
1232 3179 1506 3268 quodHelmoldus
1520 3177 1574 3241 alio
1588 3176 1628 3238 lo-

330 3313 357 3356 e.
391 3297 436 3370 ll,
470 3290 534 3372 12),
567 3291 682 3355 ”tenuis
711 3289 818 3356 lamai’
853 3295 952 3378 eujus·
1010 3315 1047 3356 eo
1069 3293 1104 3374 (l.
1125 3313 1150 3354 e.
1167 3295 1188 3368 l,
1206 3287 1241 3370 6)
1258 3287 1365 3366 refert,
1386 3287 1627 3350 monachosCor·

322 3401 398 3463 dam
428 3398 607 3460 auctoritate
626 3399 728 3476 nixus,
756 3422 772 3462 a
800 3399 863 3463 lilio
887 3401 952 3483 ejus
1010 3397 1163 3482 bajenses,
1191 3408 1337 3480 regnante
1356 3393 1515 3456 Ludorieo
1532 3409 1627 3454 secun·

328 3508 475 3570 Ludouico
485 3509 539 3592 pio
559 3515 643 3586 gesta
663 3504 747 3585 dicit,
768 3505 952 3594 ebronogra-
1010 3505 1061 3583 do,
1081 3507 1161 3567 inter
1183 3503 1337 3586 Rugianos
1355 3500 1535 3583 religionem
1549 3492 1628 3560 Chri·

329 3612 384 3697 phi
404 3610 603 3693 Corbejenses
630 3633 647 3672 a
674 3623 787 3696 nepote
810 3613 875 3695 ejus
898 3621 954 3678 Lo-
1010 3611 1137 3674 stianam
1158 3609 1340 3692 divulgasse,
1360 3619 1391 3670 et
1408 3605 1574 3669 oratorium
1589 3601 1626 3663 ibi

329 3721 426 3781 clario
447 3740 473 3779 a.
491 3712 556 3778 Sil
573 3727 691 3799 patrata
709 3737 771 3780 esse
783 3719 954 3803 perbibent.
1011 3731 1182 3782 extructum
1205 3729 1412 3800 patronusne
1437 3725 1542 3776 saneto
1561 3709 1628 3776 Vlto

329 3823 494 3886 Habebunt
520 3843 642 3908 quoque
671 3825 811 3887 monachi
840 3826 955 3890 corbe·
1011 3824 1133 3888 dieasse.
1184 3821 1313 3885 insulani
1343 3843 1416 3885 vero
1448 3833 1553 3905 postea
1579 3816 1630 3877 ite·

329 3931 427 4012 jenses
450 3927 583 4011 diploma
605 3927 775 4013 quoddam,
804 3953 865 4017 quo
892 3935 953 3995 Lo·
1012 3951 1081 3994 rum
1111 3951 1126 3990 a
1157 3927 1219 3992 lide
1241 3927 1427 3992 deiecerunt
1478 3925 1628 3991 Cinbsn·

329 4036 443 4100 thurius
469 4035 548 4098 hane
569 4035 766 4098 donationem
786 4037 955 4100 testabatur
1011 4035 1081 4121 geb.
1100 4035 1165 4096 ser.
1187 4037 1226 4096 R.
1241 4038 1319 4096 Dan.
1340 4038 1362 4112 l,
1380 4029 1445 4096 526
1465 4055 1511 4118 sq.
1530 4015 1589 4095 not
1604 4051 1629 4090 x.

329 4141 486 4217 (sehsten,
513 4139 622 4202 Aunal.
650 4141 779 4204 Paderb.
811 4167 841 4228 p.
871 4141 954 4229 126).
1058 4143 1171 4227 ²Quud
1184 4147 1282 4204 sancti
1299 4145 1368 4205 Viti
1385 4143 1526 4204 vocabulo
1543 4161 1631 4202 censu-

328 4247 390 4310 sed
408 4270 500 4333 quum
514 4248 675 4310 Lotharius
695 4269 757 4310 non
778 4250 808 4311 in
830 4253 955 4314 Germa·
1011 4247 1110 4327 erunt]
1140 4247 1297 4310 Derivatio
1321 4246 1453 4309 nominis
1480 4247 1633 4310 saansaan

329 4353 379 4414 nia
399 4353 581 4436 regnaverit,
608 4375 701 4437 quum
721 4357 877 4420 annalistae
896 4359 956 4422 lide
1013 4372 1152 4419 ssancto
1177 4357 1269 4426 Vita,
1292 4373 1386 4440 qnam·
1410 4355 1490 4416 Saxo
1512 4350 1570 4432 jam
1587 4367 1634 4408 su·

330 4456 496 4541 dignissimi
522 4457 746 4544 expeditionem
771 4463 868 4544 illam,
897 4488 956 4550 qua
1013 4485 1070 4547 pra
1091 4459 1174 4546 (pag.
1198 4456 1275 4539 661)
1296 4457 1417 4543 tetigit,
1448 4457 1530 4520 inter
1549 4458 1633 4520 Saxo-

331 4585 356 4626 a.
376 4555 439 4624 844
458 4565 541 4626 Slavi
569 4564 654 4648 (num
677 4570 807 4655 Regiani
828 4593 960 4656 quoque,
1014 4589 1086 4648 nes,
1106 4581 1139 4631 ut
1160 4567 1240 4631 inter
1262 4575 1424 4643 nostrates,
1447 4563 1540 4648 vulgo
1556 4576 1635 4622 reee-

329 4671 480 4734 ineertum
499 4667 559 4754 est)
578 4670 721 4737 debellati
737 4677 895 4758 dicuntur,
918 4679 956 4742 ab
1014 4687 1067 4761 pta
1088 4672 1180 4740 fuisse
1200 4671 1333 4752 videtur,
1348 4695 1376 4736 r.
1390 4673 1493 4736 Helm
1506 4671 1525 4734 l.
1541 4688 1565 4733 o
1576 4657 1636 4742 lfi

330 4775 413 4840 illius
449 4773 545 4840 fratre
581 4781 747 4856 Ludouico,
786 4786 956 4849 Germania
1012 4779 1121 4862 11‚12.
1168 4779 1229 4846 Sed
1255 4779 1323 4844 baeo
1343 4778 1451 4866 opinio
1477 4778 1538 4842 sola
1561 4769 1636 4836 snti-

331 4905 413 4968 rege,
444 4881 558 4949 laetam
578 4896 743 4965 testentur,
772 4891 956 4954 recentiores
1012 4887 1128 4972 quitate
1151 4885 1392 4954 commendatur.
1442 4883 1563 4954 Radices
1579 4895 1637 4940 no·
