3524 5460
364 296 444 377 668
684 292 859 364 HISTOR.
873 294 980 364 Dan.
995 291 1132 366 LIBER
1148 297 1237 369 XIV.

1299 449 1307 478 v

316 509 458 610 patriae¹
478 505 657 578 bonorum
676 523 785 599 poena
798 497 1006 574 deoernttur.
1056 505 1196 578 Patrem
1212 503 1391 602 siqnidem
1404 505 1497 602 ejus,
1514 531 1623 603 pere-

315 637 420 731 grino
435 627 543 700 milite
557 625 750 700 adversum
767 623 919 720 patriam
932 647 1051 716 usum,
1075 623 1255 700 decretam
1270 626 1341 702 hac
1351 626 1435 725 lege
1449 633 1622 702 sententi-

316 781 374 830 am
390 753 585 827 incurrisse.
638 745 906 846 Igiturfflavus,
921 747 1069 843 perinde
1086 773 1128 820 ac
1139 750 1277 845 justum
1294 747 1377 822 belli
1398 749 1540 824 titulum
1553 775 1620 826 ac—

316 881 475 978 cepisset,
492 870 658 969 cupidius
674 870 836 943 oblatam
852 867 1030 942 seditionis
1046 871 1272 953 occasionem
1290 871 1524 972 amplectitur.
1563 879 1621 948 st-
1654 869 1660 882 ⁸

314 999 463 1100 quidem
476 973 657 1092 acceptam
678 991 832 1090 repulsae
851 989 1100 1064 contumeliam
1117 991 1164 1064 ad
1179 1017 1355 1070 novarum
1370 1021 1490 1068 rerum
1506 995 1620 1070 licen*

314 1131 399 1198 tiam
420 1117 614 1208 transtulit,
649 1114 769 1212 deque
794 1115 920 1210 privati
942 1114 1146 1210 patrimonii
1173 1119 1364 1214 repetitore
1391 1121 1497 1194 totius
1522 1126 1620 1218 regni

313 1245 467 1325 inhiator
483 1243 603 1315 evasit.
664 1239 796 1314 Verum
814 1235 1031 1310 dissimulato
1047 1235 1143 1330 odio,
1158 1263 1225 1334 per
1239 1240 1383 1316 insidias
1399 1265 1521 1340 regem
1547 1268 1621 1340 op-

315 1373 471 1468 primere
485 1367 616 1438 statuit.
669 1364 786 1453 Quem
805 1362 840 1430 in
858 1365 963 1450 Arna,
973 1359 1177 1432 Lundensi²
1198 1359 1365 1459 hospitio,
1389 1361 1622 1438 diversantem

313 1508 424 1568 noctu
443 1486 606 1573 adortus,
635 1485 790 1580 primum
816 1507 837 1554 a
862 1480 1042 1579 vigilibus,
1057 1479 1311 1569 clandestinum
1332 1488 1411 1582 ejus
1426 1486 1621 1562 adventurn

316 1611 518 1712 sperulatis,
533 1607 710 1703 excipitur.
748 1609 818 1698 Qui
833 1630 927 1693 mox,
940 1601 1078 1679 reflexis
1094 1606 1205 1702 equis,
1220 1606 1382 1704 sepultos
1396 1633 1524 1683 somno
1547 1614 1620 1682 mi-

314 1737 391 1812 lites
416 1731 572 1804 clamore
597 1730 732 1802 eminus
762 1729 798 1800 in
820 1752 918 1800 arma
942 1731 1136 1826 concitant,
1176 1731 1354 1826 primique
1384 1749 1506 1828 portas
1531 1736 1621 1806 tueri

315 1870 450 1956 parant.
510 1851 657 1924 Auxiliis
678 1847 808 1924 deiude
829 1851 1152 1946 supervenientium
1175 1856 1354 1926 sociorum
1375 1852 1487 1953 adjuti
1504 1853 1620 1928 hosti-

315 1981 388 2052 lem
406 1974 571 2073 repulere
588 1990 765 2048 conatum.
819 1971 964 2064 Olavus,
977 1969 1127 2067 perinde
1150 1996 1192 2044 ac
1206 1997 1273 2046 suo
1296 1979 1482 2073 proposito
1500 1979 1619 2068 victum,

315 2111 351 2176 in
368 2102 520 2178 Svetiam
543 2093 732 2183 contendit,
766 2084 832 2168 sed
854 2120 948 2184 mox,
973 2095 1077 2165 Erico
1099 2095 1222 2166 Scania
1238 2096 1439 2190 excedente,
1464 2103 1619 2189 revertit,

316 2225 599 2316 concionemque
620 2221 656 2290 in
677 2215 772 2290 valle
799 2221 947 2290 Arnensi
970 2217 1041 2290 sub
1071 2215 1185 2290 edicto
1209 2235 1424 2292 contractam
1446 2221 1620 2296 liberioris

314 2349 394 2422 vitre
408 2343 591 2445 promissis
619 2364 829 2440 aggressus,
847 2341 983 2439 regium
1000 2339 1069 2415 sibi
1090 2366 1232 2431 nomen,
1253 2340 1368 2416 illedo
1389 2343 1619 2441 popularium

314 2471 450 2558 lavore,
465 2465 643 2540 conscivit.
664 2464 678 2487 '
697 2461 805 2555 Quod
821 2460 966 2562 indigne
984 2462 1103 2536 serens
1122 2461 1279 2538 Eskillus
1309 2464 1448 2540 bellum
1463 2469 1496 2542 ei
1512 2469 1619 2540 Lun-

314 2593 415 2670 densi
429 2615 538 2664 uranu
555 2585 718 2685 cupidius
742 2611 851 2684 quam
869 2591 1077 2683 prosperius
1102 2587 1216 2660 insert.
1276 2593 1310 2660 A
1334 2607 1618 2687 quasupemtns

313 2723 482 2816 primum,
497 2737 580 2784 mox
597 2713 633 2781 in
649 2710 757 2800 urbe,
784 2707 831 2781 ad
853 2734 961 2806 quam
979 2734 1021 2780 er
1043 2706 1168 2806 praelio
1191 2710 1426 2821 confugerat,.
1438 2709 1617 2803 obsessus,

315 2857 510 2937 postremo,
526 2835 732 2908 necessitate
756 2833 878 2924 victus,
904 2829 1092 2904 obsidibus
1115 2830 1205 2905 datis
1230 2831 1375 2931 fideque
1395 2835 1466 2908 sirb
1490 2861 1616 2910 sacra-

313 2977 434 3034 mento
451 2958 643 3057 promissa,
668 2954 817 3028 salutem
845 2954 1043 3051 paciscitur.
1103 2953 1174 3026 Sed
1195 2955 1426 3051 postmodum
1449 2983 1494 3030 ex
1516 2958 1616 3032 Olavi

313 3083 475 3156 discessu
500 3095 757 3175 competentem
780 3075 876 3176 lugae
901 3079 1043 3173 copiam
1066 3091 1213 3170 nactus,
1241 3081 1337 3152 Erici
1373 3084 1550 3154 caritatem
1585 3097 1620 3154 et

314 3203 484 3278 obsidum
512 3197 616 3275 saluti
643 3217 678 3274 et
691 3197 926 3298 jurisjurandi
944 3197 1103 3297 religioni
1120 3203 1280 3296 speciosa
1303 3204 1498 3275 temeritate
1516 3229 1618 3301 prte-

313 3331 453 3428 posuit,
478 3345 597 3418 neque
614 3323 713 3394 nelas
733 3319 832 3393 duxit
849 3337 1022 3395 extortum
1047 3328 1253 3394 sacramenti
1279 3323 1462 3397 vinculum
1479 3325 1618 3400 volun-

313 3453 409 3524 tariae
422 3447 579 3520 amicitiae
597 3446 696 3519 cultu
712 3443 921 3518 convellere.
981 3446 1095 3543 Cujus
1114 3444 1274 3516 allectum
1293 3445 1400 3544 atque
1422 3451 1618 3522 constanti-

313 3601 372 3648 am
390 3597 450 3644 rex
466 3568 511 3642 ad
528 3595 565 3644 sc
585 3570 620 3639 in
636 3567 847 3640 Siniandiam
864 3569 1033 3642 venientis
1051 3566 1252 3664 amplissimi
1273 3575 1365 3643 ruris
1382 3571 1617 3670 vicorumque

312 3693 553 3792 complurium
571 3691 711 3766 datione
727 3696 898 3789 pensavit.
951 3691 1085 3762 Verum
1102 3688 1225 3762 Scanin
1249 3694 1442 3790 impensius
1464 3694 1616 3768 Olavum

312 3821 464 3907 fovente,
489 3818 567 3913 ipse
582 3814 688 3889 veluti
706 3815 741 3884 in
762 3815 920 3886 antistitis
941 3813 1027 3912 fuga
1046 3837 1111 3911 per
1129 3812 1326 3888 absentiam
1344 3817 1473 3908 victus,
1507 3842 1617 3915 repa-

310 3941 433 4016 randae
449 3939 600 4010 lortunae
615 3939 727 4036 gratia
748 3937 795 4008 ad
810 3935 906 4008 littus
924 3961 1024 4008 more
1038 3937 1152 4033 gentis
1181 3937 1370 4010 Landora³
1397 3938 1617 4037 appellatum

311 4062 541 4162 expeditionis
565 4062 706 4131 nomine
721 4060 846 4130 crebra
869 4058 981 4134 classe
996 4058 1211 4157 pervehitur.
1264 4061 1377 4158 Cujus
1400 4060 1468 4136 loci
1484 4089 1618 4162 suspe-

311 4203 405 4260 ctam
420 4182 617 4258 admodum
631 4181 810 4256 sortunam
832 4179 1007 4274 habebat,
1041 4181 1219 4254 fabulosae
1237 4181 1427 4282 eujusdam
1443 4189 1618 4286 opinionis

358 4459 442 4518 ’λεία
452 4452 571 4540 patrue]
582 4457 663 4518 Reos
676 4451 784 4538 patrias
797 4472 853 4516 suo
870 4475 935 4516 mo·
994 4453 1084 4518 dubie
1095 4451 1325 4539 eratpraediam.
1357 4459 1457 4520 Locus
1464 4459 1616 4522 Arenata

311 4574 393 4628 rect
406 4557 552 4646 loquendi
567 4560 659 4625 modo
686 4581 737 4626 eos
761 4558 811 4623 hic
831 4560 936 4643 appel·
995 4559 1095 4625 dictus
1108 4559 1207 4624 adhuc
1223 4573 1330 4640 exstat,
1350 4561 1476 4628 dimidio
1489 4561 1616 4628 miliario

310 4669 355 4732 ist
375 4670 471 4747 Saxo,
499 4667 552 4752 qui
576 4666 697 4730 hostilia
719 4666 861 4734 adversus
882 4688 936 4751 ps·
994 4667 1103 4731 Lunda
1118 4666 1241 4730 distem.

310 4775 400 4840 triam
413 4793 494 4836 erma
510 4785 686 4836 tentassent.
704 4771 754 4853 (S)
1041 4771 1216 4854 Ἰωάνα]
1228 4777 1370 4840 Fortasse
1384 4778 1469 4840 locus
1485 4777 1547 4860 5110
1562 4773 1612 4838 ubi

356 4887 414 4946 2Ιιι
439 4885 523 4946 Arno
548 4878 712 4958 Laudensi]
743 4881 825 4943 Arna
856 4877 936 4942 haud
996 4891 1103 4965 postea
1125 4879 1247 4946 condita
1264 4895 1311 4946 est
1330 4883 1401 4947 urbs
1421 4885 1609 4948 Landslrose.
