3524 5460
700 296 934 376 NICOLAUS.
1343 302 1419 376 639

153 535 234 588 sare
250 512 377 608 potuit.
430 501 583 585 Tantum
600 515 740 608 quippe
759 506 847 582 fidei
866 514 901 581 in
915 509 1038 606 Magni
1064 511 1331 610 propinquitate
1352 533 1466 612 repn-

152 639 260 710 situm
277 630 445 725 babebat,
471 630 673 707 utsalutem
691 655 795 709 suam
818 629 1012 731 periclitari
1042 655 1154 730 quarn
1175 633 1287 732 ipsius
1311 635 1468 708 amiciti-

152 783 211 832 am
225 772 352 830 nomre
368 751 497 829 mallet.
546 759 662 848 Quem
677 770 801 831 cantor
814 753 1027 831 certioribus
1042 752 1163 828 adhuc
1178 754 1316 832 indiciis
1330 781 1468 857 aggre-
1580 845 1582 852 Ι

153 879 189 954 di
213 899 464 978 perseverans,
488 874 620 970 lorica,
645 901 756 977 quam
771 877 955 954 subverte
975 873 1149 975 gestabat,
1173 899 1314 952 summa
1329 878 1470 959 detexit.

152 1001 222 1077 Sed
238 1025 285 1076 ne
304 1023 348 1072 eo
359 997 509 1096 quidem
521 1003 735 1098 suspicionis
755 1001 973 1075 irritamento
989 995 1161 1080 refertum
1176 997 1381 1079 fortitudine
1394 1025 1467 1102 pe-

152 1140 230 1200 ctus
247 1126 390 1224 mursia
415 1127 610 1220 astringere
626 1121 748 1198 valiat.
800 1127 850 1196 lta
865 1120 990 1196 solidae
1004 1119 1187 1196 industrias
1203 1122 1343 1217 satelles
1356 1123 1468 1201 iidem

153 1273 256 1323 suana
287 1262 322 1320 et
341 1245 497 1342 periurio
521 1267 674 1320 vacuam
695 1261 730 1320 et
749 1248 947 1321 innocentia
975 1244 1120 1342 plenam
1148 1263 1321 1342 praestare
1345 1245 1468 1324 voluit.

152 1370 477 1468 JamqueCanutus
492 1367 628 1466 primos
643 1365 753 1466 sylvae
770 1367 887 1442 aditus
904 1364 1062 1458 subibat,
1087 1392 1171 1440 cum
1186 1391 1209 1440 a
1231 1370 1378 1468 Magno,
1396 1393 1467 1444 oc-

153 1493 300 1568 ciduum
328 1488 467 1564 arboris
483 1505 649 1564 truncum
671 1490 864 1584 insidente,
886 1489 979 1566 falsa
1004 1493 1075 1565 oris
1106 1488 1281 1567 hilaritate
1312 1505 1349 1566 et
1378 1489 1469 1566 fictis

153 1613 364 1690 osculorum
380 1610 632 1687 blandimentis
647 1618 829 1710 excipitur.
888 1615 1003 1711 Cujus
1026 1627 1066 1686 ut
1083 1619 1267 1688 astrictum
1289 1612 1468 1712 amplexi-

155 1738 229 1810 bus
248 1753 373 1834 pectus
395 1735 492 1810 ferro
512 1751 644 1810 tectum
660 1741 816 1836 agnomt,
840 1735 930 1834 quid
947 1737 994 1808 ita
1009 1759 1053 1808 eo
1069 1733 1168 1810 cultu
1186 1749 1288 1830 esset,
1313 1743 1468 1836 perqni-
1550 1727 1554 1754 '

155 1883 236 1934 rere
250 1863 373 1940 institit.
414 1863 456 1932 tt
472 1856 542 1948 ille,
559 1856 825 1932 dissimulandas
844 1857 981 1934 fraudis
1000 1855 1169 1958 cupidine
1182 1861 1389 1934 munimenti
1402 1885 1468 1936 ra-

153 1982 288 2058 tionem
302 1979 434 2056 reterre
450 1985 610 2078 cupiens,
630 2003 706 2054 esse
722 1981 850 2072 virum,
865 1981 991 2080 inquit,
1007 1985 1087 2054 vitre
1103 1985 1255 2072 rustice,
1268 1983 1376 2082 cujus
1390 2007 1467 2082 po-

155 2102 273 2202 pulati
286 2117 430 2202 penates
445 2101 561 2179 vellet.
611 2107 789 2191 Conutus,
807 2119 841 2176 et
855 2107 904 2177 rei
919 2105 1137 2180 atrocitatem
1162 2123 1197 2180 et
1214 2107 1386 2204 temporis
1401 2131 1467 2180 re-

154 2225 326 2326 ligionem
347 2240 466 2299 sancte
481 2229 670 2314 mamam,
689 2225 842 2324 (quippe
864 2225 1077 2326 Epiphaniae
1102 2251 1205 2302 sacra
1226 2227 1468 2328 gerebantur)

154 2375 202 2424 ne
218 2355 359 2448 privata
373 2350 425 2420 ira
442 2346 632 2446 publicum
649 2347 795 2422 solenne
809 2348 1011 2442 macularet,
1037 2349 1175 2422 orabat.
1228 2353 1323 2444 Quo,
1347 2375 1469 2448 neque

155 2497 195 2546 se
208 2470 380 2546 ultionem
395 2473 625 2544 remissurum
650 2494 771 2567 neque
785 2473 972 2570 proposito
995 2494 1195 2564 cessurum,
1211 2473 1365 2570 jurante,
1391 2479 1468 2574 ipse

154 2591 399 2668 satisfactionis
447 2595 542 2692 justa
580 2593 785 2690 promittere
822 2616 999 2692 suamque
1032 2620 1102 2694 pro
1134 2597 1214 2698 ejus
1251 2600 1468 2670 correctione

153 2718 390 2816 sponsionem
413 2713 541 2788 offerre
565 2720 683 2813 coepit.
749 2715 1046 2814 Obstrepentibus
1072 2716 1221 2808 deinde,
1248 2719 1312 2818 qui
1335 2717 1468 2794 insidiis

153 2839 288 2914 addicti
304 2839 456 2930 lucrant,
480 2835 606 2912 oculos
622 2841 658 2910 in
672 2853 809 2934 partem
829 2837 1101 2931 circumferens,
1126 2840 1216 2938 quid
1232 2842 1300 2917 sibi
1316 2841 1468 2918 militum

153 2963 235 3038 brec
254 2983 382 3037 manus
401 2959 493 3052 velit,
520 2965 721 3060 interrogat.
773 2964 842 3034 Cui
854 2967 1024 3063 Magnus,
1044 2965 1122 3061 jam
1143 2963 1189 3038 de
1203 2964 1303 3064 regni
1318 2987 1468 3071 successs

152 3090 254 3158 sione
269 3100 305 3158 et
326 3109 448 3156 rerum
472 3105 614 3156 summa
638 3083 831 3185 agendum,
857 3085 1050 3184 respondit.
1103 3089 1206 3160 Tunc
1224 3090 1404 3178 Canutus,
1427 3103 1468 3162 ut

153 3209 267 3306 patris
294 3207 372 3303 ep'us
397 3207 564 3304 majestas
587 3205 650 3280 diu
670 3205 760 3280 lectis
781 3206 934 3280 fortunae
963 3205 1050 3284 velis
1079 3233 1296 3309 prosperum
1321 3235 1469 3286 cursum

156 3345 293 3422 teneat,
324 3345 486 3426 exoptat3
524 3335 768 3427 tempestivam
801 3351 888 3406 vcro
917 3330 1038 3406 talium
1070 3334 1283 3408 mentionem
1315 3334 1469 3410 incidere

156 3470 272 3550 negat
332 3455 419 3524 Haec
436 3451 582 3536 dicentis
599 3453 764 3526 verticem
781 3453 921 3528 exiliens
944 3458 1098 3554 Magnus
1120 3455 1345 3556 objurgantis
1367 3485 1469 3533 more

160 3577 342 3673 corripuit.
384 3579 494 3676 igitur
511 3577 683 3666 Canutus,
699 3593 840 3674 patente
856 3579 929 3676 jam
946 3577 1045 3670 dolo,
1062 3605 1206 3654 manum
1222 3579 1354 3678 capulo
1370 3587 1468 3656 insc-

154 3719 243 3770 rens
264 3699 389 3796 ragina
404 3699 540 3775 ferrum
567 3696 776 3782 abstrahere
798 3700 1015 3793 conabatur;
1037 3702 1186 3798 janmue
1210 3699 1372 3798 gladium
1383 3727 1468 3776 me·

156 3817 320 3894 diotenm
338 3818 582 3910 destrinxerat,
607 3845 689 3894 cum
713 3845 796 3894 eum
822 3824 976 3920 Magnus
1001 3826 1127 3921 capitis
1149 3823 1268 3896 media
1293 3822 1469 3900 diffissum

153 3945 362 4015 exanimat¹.
433 3943 559 4014 Caeteri
576 3945 844 4042 conjuratorum
869 3959 1086 4040 prostratum
1109 3943 1245 4018 crebris
1276 3944 1470 4020 confodere

201 4239 302 4298 'Eum
317 4241 451 4322 Magnus
464 4245 571 4326 eapitis
582 4241 677 4302 media
689 4240 784 4326 drffi‘r·
842 4263 960 4326 ruraque
981 4243 1128 4308 Certatum
1147 4243 1368 4327 ritterseeerunt,
1396 4243 1469 4308 dert-

150 4367 218 4405 sum
233 4341 396 4422 eeanrinat]
411 4341 593 4408 Hsimoldus
607 4363 713 4406 necem
727 4347 786 4408 Ca·
843 4371 930 4432 toque
953 4353 1130 4416 membratim
1153 4371 1287 4436 corpore,
1312 4351 1469 4414 crudeliter·

149 4449 222 4512 nuti
241 4451 263 4512 1.
284 4469 310 4512 c.
336 4449 379 4514 ita
401 4447 556 4514 discribit:
580 4451 673 4512 Adest
694 4453 786 4534 Mag·
844 4472 901 4518 tem
919 4461 1007 4520 enirm
1027 4462 1059 4518 in
1082 4473 1196 4518 mortuo
1222 4472 1395 4522 exsaturare
1417 4479 1470 4542 ge-

149 4581 212 4622 nus
229 4581 297 4625 cram
314 4558 519 4623 totr'demairis
536 4561 786 4645 ampleeutmnque
843 4565 977 4638 atterunt.
1020 4561 1157 4646 Historia
1173 4559 1468 4650 Roytlingorumtp·

149 4665 342 4756 deoseulmur
366 4681 511 4751 nepotem,
543 4665 786 4748 comederuntque
842 4661 994 4744 331-335)
1010 4685 1076 4730 rem
1091 4666 1134 4729 its
1147 4680 1398 4754 narratgeetam:
1419 4671 1471 4736 lll-

150 4774 320 4832 tractaturi
331 4777 459 4854 mgottsa.
502 4775 564 4836 Nee
580 4794 784 4844 moranum·
845 4777 915 4834 timo
929 4775 1071 4858 sertr'die
1091 4781 1223 4862 Magnus
1250 4775 1326 4839 detra
1341 4777 1470 4844 Canuta,

149 4892 264 4938 xerunt
278 4877 392 4938 r'rtst'dt‘oe
405 4879 442 4940 de
460 4880 580 4942 terebris
595 4882 655 4941 ruta
663 4903 783 4963 percus·
840 4903 872 4941 se
885 4885 915 4942 et'
932 4881 983 4944 40
1002 4889 1111 4965 equr'tar
1136 4887 1221 4970 pleae
1243 4897 1374 4946 armatos
1393 4879 1470 4952 dom
