3582 5466
369 321 444 394 nio
693 321 866 392 HISTOR.
885 321 988 391 DAN.
1002 321 1138 392 LIBER
1155 319 1229 392 xit

316 533 459 606 maximi
476 525 663 606 sacerdotii
678 529 1057 630 insigncexpetendnm
1072 531 1217 608 curarit.
1267 533 1339 604 Nec
1352 553 1436 607 eum
1451 537 1622 607 Romane

277 637 287 668 ⁸
316 654 562 754 promissionis
578 651 669 726 fides
685 650 817 726 ielellit.
861 651 1056 727 'Proiectus
1076 654 1208 725 enimn
1239 656 1337 728 curis
1368 643 1540 754 legatus,
1557 661 1622 754 qui

316 781 405 854 sacri
426 777 572 874 insignis
594 776 829 875 praerogativa
851 789 981 851 nostrae
1011 773 1393 876 gentissacerdotiom
1416 775 1622 866 adornaret,

316 927 409 994 cum,
426 897 667 974 celeberrimis
684 901 869 973 lituorum
885 899 1038 974 urbibus
1051 902 1229 998 inspectis,
1243 902 1623 975 euncucusosimtme

315 1021 557 1100 collustrando
583 1046 656 1095 non
690 1021 860 1094 minorem
896 1045 1132 1121 personarum
1156 1043 1268 1120 quam
1292 1021 1467 1096 citimum
1491 1047 1620 1124 respe-

315 1165 415 1222 ctum
431 1149 577 1246 egisset,
602 1141 770 1234 Lundiae,
794 1143 845 1220 oh
861 1147 1025 1244 egregios
1042 1146 1163 1218 Asccri
1178 1167 1314 1234 mores,
1348 1160 1424 1220 tum
1446 1143 1550 1244 qood
1571 1144 1620 1218 ad

315 1295 396 1346 eam
414 1295 435 1344 e
458 1267 611 1342 finitimis
627 1265 834 1366 regionibus
854 1283 946 1341 terra
963 1271 1128 1366 marique
1144 1269 1308 1342 transitus
1327 1263 1474 1342 abunde
1490 1281 1622 1367 pateat,

288 1394 416 1490 ‚hunc
437 1394 663 1491 potissimum
681 1387 858 1463 bonorem
879 1388 1115 1464 deferendum
1138 1390 1353 1466 existimavit.
1407 1393 1480 1464 Nec
1502 1387 1623 1466 solum

314 1543 395 1592 eam
420 1515 591 1588 saxonica
606 1511 739 1586 ditione
753 1514 865 1605 eruit,
896 1510 961 1586 sed
981 1512 1087 1588 ctiam
1105 1515 1233 1586 Sistite
1248 1511 1527 1612 Norvsgimque,
1552 1535 1619 1586 re-

313 1639 454 1742 ligionis
468 1634 581 1726 titulo,
607 1639 812 1734 magistram
824 1635 949 1709 'effecte
997 1640 1070 1709 Nec
1086 1659 1215 1734 parum
1232 1635 1347 1710 Dania
1362 1633 1620 1708 nominase-

312 1762 472 1862 nignitati
489 1757 614 1848 debet,
638 1783 713 1858 qua
729 1783 800 1830 non
822 1756 941 1832 solum
958 1755 1128 1832 libertatis
1143 1759 1222 1858 jus,
1255 1757 1320 1833 sed
1345 1761 1452 1832 ctiam
1475 1771 1621 1831 encrat·

312 1891 395 1960 turn
408 1907 527 1958 rerum
545 1879 746 1956 dominium
761 1895 923 1955 assecuta
939 1895 1001 1954 est.
1379 1905 1382 1914 ¹

445 2009 580 2080 Interea
598 2005 723 2078 Ericus
739 2008 884 2100 petitam
900 2007 1043 2102 navigio
1059 2005 1249 2092 Rosciam²
1265 2007 1420 2077 semestri
1443 2025 1619 2102 permen-

312 2151 375 2206 sus
390 2130 527 2219 itinere,
552 2151 682 2226 magna
697 2128 846 2200 Orientis
860 2142 962 2224 parte
974 2143 1192 2218 transcursa,
1217 2127 1425 2223 Byzantium
1441 2125 1619 2201 veniebat

312 2256 428 2346 Quem
442 2253 636 2350 impensor
649 2271 880 2348 nequaquam
896 2249 991 2323 urbe
1010 2252 1173 2348 excipere
1196 2271 1324 2342 ausus,
1360 2263 1462 2323 extra
1486 2249 1620 2322 moenia

229 2375 231 2384 ’
311 2374 455 2451 tendere
473 2375 614 2473 jussum
639 2370 888 2470 hospitalitatis
918 2371 1043 2447 officiis
1066 2373 1378 2472 prosequebatur,
1402 2387 1500 2448 ratus
1527 2369 1621 2446 reli-

311 2501 427 2600 gionis
441 2496 666 2572 simulatione
681 2495 807 2572 dolum
825 2493 970 2570 intendi.
1021 2494 1207 2596 Siquidem
1222 2493 1355 2570 famam
1374 2501 1455 2598 ejus
1471 2523 1515 2572 ac
1532 2523 1618 2572 ma·-

310 2621 532 2722 gnitudinem
547 2621 749 2718 suspicione
766 2619 967 2712 insecutus,
1000 2621 1170 2717 impensis
1195 2643 1279 2693 eum
1303 2643 1415 2720 quam
1435 2622 1618 2696 moenihus

309 2747 434 2822 lovere
458 2743 591 2818 maluit
643 2742 699 2816 Ad
722 2739 802 2814 hoeo
825 2743 959 2830 Dauos,
977 2762 1117 2814 summa
1137 2765 1158 2814 a
1180 2763 1221 2816 se
1238 2741 1471 2820 familiaritate
1493 2742 1620 2840 cultos,

309 2864 435 2942 eadem
457 2865 667 2966 suspicionis
692 2865 882 2937 occasione
903 2860 1071 2951 notabat,
1102 2860 1250 2960 perinde
1275 2887 1319 2938 ac
1345 2869 1523 2967 majorem
1544 2893 1619 2967 pa·-

308 2991 366 3064 trii
390 2994 485 3089 regis
502 3014 611 3089 quam
633 2983 889 3086 stipendiorum
913 3007 1063 3059 suorum
1083 3001 1285 3084 respectum
1308 3003 1463 3064 acturos
1522 2993 1620 3064 lnter

309 3127 459 3186 caeteros
475 3113 587 3201 enirn,
613 3117 674 3210 qui
692 3105 1091 3208 Constantinopolitanae
1108 3106 1218 3182 urbis·
1236 3109 1410 3207 stipendia
1425 3128 1621 3205 merentur,

308 3236 457 3310 Danicae
468 3231 900 3331 vocishominesprimum
915 3229 1047 3304 militiae
1057 3227 1214 3332 gradum
1229 3229 1399 3328 obtinent,
1416 3255 1622 3334 eorumque

309 3355 472 3448 custodia
496 3381 559 3434 rex
580 3354 735 3433 salutem
754 3377 857 3428 suam
876 3341 1022 3428 vallare
1035 3355 1230 3429 consverit,
1297 3361 1371 3432 Nec
1393 3341 1623 3456 imperatoris

307 3483 455 3554 Ericum
471 3479 592 3579 opinio
620 3475 753 3552 fefellit.
811 3477 945 3552 Verum
971 3499 1012 3548 re
1033 3475 1297 3554 dissimulanter
1329 3478 1471 3574 habita,
1504 3505 1623 3558 rene-

306 3601 505 3676 randoram
521 3625 708 3676 sacrorum
728 3605 840 3700 gratia
856 3604 1004 3674 civitatis
1019 3601 1207 3690 ⁸introitum
1230 3603 1413 3702 expetivit,
1437 3604 1619 3703 prelatas,

306 3725 459 3798 maxime
475 3747 515 3800 se
530 3747 574 3798 co
589 3722 660 3797 loci
677 3722 900 3798 celebrandae
915 3721 1096 3824 religionis
1110 3747 1234 3800 amore
1251 3721 1476 3826 perductum.
1535 3727 1617 3798 lm-

306 4081 380 4126 rero
398 4063 430 4128 in
451 4065 581 4130 Daniam
602 4087 682 4130 anno
703 4063 803 4144 1103,
837 4064 930 4128 Erico
986 4072 1038 4125 tur
1088 4060 1214 4126 historia
1253 4063 1506 4160 linytiingorum,
1557 4083 1618 4148 par

308 4168 371 4252 jam
396 4168 562 4252 defuncto,
588 4171 729 4250 veniens,
764 4191 863 4256 neque
885 4171 932 4233 lo·
987 4167 1195 4250 Germaniam,
1217 4167 1289 4234 dum
1305 4170 1441 4256 loquitur
1461 4168 1619 4234 derum·

308 4295 378 4340 eum
400 4278 516 4343 Lundia
538 4279 687 4364 aptiorem
709 4296 807 4362 neque
833 4276 932 4339 rirnm
986 4273 1122 4361 equitum
1155 4293 1259 4362 regem
1291 4275 1535 4362 proticiscentem
1560 4274 1621 4338 sti-

306 4385 421 4447 Asccrc
436 4381 604 4469 digniorem
616 4383 746 4448 inveniri
761 4403 850 4470 posse
862 4403 932 4446 cen·
985 4393 1079 4466 pente
1093 4381 1139 4468 (p.
1150 4377 1226 4464 314)
1241 4393 1273 4446 et
1285 4381 1324 4446 de
1331 4379 1475 4468 praesidio
1483 4381 1619 4446 militum

284 4489 374 4554 ,suit
430 4487 535 4568 (coni.
555 4493 583 4554 J.
612 4493 770 4555 Neomann
793 4489 930 4552 Historia
986 4485 1046 4572 ipsi
1059 4487 1097 4550 ab
1110 4487 1294 4574 imperatore
1308 4507 1451 4555 concesso
1467 4487 1512 4574 (p.
1527 4483 1623 4565 ³1³).

304 4595 453 4680 primatus
461 4593 629 4658 Lundensis
644 4616 676 4681 p.
690 4593 733 4658 54
747 4593 844 4685 sequ.)
910 4573 912 4585 Ι
983 4589 1043 4658 Sed
1069 4593 1108 4658 ab
1135 4595 1229 4658 altera
1260 4609 1348 4681 parte
1368 4595 1474 4680 negari
1494 4591 1618 4679 neqmt,

412 4681 415 4691 ⁴
923 4717 927 4726 ·
983 4699 1064 4763 riam
1080 4719 1137 4784 per
1153 4699 1430 4766 llusciamsolitam
1445 4715 1525 4775 ease,
1554 4711 1623 4780 qus

350 4807 502 4872 'Patriam
523 4811 642 4893 nauigio
659 4805 806 4887 metam]
829 4789 928 4871 iliam
983 4805 1122 4870 homines
1158 4805 1296 4873 boreales
1327 4799 1624 4886 Constsntinopolin

302 4909 424 4996 quidem
449 4911 566 4978 itineris
591 4911 672 4980 riam
698 4913 823 4976 innuere
847 4910 929 4976 ride·
985 4907 1121 4976 adierint.
1245 4909 1249 4918 ’
