3524 5460
492 335 640 410 SVENO
661 337 718 409 ΠΙ.
769 335 1026 412 canuwsv.
1291 335 1365 412 689

12 555 14 598 ³
118 545 261 622 eontulis
283 545 429 620 edunt¹.
501 525 705 622 Penates'in
739 545 873 621 editum
896 547 1057 644 subjecto
1078 545 1264 648 glebarum
1290 571 1417 623 seerro

120 665 328 767 provehunt.
388 669 464 741 Hos
479 691 500 740 o
515 669 704 743 Frisouum
727 683 830 770 gente
847 668 1027 762 conditos,
1051 674 1204 744 nominis
1229 685 1265 744 et
1286 669 1417 771 lingue

118 796 263 866 societas
282 793 479 864 testimonio
503 805 572 886 est;
606 791 739 890 quibus
759 815 872 866 novas
894 791 1137 891 querentibus
1154 790 1257 866 sedes
1271 817 1312 864 ea
1327 781 1419 867 lorte

118 913 218 988 tellus
232 913 396 1006 obvenit3
421 937 531 1012 quam
551 911 744 1011 palustrem
761 915 916 1012 primum
933 939 975 987 ac
996 911 1181 986 humidam
1201 910 1313 1014 longo
1339 913 1417 992 du-

119 1061 239 1109 ravere
254 1035 359 1110 cultu.
416 1033 674 1112 Administratio
697 1034 826 1109 deiude
846 1035 1040 1134 provinciae
1065 1035 1135 1108 sub
1163 1039 1291 1109 nostris
1314 1046 1417 1138 regi-
1490 1115 1496 1130 ⁸

118 1159 184 1232 bus
201 1183 280 1232 esse
293 1161 412 1258 coepit.
470 1163 590 1259 Aqua
609 1159 768 1232 Canutus
788 1183 872 1232 curn
891 1159 984 1232 sorte
996 1156 1201 1256 proesidium
1219 1159 1416 1259 impleras-

118 1297 178 1372 set,
201 1297 372 1380 prompto
391 1285 549 1354 omnium
566 1280 690 1353 lavore
712 1281 918 1378 suscipitur,
942 1279 1138 1379 pollicitus,
1154 1305 1193 1356 se
1216 1283 1266 1355 eis
1281 1281 1417 1382 aliquid

119 1401 161 1476 de
184 1413 360 1476 consvetae
386 1405 566 1506 pensionis
595 1427 703 1476 onere
734 1400 969 1477 laxaturum2.
1042 1402 1144 1476 Avidi
1172 1409 1416 1500 promissionis

118 1527 212 1618 Frisi,
238 1528 366 1600 iutuitu
383 1525 480 1598 erilis
495 1528 633 1624 praemii
655 1526 800 1598 immani
821 1549 861 1599 se
881 1531 1028 1626 negotio
1045 1542 1201 1600 onerant·
1268 1531 1320 1604 Ac
1333 1535 1416 1628 pri-

120 1675 215 1721 mum
231 1653 363 1721 moenia
389 1663 537 1747 propter
558 1646 704 1720 Mildam
721 1647 883 1737 fluvium,
908 1650 989 1747 quis
1011 1673 1095 1722 eum
1115 1653 1296 1750 recipiant,
1321 1677 1415 1727 con-

121 1771 216 1845 dunt
257 1768 411 1844 Tantulo
426 1769 603 1869 stipendio
619 1775 746 1870 ingens
763 1769 883 1844 militia
898 1777 999 1846 stetit.
1048 1773 1174 1866 Sveno,
1188 1775 1321 1850 reditus
1337 1779 1416 1876 ejus
1435 1847 1438 1852 ,

119 1895 284 1992 opinione
301 1913 457 1993 accepta,
481 1897 572 1969 lutis
579 1895 615 1966 in
630 1895 827 1992 equitatum
845 1893 1033 1995 digestis‚a
1049 1895 1220 1970 Siniandis
1240 1915 1275 1972 et
1295 1901 1416 1974 Scams

119 2015 263 2090 classem
283 2015 452 2093 adsciscit
504 2021 556 2090 Er
573 2041 644 2115 qua
662 2015 851 2104 nonnullas
871 2041 982 2092 nares
994 2017 1138 2092 Slesvici
1154 2019 1416 2096 subductas-ad

118 2139 284 2214 Eidoram
297 2165 412 2238 usque
425 2139 504 2214 solo
518 2155 620 2214 tenus
633 2137 887 2237 pertrahendus
903 2145 1050 2230 curavit,
1074 2167 1120 2214 ne
1134 2167 1177 2216 ea
1192 2165 1278 2241 pars
1295 2141 1415 2218 bosti-

117 2264 181 2338 bus
195 2263 336 2362 elapsui
357 2263 455 2337 lorct.
522 2266 611 2356 Quae
625 2285 683 2335 res
706 2263 740 2336 ei
763 2259 945 2360 impendio
969 2265 1082 2363 magis
1103 2289 1213 2362 quam
1237 2267 1320 2338 usui
1342 2265 1423 2340 tute

118 2385 202 2459 lude
223 2411 307 2460 eum
332 2389 443 2484 copiis
468 2384 516 2458 ad
540 2409 666 2459 recens
691 2383 869 2484 oppidum
890 2389 1015 2483 pergit.
1082 2386 1133 2479 ld,
1154 2389 1246 2460 inter
1264 2385 1415 2485 paludes

119 2527 332 2607 amnemque
343 2513 460 2602 situm,
479 2525 605 2582 natura
623 2533 733 2607 quam
755 2533 864 2607 opere
880 2511 1048 2581 munitius
1070 2523 1152 2582 erat.
1212 2514 1243 2580 A
1258 2507 1367 2584 latere
1381 2513 1427 2584 ei·

120 2631 226 2706 Milda
244 2631 375 2706 flodus
400 2629 475 2722 luit,
491 2631 644 2731 angustis
666 2629 797 2721 alveis,
819 2628 885 2703 sed
908 2627 1048 2728 placide
1061 2631 1287 2705 manantibus
1301 2634 1414 2731 aquis.

118 2755 222 2850 Quod
247 2761 331 2856 quia
354 2777 417 2826 rex
440 2753 489 2825 ob
513 2757 693 2853 angustias
714 2754 865 2826 exercitu
884 2755 1138 2828 circumvenire
1164 2777 1237 2826 uon
1263 2769 1414 2852 poterat,

117 2877 205 2952 locis
222 2901 266 2951 er
280 2877 386 2976 copia
401 2875 540 2951 idoneis
557 2891 671 2950 castra
686 2873 817 2975 defigit.
869 2873 1010 2950 Deinde
1027 2879 1129 2952 caesis
1145 2875 1314 2978 virgultis,
1330 2903 1424 2977 quse.

117 3021 241 3074 nemus
254 3003 458 3098 proximum
471 2997 655 3090 offerebat,
672 2998 719 3072 ad
734 2977 974 3099 peragrandas
987 2998 1139 3100 paludes
1155 3017 1415 3076 eonstrsmeum

115 3119 188 3196 fieri
198 3119 317 3222 jubet,
330 3123 472 3222 quibus,
489 3147 574 3198 cum
588 3138 831 3221 opportunum
846 3119 948 3212 iuret,
964 3120 1062 3198 velut
1076 3123 1248 3221 pontibus
1264 3138 1415 3198 uteren-

118 3261 183 3320 tur.
237 3249 375 3318 luteres
393 3244 541 3346 quidem
557 3269 600 3318 ex
622 3233 755 3320 Frisies't
769 3246 967 3343 juventute,
991 3245 1065 3318 sire
1088 3269 1198 3320 morae
1217 3247 1413 3346 impatien-

118 3385 182 3463 tes,
199 3371 276 3443 sire
289 3367 529 3469 vegetioribus
542 3369 665 3444 animis
683 3367 820 3444 virtutis
836 3366 1010 3466 jactandas
1025 3367 1164 3468 cupidi,
1190 3369 1415 3467 provocandi

113 3491 367 3589 grnfianvm,
392 3496 454 3591 qui
472 3495 560 3564 iuter
574 3507 690 3566 eastra
715 3487 853 3564 medius
869 3505 962 3582 erat,
987 3507 1156 3566 consueta
1181 3505 1257 3566 arte
1277 3494 1412 3568 eami-

113 3611 224 3706 linnt‚
256 3637 466 3714 vagumque
489 3620 627 3690 eminus
647 3613 786 3688 bostem
807 3621 993 3690 incessunt
1061 3617 1135 3688 Nec
1159 3613 1413 3690 lacessentibus

165 3967 285 4030 'Saltus
298 3967 422 4030 ceradis
437 3961 541 4046 edunt]
556 3965 633 4029 Hac
651 3981 737 4026 ruens
794 3961 889 4026 landis
911 3957 1098 4046 ceterisque,
1112 3953 1165 4046 qui
1185 3961 1252 4028 loca
1266 3961 1411 4052 palustria

112 4083 162 4134 est
190 4071 317 4136 autoris:
349 4071 440 4136 Frisii
464 4069 602 4148 serobes,
628 4069 737 4156 quibus
792 4067 939 4132 incolunt.
961 4063 1009 4150 (S)

110 4197 280 4262 agrossuos
296 4177 417 4262 cingere
430 4178 540 4256 solent,
556 4175 608 4238 ubi
623 4175 665 4239 ita
681 4197 736 4238 usu
839 4173 1000 4258 ²Aliqur'd
1030 4175 1070 4236 de
1096 4191 1236 4262 consuatur
1260 4177 1412 4261 pensionis

113 4284 209 4362 venit,
230 4281 341 4362 hastis,
363 4283 525 4368 longuriis,
553 4283 615 4344 sire
638 4279 735 4343 contis
791 4305 876 4344 onere
892 4277 1072 4357 laxaturum]
1086 4283 1196 4342 Narrat
1214 4291 1302 4342 autor
1317 4279 1412 4342 bisto-

110 4387 297 4451 transiliunt.
350 4393 451 4452 Saltus
471 4391 553 4452 edere
572 4409 626 4449 suo
650 4405 735 4448 more
793 4387 848 4448 riae
875 4385 1108 4468 linytlingorum
1128 4381 1172 4470 (p.
1194 4381 1286 4464 353),
1314 4385 1412 4449 Canu·

107 4495 191 4560 dixit
211 4519 269 4583 pro
298 4499 456 4564 transilire.
520 4493 661 4558 Contalus
686 4513 736 4553 au·
793 4505 859 4555 tum
874 4488 1050 4556 Frisonibus
1065 4511 1100 4552 ex
1116 4489 1232 4554 tributo
1255 4483 1411 4576 asiugulis

109 4613 180 4664 tem
202 4601 414 4666 diminutivum
437 4603 475 4665 sb
499 4621 553 4680 eo,
582 4595 664 4683 quod
688 4608 738 4660 est
792 4600 856 4684 regi
877 4596 984 4661 Danie
1006 4595 1153 4660 solvendo
1173 4595 1329 4660 dimidium
1353 4583 1412 4662 Or·

104 4725 223 4772 contus.
299 4707 461 4794 Hodieque
490 4715 560 4770 suat
587 4701 735 4786 ejusmodi
793 4724 849 4789 eug
871 4703 1059 4767 concessisse.
1119 4691 1219 4790 dreng
1238 4717 1304 4770 erat
1325 4725 1411 4790 num·

103 4814 198 4875 conti
212 4795 248 4876 in
269 4835 324 4876 usu
344 4826 407 4878 tam
427 4813 533 4878 Frisiis
553 4833 642 4896 quam
659 4810 736 4874 Hol-
792 4829 857 4874 raus
888 4809 1010 4874 tertiam
1034 4831 1097 4874 oras
1119 4823 1240 4896 purtem
1263 4811 1314 4878 vel
1338 4819 1410 4873 octo

792 4915 930 4982 denarios
947 4917 1058 4982 valens.
