3538 5460
363 297 439 378 946
725 301 1184 378 annotaveramus
1198 301 1277 378 XV.

309 515 445 588 scaniae
459 509 588 586 deinde
605 535 699 614 gyro
715 513 949 613 pertransito,
965 507 1114 586 obsides
1132 509 1282 610 aplcbe
1295 515 1525 613 recipiantur.
1573 511 1634 588 Ad
1757 545 1758 602 3

308 637 451 737 reliqua
476 634 588 710 iacilis
614 634 797 735 populus,
830 631 1056 709 decimarum
1078 631 1293 710 solutionem
1316 633 1491 712 duntaxat
1510 641 1631 736 perti-
1757 663 1758 740 t

309 763 433 836 narius
450 756 644 862 abnuebat
695 757 791 831 Nihil
807 761 921 858 magis
936 757 1025 856 regi,
1049 779 1160 853 quam
1175 754 1224 830 ad
1240 783 1362 833 earum
1380 759 1630 834 remissionem

309 882 530 960 Absalonem
544 877 740 971 abducere,
756 895 919 954 curatum
935 893 997 968 est,
1021 901 1253 976 summopere
1266 879 1466 955 cavendum
1486 879 1633 971 dicenti,

308 1031 355 1080 nc
371 1004 438 1082 sihi
458 1003 563 1093 sorte,
584 999 686 1102 quod
701 1001 789 1076 olim
797 1000 1175 1075 CanutoOthoniensi²
1195 1001 1417 1083 decimarum
1432 1006 1515 1104 jura
1532 1029 1631 1102 pro-

309 1151 446 1230 pagare
461 1128 583 1200 nitenti
599 1123 794 1221 acciderat,
825 1126 991 1200 eveniret.
1016 1123 1219 1230 'absalom
1241 1128 1439 1226 quicquam
1465 1151 1510 1200 ex
1534 1151 1632 1200 oon-

308 1269 411 1328 aucto
448 1275 635 1326 sacrorum
670 1252 753 1350 jure
791 1245 988 1346 decerpere
1026 1271 1100 1322 non
1135 1250 1254 1322 minus
1284 1248 1476 1348 inglorium
1516 1274 1632 1348 quana

308 1373 520 1474 sacrilegum
547 1389 665 1467 ratus,
700 1374 917 1446 coustantius
941 1368 978 1442 id
999 1392 1040 1444 ae
1065 1369 1243 1444 factumm
1267 1369 1439 1473 negabat,
1462 1371 1632 1464 dicendo,

308 1503 445 1574 tametsi
465 1497 525 1570 'rex
548 1495 667 1594 plebis
698 1496 904 1570 seutentiam
932 1493 1056 1569 favore
1081 1511 1380 1592 prosequeretur,
1411 1495 1479 1570 sihi
1502 1501 1631 1596 impe-

309 1623 467 1699 dimento
483 1645 555 1694 non
571 1619 670 1709 sure,
696 1615 904 1717 quominus
920 1615 969 1690 ab
990 1641 1033 1689 ea
1053 1615 1276 1692 decimarum
1298 1616 1461 1693 debitum
1485 1625 1632 1720 exigere

309 1759 578 1848 perseveraret,
602 1743 779 1815 nemiuem
805 1740 853 1814 ad
876 1737 1125 1840 participanda
1151 1765 1275 1814 secum
1299 1741 1456 1838 pericula
1482 1767 1632 1842 proro-

310 1887 465 1946 caturus
496 1955 498 1966 A
515 1867 743 1940 Tutissimum
760 1868 870 1965 igitur
883 1865 958 1964 regi
974 1863 1155 1938 silentium
1171 1863 1259 1954 sore,
1282 1864 1503 1940 aeecclesiae
1519 1889 1630 1962 opem

309 1989 458 2068 lerendo
485 1988 654 2088 populari
678 2011 717 2061 se
739 1987 859 2088 ipsum
881 1984 967 2060 odio
991 1985 1157 2086 implicet.
1212 1989 1302 2059 Tam
1323 1988 1455 2086 justam
1480 2003 1632 2086 tamque

308 2114 436 2190 sortem
452 2111 641 2187 Absalonis
664 2112 897 2186 constantiam
918 2133 982 2184 rex
1004 2113 1123 2184 animo
1149 2125 1360 2200 veneratus,
1384 2133 1467 2183 cum
1491 2111 1631 2184 renuis-

257 2303 259 2306 .
308 2241 447 2314 sionem
475 2231 663 2308 admittere
685 2232 794 2328 nolit,
819 2235 1037 2308 exactionem
1068 2230 1232 2305 differre²
1263 2233 1439 2332 postulat;
1479 2230 1630 2306 oonsilio

307 2357 543 2462 postmodum
567 2355 660 2430 effici
684 2381 811 2455 posse,
838 2354 940 2456 qnod
967 2358 1073 2428 armis
1104 2369 1270 2453 nequeat.
1325 2358 1445 2430 Paruit
1467 2358 1632 2456 precanti

307 2480 487 2573 absalon,
513 2480 695 2580 praelatus,
710 2505 750 2556 se
767 2479 989 2554 decimarum
1005 2477 1088 2552 loco
1105 2476 1288 2578 prioribus
1304 2477 1515 2578 pontificum
1530 2504 1632 2554 con-

309 2603 504 2681 ditionibus
520 2627 594 2676 noa
604 2627 767 2692 usurum,
783 2625 829 2677 ne
846 2615 994 2702 prorsus
1009 2627 1131 2676 earum
1145 2602 1228 2700 jura
1242 2599 1423 2702 negligere
1437 2601 1633 2678 videretur.

308 2731 398 2802 Tam
417 2722 578 2802 modesta
599 2724 789 2830 Absalouis
804 2731 995 2825 promissio
1013 2724 1287 2800 consternationi
1305 2723 1466 2799 remedio
1482 2723 1561 2798 fuit.

412 2853 559 2923 Summa
581 2847 815 2947 postmodum
829 2851 980 2925 Caesaris
996 2852 1032 2921 in
1051 2845 1256 2922 attentando
1280 2849 1441 2921 Saxoniae
1464 2847 1633 2946 principe

309 2972 482 3050 calliditas
505 2976 630 3071 patuit.
682 2975 763 3046 Non
785 2979 879 3048 enim
903 2975 1080 3047 minorem
1103 2969 1332 3071 expugnandi
1355 2973 1435 3071 ejus
1460 2971 1631 3069 spemin

308 3098 472 3172 acumine
525 3117 637 3193 quam
674 3095 812 3170 viribus
855 3093 1065 3196 reponebat.
1140 3095 1306 3193 Inprimis
1334 3091 1633 3184 Waldemarum,

308 3245 421 3322 quem
438 3215 552 3291 eidem
569 3217 697 3302 certius
717 3218 910 3291 affuturum
929 3217 1115 3311 credebat,
1131 3221 1257 3292 astutia
1271 3231 1389 3290 tentat.
1440 3213 1631 3314 Siquidem

307 3343 413 3418 binas
434 3341 513 3439 ejus
530 3337 621 3412 filias
648 3339 798 3414 totidem
813 3339 896 3417 filiis
919 3346 1011 3435 suis,
1049 3365 1206 3441 quorum
1234 3338 1386 3414 alterum
1404 3340 1632 3413 successioni

201 3447 203 3454 ¹
308 3468 447 3565 imperii
473 3461 686 3554 destinarat,
715 3463 867 3538 alterum
886 3465 1023 3540 Sreviae
1051 3479 1233 3562 satrapam
1254 3461 1525 3552 constituerat³,
1558 3485 1631 3560 per

306 3585 446 3688 legatos
460 3587 498 3657 in
515 3585 780 3659 matrimonium
797 3586 1021 3686 postulabat,
1046 3609 1119 3657 non
1136 3583 1239 3684 quod
1255 3585 1417 3685 sanguini
1432 3606 1501 3658 suo
1516 3582 1632 3659 bonae

305 3707 395 3786 fidei
407 3709 549 3810 nuptias
568 3725 758 3810 quaereret,
787 3707 853 3784 sed
870 3726 911 3784 ut
925 3707 1068 3784 hostem
1085 3711 1207 3782 amicis
1229 3705 1473 3782 abundantem
1489 3709 1632 3788 auxiliis

307 3833 485 3936 spoliaret
550 3829 662 3928 Quod
686 3830 848 3908 callidius
881 3857 928 3906 an
949 3828 1195 3932 impudentius
1215 3835 1347 3931 egerit,
1375 3831 1631 3933 ignoraverint.

354 4191 494 4255 *caune
520 4179 706 4264 Otlont'ensi]
726 4182 749 4245 1.
772 4198 798 4244 a.
818 4181 941 4247 Sancto
1045 4185 1059 4222 ⁸
1083 4181 1215 4246 Totidem
1237 4181 1313 4263 filiis
1331 4225 1340 4243 .
1360 4225 1369 4243 .
1389 4175 1407 4242 .’
1420 4181 1633 4263 constituerat]

300 4297 428 4382 ‚canuto
449 4295 526 4382 regi,
549 4287 697 4356 Othonia
715 4285 881 4354 interiecto
901 4303 934 4356 et
999 4292 1041 4353 11.
1048 4307 1075 4352 a.
1087 4287 1205 4353 dnobus
1216 4286 1287 4360 filiis
1301 4297 1374 4350 natu
1388 4285 1535 4367 maximia,
1545 4293 1633 4354 Hea-

307 4403 448 4484 scpnlto‚
476 4395 677 4466 discernendo
706 4417 724 4458 a
750 4407 857 4462 ammo
878 4399 935 4462 Ca·
1001 4400 1110 4475 rico‚a.
1120 4391 1204 4460 1165
1220 4405 1305 4474 nato,
1321 4412 1413 4478 quem
1428 4391 1546 4456 siloa
1563 4413 1634 4458 anc-

306 4517 384 4570 nuto
401 4507 489 4594 daca,
505 4527 587 4571 anno
611 4501 693 4569 1170
712 4501 884 4590 Ringatadii
901 4503 934 4566 in
1001 4521 1154 4566 cmaurcm
1172 4521 1262 4566 auum
1280 4499 1433 4564 nominari
1450 4497 1577 4580 fecerat,
1598 4513 1632 4566 et

307 4610 403 4674 altaro
420 4614 579 4678 nunciato.
999 4609 1166 4689 Freden'co,
1185 4627 1277 4695 quem
1294 4629 1322 4673 a.
1340 4601 1423 4672 1167
1438 4603 1632 4674 docensve·

352 4720 367 4758 ²
384 4721 573 4783 Ecactiuncm
595 4713 728 4805 differre]
750 4721 796 4782 lta
813 4715 935 4802 scripsit
1000 4712 1061 4782 vlu
1078 4727 1264 4800 armeni.-
1532 4735 1535 4738 '

307 4823 492 4910 saphania
511 4844 572 4912 pro
592 4825 706 4913 deseres
725 4820 826 4894 in-ed.
843 4843 891 4910 pr.

1652 1123 1655 1137 i

1757 1141 1758 1160 l
