3536 5462
390 259 465 335 aaa
722 193 1288 332 semiclausum.

338 485 405 546 tur.
439 471 533 562 Quin
549 466 653 538 etiam
667 471 803 534 tantum
819 463 974 562 stuporis
990 466 1108 538 animo
1123 481 1358 558 contraxerat,
1383 483 1423 542 ut
1441 489 1529 542 racc
1543 493 1631 568 qao·

337 619 413 694 que
428 589 652 678 deficeretur,
675 585 819 658 uterne
835 586 1116 682 perturbationis
1139 605 1242 664 notas
1257 587 1409 664 confuso
1432 595 1503 665 oris
1524 589 1633 668 habitu

337 743 415 820 pre
433 739 471 790 se
488 713 615 786 serens.
667 705 838 782 Notabilis
861 710 928 780 viri
946 711 1166 784 taciturnitas
1181 709 1257 798 fuit,
1283 733 1366 808 qaae
1384 735 1430 786 ne
1445 712 1632 790 confessio·

334 847 390 916 nis
407 839 489 914 loco
507 833 708 921 duceretur,
732 829 895 928 prudens
918 829 1108 906 Absalonis
1128 833 1347 908 interventus
1367 834 1494 925 effecit,
1519 841 1633 912 miratu

334 963 519 1062 indignum
536 955 693 1045 dicentis,
719 952 766 1025 ad
779 978 893 1030 novos
911 955 1162 1028 criminationis
1180 954 1350 1055 objectus
1366 953 1557 1052 hominem,
1571 959 1631 1032 dc-

226 1067 228 1078 7
333 1087 503 1162 sessionis
527 1077 699 1168 dubium,
724 1076 833 1175 pleno
852 1074 1087 1158 meditationis
1106 1076 1255 1150 consilio
1281 1079 1528 1178 respondendi
1555 1081 1633 1156 olii-
1729 1125 1730 1144 κ

333 1211 388 1284 cia
411 1203 548 1280 tardius
566 1196 748 1290 exhibere,
770 1199 1010 1298 protinusque
1024 1223 1110 1284 eum
1129 1196 1236 1272 dandi
1252 1203 1414 1300 responsi
1428 1205 1541 1302 gratia
1561 1203 1635 1280 col-

331 1331 456 1430 loquio
473 1321 645 1400 excedere
670 1337 716 1410 et,
739 1344 832 1418 quos
854 1318 948 1413 velit,
964 1345 1007 1394 ex
1028 1322 1151 1394 euticis
1174 1326 1210 1394 in
1228 1321 1414 1397 consilium
1437 1326 1633 1402 contrahere

328 1453 443 1556 jubet.
495 1451 577 1542 Quo
593 1443 687 1519 dicto
700 1458 878 1518 recreatus
893 1447 1044 1544 Magnus
1061 1461 1169 1542 atque
1193 1443 1243 1516 ad
1259 1469 1360 1543 spem
1386 1444 1635 1522 labefactanda

330 1575 565 1653 accusationis
587 1585 736 1660 erectus,
761 1569 912 1665 acceptis
936 1565 1206 1641 consultationis
1232 1565 1395 1658 induciis,
1426 1571 1635 1646 Absalonem

330 1727 413 1780 cum
423 1697 587 1786 Tukoue,
602 1683 882 1766 Wendilensium
892 1689 1077 1781 autistite¹,
1092 1705 1246 1764 sevocat.
1289 1693 1322 1764 ls
1337 1691 1442 1768 Tuko
1461 1700 1551 1793 patri
1566 1697 1635 1794 ejus

329 1830 436 1902 Erico
455 1820 662 1893 diaconatus
677 1811 860 1910 obsequiis
877 1834 1048 1908 percarus
1064 1809 1208 1884 habitus
1234 1809 1357 1912 deque
1384 1815 1463 1914 ejus
1480 1816 1635 1890 clientela

328 1947 377 2024 ad
401 1940 650 2046 pontificatum
677 1939 811 2010 accitus
841 1934 969 2009 fuerat.
998 2035 1001 2048 .
1035 1935 1149 2032 Cujus
1180 1934 1230 2008 rei
1261 1953 1365 2036 grata
1395 1938 1635 2014 recordatione
1730 1969 1731 1986 ¹

314 2069 451 2174 ,Magni
466 2063 645 2140 caritatem
660 2061 875 2159 propensius
894 2060 1013 2132 auimo
1030 2059 1168 2130 insitam
1181 2055 1349 2132 habebat
1403 2064 1521 2154 Quem
1542 2062 1635 2136 mul·
1730 2051 1731 2110 ἶ

327 2207 406 2268 tum
426 2189 562 2288 diuque
585 2180 637 2256 ob
660 2184 802 2282 cogitati
829 2180 972 2256 sceleris
996 2181 1248 2255 immanitatem
1277 2181 1447 2280 profectis
1473 2209 1496 2256 a
1520 2185 1639 2260 dolore

326 2315 494 2392 conviciis
509 2312 698 2395 insecutus,
723 2301 962 2405 respondente
985 2327 1046 2391 eo,
1079 2302 1248 2400 epistolas
1266 2301 1382 2378 aliena
1399 2303 1532 2381 fraude
1548 2333 1635 2382 con-

324 2454 453 2530 textas,
483 2453 746 2533 supervacuum
772 2426 809 2501 id
833 2429 1054 2526 purgationis
1078 2449 1191 2526 genus
1219 2429 1386 2522 astruxit,
1424 2453 1501 2504 non
1524 2431 1636 2506 solum

325 2564 530 2659 scripturae,
560 2551 627 2630 sed
650 2531 683 2628 el
705 2551 775 2627 stili
799 2547 969 2640 modum,
1002 2573 1077 2648 quo
1101 2547 1339 2647 scribaipsius
1367 2553 1591 2632 Lambertus
1606 2556 1639 2628 in

326 2678 501 2756 dictandis
527 2675 687 2776 epistolis
717 2671 916 2764 adsolent,
957 2671 1148 2746 certissime
1172 2695 1424 2771 recognoscere
1458 2676 1640 2776 praelatus.

325 2807 437 2902 Cujus
456 2801 730 2874 affirmationem
752 2794 934 2869 Absalone
967 2795 1215 2873 consentaneis
1239 2793 1360 2870 verbis
1386 2815 1643 2897 prosequente,
1731 2851 1732 2880 ,

321 2942 456 3000 mutum
470 2927 604 3023 Magno
619 2921 875 3020 desperationis
892 2924 1044 3011 incessit,
1061 2934 1101 2992 ut
1117 2922 1216 3009 eos²‚
1251 2941 1297 2990 an
1315 2918 1384 2992 sibi
1403 2921 1642 2998 confessionis
1731 2901 1732 2914 ἶ

321 3048 479 3125 remedia
503 3045 668 3144 amplecti
691 3043 831 3134 liceret,
859 3041 997 3142 trepide
1020 3059 1297 3140 percontaretur.
1348 3047 1443 3117 Tum
1466 3042 1642 3136 Absalon,

321 3174 461 3246 tametsi
484 3170 660 3244 confessio
685 3164 846 3266 periculo
867 3181 1103 3254 consereret,
1133 3163 1180 3238 ad
1198 3162 1292 3238 hanc
1309 3181 1426 3240 tamen
1442 3185 1532 3242 ante
1549 3194 1643 3268 pru-

320 3291 549 3384 currendum,
574 3273 755 3392 quamde
779 3289 878 3360 venia
903 3303 1020 3392 aetum
1044 3307 1306 3388 excussumque
1330 3289 1441 3382 foret,
1469 3289 1646 3392 negabat,

319 3415 519 3516 suadetque
534 3417 596 3506 uti,
622 3430 770 3510 stupore
785 3409 961 3510 deposito,
986 3435 1052 3509 per
1070 3435 1108 3484 se
1125 3409 1182 3484 vel
1198 3437 1265 3510 per
1279 3419 1435 3486 amicum
1451 3417 1493 3486 in
1513 3429 1645 3513 poste-

260 3526 263 3538 *
317 3565 400 3616 rum
423 3538 519 3614 diem
541 3537 760 3631 induciarum
780 3533 983 3609 facultatem
1002 3530 1172 3608 audacter
1192 3533 1368 3634 efflagitet,
1392 3533 1547 3610 firmato
1566 3535 1647 3608 ani·

317 3690 380 3738 mo
402 3689 481 3736 rem
505 3663 639 3737 [elicias
666 3658 884 3762 expleturus.
953 3657 1093 3750 Quibus
1118 3655 1298 3750 admissis,
1331 3681 1393 3728 rex
1420 3672 1649 3755 praesentem

314 3785 491 3862 nobilium
514 3801 702 3876 catervam,
729 3805 880 3880 vespere
892 3785 957 3852 iter
978 3781 1168 3880 ingressus,
1193 3778 1241 3853 ad
1264 3782 1433 3872 Uononis,
1457 3777 1643 3877 locuple·

314 3913 437 3986 tissimi
454 3912 531 4001 viri,
548 3925 694 4008 penates
710 3931 832 3981 secum
847 3902 1024 4004 perduxit.
1075 3905 1115 3974 In
1137 3928 1210 4002 qua
1233 3903 1457 4002 proiectione
1475 3901 1649 3977 Absalon

314 4036 487 4132 aMaguo
508 4029 707 4103 admodum
723 4043 904 4118 aestuante,
931 4025 1095 4124 quisnam
1121 4024 1340 4100 defensionis
1362 4022 1505 4100 modus
1531 4014 1648 4125 objc-

314 4162 376 4232 ctis
390 4167 615 4255 congrueret,
632 4151 825 4226 curiosiore
841 4148 1106 4247 percontatione
1121 4148 1315 4242 consultus,
1337 4148 1479 4224 nouam
1500 4165 1647 4250 partem

312 4277 452 4378 probro
473 4294 535 4352 aut
550 4274 713 4376 periculo
730 4295 881 4348 vacuam
897 4269 1053 4370 ajebau.
1105 4267 1195 4346 Nam
1210 4297 1276 4346 nco
1292 4275 1580 4380 accusationem
1598 4289 1650 4348 tot

356 4583 611 4648 ¹Wendileaaritm
622 4579 767 4659 antistite]
779 4577 937 4664 Episcopo
990 4601 1040 4642 aas
1059 4574 1093 4640 in
1110 4577 1247 4644 nonnull.
1261 4578 1341 4664 expl.
1352 4575 1400 4642 ed.
1418 4599 1474 4664 pr.
1488 4593 1527 4646 ct
1539 4581 1651 4670 ψει

307 4687 525 4776 Bnrqlanensi3
540 4684 598 4752 cir.
616 4706 709 4773 snpra
729 4681 854 4773 pilli.
1001 4723 1004 4730 ·
1035 4683 1179 4770 ‘qilod
1198 4683 1358 4771 stephanii
1372 4683 1571 4756 mandatio
1589 4709 1651 4776 pro

352 4799 451 4870 ’aas
469 4791 523 4877 aa]
536 4793 588 4858 Sic
605 4791 800 4862 scribendam
819 4814 878 4879 pro
896 4819 936 4860 aa
991 4793 1097 4879 agebat
1113 4791 1147 4858 in
1170 4791 1217 4857 ad.
1238 4813 1286 4878 pr.
