3524 5460
327 331 474 408 SVENO
489 335 545 408 ΠΙ.
578 331 785 408 maurus
804 329 844 406 V.
880 331 1255 406 wstuustnttttst
1324 331 1393 406 721

130 565 241 630 vero,
270 537 372 639 apud
394 563 504 638 quem
526 539 619 616 fides
650 543 843 641 suspicioni
863 539 1185 642 praeponderabat,
1224 543 1318 640 pacti
1342 541 1447 618 lidu-
1485 604 1488 612 ,

130 670 185 738 eia
229 665 433 740 &cuonem
469 668 686 738 constantius
720 689 831 762 quam
862 669 1004 738 cautius
1042 663 1196 762 petebat
1300 665 1448 738 Stabant
1486 715 1492 728 ·

129 785 260 860 milites
280 785 376 886 regis
395 786 569 884 gregatim
589 791 737 879 armati,
765 789 945 860 Canutum
967 803 1003 862 et
1019 783 1309 880 waldemarum,
1330 787 1445 862 dum-

130 907 243 982 modo
268 907 399 1007 pariter
426 905 624 1000 affuissent,
653 933 782 984 necare
811 911 913 1007 jussi.
974 911 1168 1007 Comperta
1198 909 1344 986 alterius
1370 911 1447 984 ab·
1564 1003 1566 1010 Ι

130 1035 255 1121 sentia,
278 1031 414 1117 Sveno,
440 1030 616 1103 revocatis
640 1029 870 1122 satellitibus,
901 1030 1012 1106 multa
1035 1036 1235 1106 venientem
1255 1031 1446 1132 gratulati-

131 1177 203 1225 one
216 1153 457 1250 prosequitur.
517 1155 783 1228 Percontantem
806 1153 917 1244 illum,
941 1179 1019 1244 cur,
1040 1152 1140 1226 nullo
1157 1151 1356 1228 discrimine
1373 1157 1448 1228 im·-

131 1273 321 1374 pendente,
345 1273 538 1348 comitibus
570 1289 732 1349 uteretur
755 1283 918 1366 armatis,
956 1273 1047 1376 quid
1061 1281 1213 1350 rumon's
1235 1278 1448 1375 acceperit¹‚

132 1396 272 1470 edocet
322 1407 353 1468 Δ
366 1421 443 1496 quo
456 1395 707 1494 compluribus
723 1397 883 1496 perfidiae
901 1399 1045 1497 probris
1061 1399 1247 1492 laceratus,
1261 1399 1448 1474 consilium

130 1521 434 1619 propositumque
471 1544 579 1594 suum
616 1545 757 1594 summa
788 1524 897 1595 animi
931 1519 1210 1596 dissimulatione
1241 1524 1448 1620 suppressit.

130 1641 356 1717 Rosltildiam
378 1639 524 1732 deinde,
557 1647 717 1733 Canuto,
750 1646 808 1718 eui
832 1644 904 1719 illic
925 1642 1174 1745 hospitalitatis
1192 1645 1251 1740 jus
1269 1661 1361 1734 erat,
1386 1650 1448 1718 in-

131 1770 281 1854 vitante,
317 1762 540 1862 procedens,
571 1781 675 1840 nocte
697 1791 765 1866 per
799 1765 906 1842 ludos
935 1783 971 1841 et
999 1767 1294 1840 comessationem
1318 1781 1450 1860 exacta,

132 1884 293 1960 diluculo
308 1883 512 1962 Thorberni
530 1891 688 1981 vicum2,
712 1888 811 1964 baud
827 1888 957 1989 procul
976 1889 1067 1962 urbe
1087 1892 1205 1982 situm,
1220 1913 1304 1962 cnm
1320 1892 1449 1986 paucis

130 2008 265 2108 petivit,
289 2006 438 2107 perinde
451 2035 495 2084 ac
512 2009 674 2109 parvulae
687 2011 789 2104 filiae,
813 2037 895 2112 qaue
913 2010 982 2084 illic
998 2011 1235 2104 educabatur,
1260 2009 1449 2084 cernendae

131 2133 279 2206 caritate
293 2131 499 2229 perductus.
552 2137 703 2226 Ferant,
718 2151 803 2208 tnnc
819 2159 968 2208 uxorem
987 2134 1187 2210 Tbnrberni
1205 2132 1347 2224 dixisse,
1373 2135 1448 2206 mi-

130 2257 204 2330 rari
220 2278 270 2346 se,
287 2275 370 2328 eum
387 2257 423 2328 in
439 2252 533 2327 hanc
548 2254 757 2332 conditionis
772 2256 943 2330 vilitatem
958 2255 1174 2348 adductum,
1200 2271 1249 2346 at,
1267 2251 1368 2354 quod
1385 2271 1448 2328 to-

128 2399 206 2456 tum
222 2393 401 2481 gesserat,
428 2379 507 2476 ejus
522 2385 621 2452 tertia
636 2397 736 2477 parte
751 2395 939 2454 contentus
954 2377 1091 2453 habere
1107 2383 1287 2454 sustineat.
1340 2374 1449 2470 Quod

127 2505 280 2596 dietum
296 2503 346 2576 ab
359 2497 600 2599 indignatione
619 2501 844 2598 profectum,
877 2503 1030 2576 Svenoui
1051 2503 1175 2602 ingens
1190 2501 1449 2574 irritamentum

128 2627 301 2700 facinoris
324 2624 399 2698 tuit
461 2623 620 2722 Vespera
640 2639 832 2723 appetente
848 2627 1071 2700 mittuntura
1088 2625 1262 2713 Canuto³,
1285 2626 1347 2721 qui
1367 2645 1450 2696 cos·

127 2767 254 2824 natum
288 2771 373 2822 eum
397 2762 628 2818 accerserent.
697 2751 797 2840 Quos
827 2747 1061 2824 Tborbemus
1087 2769 1261 2846 perquam
1287 2741 1450 2842 jucunde

126 2873 325 2970 excipiens,
349 2895 432 2944 catu
449 2891 561 2966 super
575 2869 669 2966 regis
686 2895 789 2944 mora
806 2860 1006 2972 rogaretur,
1022 2870 1239 2946 debilitatem
1256 2871 1390 2965 capitis,
1406 2891 1450 2942 ex

126 2992 342 3068 balnearum
374 2991 476 3064 sumo
506 3007 541 3064 et
569 3015 707 3091 vapore
729 3008 962 3087 contractam,
992 2991 1164 3066 tarditatis
1193 2993 1273 3090 ejus
1303 3013 1448 3064 causant

126 3116 289 3190 astruxit.
336 3117 454 3188 Sveno
471 3137 567 3206 vero,
583 3138 668 3187 cum
685 3117 941 3214 expectationis
953 3141 1029 3191 suae
1046 3113 1308 3190 excusationem
1322 3111 1450 3186 allerre

174 3434 188 3470 ¹
208 3429 293 3517 Quid
309 3435 433 3494 samoris
453 3425 611 3530 acceperit]
636 3433 685 3494 De
705 3431 762 3496 Ca·
821 3430 989 3519 reliquisse,
1007 3444 1041 3495 nt
1056 3431 1102 3494 bis
1121 3425 1246 3494 ludicris
1260 3425 1450 3492 inmmsteut.

122 3548 207 3600 nuto
222 3533 491 3613 commaliitudine
509 3549 695 3601 armatorum
713 3557 765 3602 ve·
866 3543 1029 3630 ³Vespera
1062 3551 1216 3625 appetente
1253 3539 1412 3597 mt'ttuntur
1430 3557 1450 3596 a

122 3643 266 3706 niente!
820 3643 950 3726 Cenaeo]
976 3643 1092 3710 Scribit
1118 3639 1242 3726 quidem
1269 3637 1450 3704 Helmoldns

173 3746 763 3830 ‘Tdorbernt'aiennjThorbernusbaud
819 3753 841 3814 l.
857 3771 883 3813 c.
903 3755 1002 3813 Tertia
1021 3751 1068 3812 dte
1086 3750 1224 3818 conviari}
1246 3771 1310 3809 eum
1325 3749 1392 3829 jam
1408 3763 1451 3808 ts·

122 3853 230 3917 dubie
243 3853 325 3918 idem
333 3871 368 3915 sc
374 3849 585 3924 Thorbiornns
592 3855 655 3934 illa,
670 3875 761 3943 quem
819 3861 912 3921 nebroe
924 3873 1017 3920 noctis
1032 3855 1180 3924 adessent,
1196 3867 1342 3914 annuente
1349 3853 1451 3922 swa,

117 3983 224 4047 supra
238 3961 401 4046 scripserat
417 3961 496 4022 Saxo
518 3971 552 4021 nt
567 3973 713 4044 spectatae
729 3962 761 4024 in
820 3967 909 4028 allati
934 3979 1003 4026 sunt
1022 3961 1141 4045 gladii,
1161 3974 1190 4019 et
1217 3955 1376 4018 sardienses
1405 3977 1450 4016 re·

117 4070 304 4132 Svenonetu
325 4065 396 4129 fidei
413 4065 511 4128 tirum
537 4087 554 4130 a
582 4067 701 4130 Ceuuto
730 4079 762 4131 et
819 4073 905 4156 gibus
922 4073 1062 4140 incautis,
1082 4070 1232 4128 Kanutam
1252 4075 1369 4145 repente
1383 4081 1451 4120 eon·

115 4171 335 4242 Waldemaro
350 4171 495 4235 traditum
510 4169 601 4234 luisse
614 4173 761 4237 Sterconi
811 4179 950 4263 fodiant.
1002 4171 1063 4239 sed
1082 4169 1182 4253 major
1206 4165 1281 4229 fides
1310 4161 1450 4226 bsbanda

114 4277 198 4364 regi
211 4279 245 4341 in
267 4277 445 4346 custodiam.
495 4277 588 4342 Addit
608 4291 698 4341 sator
718 4280 764 4343 bi·
822 4295 867 4344 est
880 4279 991 4358 Saroni
1006 4277 1128 4343 insidias
1145 4274 1183 4338 sd
1200 4269 1362 4337 secundem
1377 4288 1451 4332 cou-

114 4383 236 4448 storias
251 4385 499 4470 linytlingorum,
521 4384 629 4448 eodem
650 4385 699 4448 die
717 4407 764 4449 sa·
821 4387 895 4450 titii
912 4385 992 4449 diem
1008 4379 1162 4448 referenti.
1203 4379 1303 4442 suut
1324 4389 1452 4463 praeter-

113 4489 245 4554 tellites
278 4491 427 4554 Svenonis
451 4509 551 4576 prope
576 4488 682 4569 sedes,
713 4491 765 4553 ubi
821 4511 856 4556 es
888 4491 1024 4555 historias
1059 4487 1294 4570 llnytlingorum
1333 4484 1367 4546 in
1393 4483 1451 4547 bac

111 4615 218 4681 reges
239 4595 454 4680 epulabantur,
477 4595 566 4660 ludos
588 4595 764 4676 instituisse,
822 4621 857 4664 re
878 4619 947 4662 cum
968 4601 1082 4662 Nostro
1113 4595 1205 4678 plane
1234 4591 1387 4656 consentit
1407 4591 1443 4674 (p

112 4703 239 4787 bisque
265 4703 394 4766 allectos
423 4705 536 4765 multos
557 4719 575 4763 e
600 4701 762 4766 comitibus
823 4701 911 4782 366).
936 4703 1049 4784 (Paulo
1065 4703 1168 4766 antei.
1181 4699 1283 4762 tatere·
1298 4701 1450 4761 ematurat.

109 4811 263 4873 duorum
297 4829 402 4894 regam
441 4809 616 4872 conririnru
646 4811 765 4892 ragiunt
823 4811 900 4896 big.)
