3508 5460
601 291 931 364 WALDEMARUS
947 291 970 361 1.
1337 291 1409 364 797

12 543 13 580 ,
140 521 243 597 pera
267 497 467 572 Saronibus
489 504 525 570 in
549 515 758 595 potestatem
782 499 968 574 redactum
989 503 1048 598 jus
1071 515 1107 574 et
1130 501 1284 576 sormam
1312 505 1464 579 civitatis

12 639 13 664 ³
142 635 337 719 acceperat,
354 645 509 694 necnon
527 622 754 721 Regnaldnm
773 622 954 722 quendam
965 628 994 716 ¹,
1008 648 1137 722 parum
1154 627 1292 724 origine
1307 623 1464 698 liberum

142 743 350 841 opibusque
366 767 477 841 quam
503 769 636 843 genere
657 745 860 840 clariorem,
895 773 977 820 cum
1004 747 1128 846 insigni
1152 753 1340 846 copiarum
1362 764 1465 846 porte

142 868 334 964 praemittit,
359 865 564 964 expeditum
588 868 655 940 sibi
682 871 862 942 transitum
886 885 1086 968 paraturos.
1140 874 1302 966 Quorum
1321 873 1466 970 ingres-

143 1013 226 1059 sum
248 985 363 1061 Sclari
385 1015 469 1062 cum
484 992 612 1087 partim
635 990 751 1082 lama,
776 992 907 1090 partim
936 1005 1178 1092 experimento
1205 996 1465 1096 cognovissent,

144 1135 229 1182 cum
254 1126 358 1208 parte
383 1109 539 1184 hostium
565 1113 760 1212 confligere
781 1138 893 1213 quam
928 1117 1115 1192 universos
1145 1117 1294 1219 aggredi
1320 1115 1464 1190 malae·

144 1248 237 1324 runt,
262 1223 412 1304 muitmn
432 1259 475 1306 ex
494 1259 621 1308 eorum
638 1237 783 1328 robore,
808 1242 835 1308 si
860 1243 1015 1334 praevios
1035 1243 1315 1338 oppressissent,
1339 1239 1464 1314 dellu-

144 1381 274 1426 xnrum
293 1354 489 1430 credentes.
542 1360 708 1458 Cumque
729 1383 870 1432 summa
888 1385 974 1432 cura
992 1387 1034 1434 ac
1049 1361 1324 1462 flagrantissimo
1346 1361 1466 1438 studio

145 1477 191 1548 ad
210 1503 275 1551 eos
303 1480 562 1578 opprimendos
586 1479 857 1572 contenderent,
892 1481 1094 1558 daemonem
1120 1485 1309 1560 horrendae
1341 1485 1465 1558 iormae

145 1626 302 1698 superne
320 1603 515 1678 verticibus
538 1606 776 1677 imminentem
800 1605 932 1679 videre.
1003 1611 1084 1700 Quo
1110 1627 1271 1682 monstro
1293 1623 1466 1706 tanquam

144 1722 312 1797 divinitus
337 1725 410 1798 dati
436 1724 537 1799 ducis
561 1726 716 1802 adveatu
740 1728 892 1818 firmati,
932 1733 1084 1828 sumptis
1113 1737 1270 1804 victorine
1290 1731 1466 1828 auspiciis,

145 1873 187 1920 ex
212 1851 413 1946 improviso
432 1847 596 1928 hostium
620 1873 659 1922 se
688 1857 811 1928 castris
837 1854 1072 1973 immergunt,
1113 1877 1250 1952 eosque
1274 1859 1467 1950 imparatos

145 1970 362 2044 confodiunt
422 1968 612 2070 Adolplrus
637 1987 670 2046 et
708 1972 915 2074 Regnaldns
954 1983 990 2048 in
1025 1977 1107 2073 ipso
1143 1993 1343 2050 castrorum
1370 1972 1468 2048 aditu

144 2095 339 2167 interlecti²
360 2093 532 2194 neglectae
547 2096 703 2170 militaris
719 2098 920 2196 prudentiae
935 2123 1064 2196 poenas
1078 2103 1252 2200 sanguine
1275 2095 1467 2198 persolve-

146 2235 240 2290 runt.
302 2217 442 2310 Quibus
466 2221 583 2316 prima
606 2217 704 2291 caede
726 2225 931 2317 prostratis,
958 2221 1192 2297 Guncellinus
1223 2239 1258 2298 et
1282 2207 1468 2310 lle'nricus,

148 2340 274 2415 mediis
293 2341 630 2440 irruentiumglobis
647 2342 770 2441 elapsi,
788 2347 961 2442 correptis
977 2345 1118 2445 aquilis,
1138 2345 1185 2418 ad
1199 2371 1238 2420 se
1253 2345 1465 2442 fugientium

146 2472 331 2538 sociorum
349 2461 516 2564 reliquias
530 2480 752 2556 contraxere,
767 2490 809 2538 ac
829 2466 976 2541 demum
992 2465 1113 2542 hostes
1130 2463 1266 2565 praedae
1285 2463 1468 2539 incuban-

144 2605 196 2662 tes
211 2586 385 2662 audacter
399 2586 526 2678 adorti,
546 2586 670 2687 fugam
689 2591 834 2664 victoria
850 2607 1042 2664 mutavere.
1095 2593 1145 2662 lta
1162 2591 1327 2679 Saxones,
1342 2611 1468 2687 quan-

34 2695 40 2702 ·
147 2738 259 2810 quam
274 2708 467 2808 improvidi
485 2709 624 2784 bellum
641 2727 839 2806 tentassent,
866 2717 1041 2814 majorem
1065 2713 1206 2786 cladem
1227 2716 1397 2812 gesserint
1423 2735 1469 2782 an

148 2835 364 2933 acceperint,
391 2840 517 2907 virtute
542 2833 696 2909 dubium
717 2835 904 2934 reliquere.
969 2841 1051 2930 Quo
1076 2851 1245 2935 accepto,
1280 2837 1469 2923 Henricus,

146 2981 298 3032 snorum
316 2955 489 3047 caedibus,
516 2972 556 3029 ut
573 2981 640 3055 par
657 2975 742 3048 crat,
768 2976 967 3058 permotus,
993 2958 1174 3058 exigenda
1198 2955 1362 3032 vindictae
1387 2973 1469 3031 stu-

147 3081 208 3154 dio
226 3081 274 3154 ad
291 3077 514 3153 obsidionem
533 3083 695 3154 Deminae
715 3081 827 3175 urbis,
854 3101 1134 3184 quantacunque
1150 3085 1267 3180 potuit
1282 3079 1470 3170 celeritate,

148 3203 342 3304 contendit.
393 3207 510 3298 Quam
536 3221 730 3304 postquam
752 3206 848 3281 ultro
874 3207 922 3280 ab
946 3206 1070 3281 incolis
1096 3203 1265 3279 obustam
1288 3205 1471 3304 comperit,

149 3349 189 3404 ut
210 3331 379 3402 universa
394 3329 507 3426 ipsius
525 3330 742 3402 monimenta
765 3331 973 3420 subrueret,
1009 3328 1177 3428 reliquias
1195 3328 1370 3402 moenium
1391 3307 1470 3402 solo

147 3460 327 3551 exaequari
344 3453 547 3551 praecepit³.
600 3456 645 3524 Et
660 3458 832 3550 quoniam
857 3455 892 3524 in
918 3453 1082 3528 homines
1107 3455 1257 3550 grassari
1275 3477 1349 3525 non
1363 3450 1472 3540 licuit,

147 3597 321 3676 tanquam
337 3601 357 3647 a
375 3574 487 3648 rebus
504 3576 611 3648 mutis
626 3573 843 3672 supplicium
865 3593 1077 3667 exacturus,
1101 3575 1233 3648 urbem
1253 3576 1471 3662 Gozcovam,

148 3699 256 3773 simili
272 3697 470 3772 incolarum
490 3695 725 3795 trepidatione
739 3697 928 3786 desertam,
944 3697 1173 3772 cremandam
1189 3700 1332 3772 curavit.
1379 3701 1472 3767 Wa-

147 3825 485 3926 logostiniquoque,
509 3821 740 3894 finitimarum
754 3820 912 3914 urbium,
938 3845 1093 3918 quarum
1117 3819 1255 3893 excidio
1277 3817 1472 3892 terreban-

196 4115 406 4198 ¹Regnaldam
432 4109 589 4197 quendam]
617 4109 786 4175 Reinoldns
841 4112 1096 4196 linytiingornm,
1132 4107 1280 4175 Adolinm
1311 4126 1474 4195 perperam

147 4233 217 4285 erat
245 4239 349 4284 comes
372 4219 573 4284 Tbetmrrsiae
602 4213 679 4300 (rid.
709 4219 784 4282 Hel·
842 4217 1272 4299 Adaibriltnm,1ieinoldum
1296 4217 1475 4282 reroHen·

147 4327 247 4392 rnnid.
271 4329 292 4390 l.
316 4329 367 4408 c).
750 4361 754 4374 ·
841 4327 941 4392 ricnrn
961 4328 1130 4413 appellans,
1153 4347 1185 4410 p.
1207 4317 1383 4388 380-381.

194 4435 414 4508 'Adoptare
431 4435 605 4519 Regaaldus
622 4431 785 4518 interfecti]
887 4435 1061 4517 ³Relr'qm'as
1084 4435 1218 4494 muniam
1243 4435 1307 4494 solo
1328 4435 1478 4514 aequari

146 4545 241 4606 Hanc
270 4539 390 4606 cladem
427 4553 460 4602 et
490 4549 675 4624 sequentem
693 4543 787 4604 Saxo-
840 4537 1005 4628 pracepit]
1027 4537 1131 4602 Etiam
1160 4535 1342 4600 Helmoldns
1367 4535 1477 4602 scribit

147 4667 226 4710 nuru
253 4646 415 4712 victoriam
455 4646 638 4712 Helmoldus
675 4645 787 4710 descri-
843 4645 865 4710 1.
888 4666 926 4727 c,
947 4643 1071 4730 jussisse
1091 4643 1270 4721 Henricun,
1301 4641 1408 4710 urbem
1420 4639 1476 4704 Di·

143 4753 212 4840 psit
241 4755 263 4817 l.
298 4773 327 4824 o·
389 4751 522 4820 Eaedem
567 4765 788 4818 commemorat
842 4751 959 4816 minum
984 4774 1001 4816 a
1027 4747 1128 4818 Sistit
1150 4761 1286 4815 exustam
1306 4751 1374 4818 solo
1395 4747 1475 4816 aden·

147 4879 287 4948 qnoque,-
305 4859 359 4926 scd
370 4861 503 4946 brevius,
520 4875 628 4928 suntor
649 4860 786 4928 historiae
842 4860 939 4944 quari.
