3524 5460
662 303 896 380 menceus
1303 311 1379 388 bib

126 515 512 619 proptulittnsuciom
528 515 658 592 sumis
720 517 907 610 Quecum
923 517 1124 592 centuriatis
1146 539 1342 620 parumper
1360 543 1430 600 ne·

124 639 269 716 ditibus
300 641 529 728 mamre,
560 636 772 720 adveniente
786 639 905 728 Erico,
920 637 1070 712 excitum
1088 663 1267 739 equorum
1291 644 1433 745 ungulis

124 759 313 861 pulverem
327 761 366 834 in
385 763 544 862 speciem
562 759 707 836 nebule
718 759 858 834 eutium
872 756 1039 834 exhalare
1059 765 1298 862 conspiciens,
1330 791 1430 866 pau-

123 884 221 958 latim
245 883 294 958 ed
317 907 426 958 noves
447 881 600 983 mum
625 880 751 956 retulit
820 880 892 956 Sed
912 883 1003 956 inter
1028 881 1190 958 eundum
1211 885 1431 964 adventantis

124 1012 303 1106 equitatus
326 1007 470 1106 fragore
487 1003 669 1104 permulsa,
685 1007 865 1078 incessum
878 1001 926 1076 ad
941 1001 1063 1103 fugam
1080 1012 1262 1082 convertit.
1312 1013 1431 1104 Quum

123 1130 383 1227 superveniens
396 1131 533 1219 naurs,
557 1126 714 1218 fortuna,
728 1151 803 1202 non
816 1123 943 1224 praelio
959 1143 1177 1224 superatam,
1200 1133 1348 1230 impune
1362 1159 1430 1210 ce-

125 1227 222 1343 cidil,
245 1255 553 1350 incruentomque,
570 1249 640 1324 deo
662 1245 894 1348 parricidium
915 1244 1133 1338 vindicante,
1156 1252 1341 1328 victorium
1356 1256 1429 1330 he·-

125 1375 213 1450 buit.
265 1379 418 1475 Magnus
433 1371 712 1473 cameliquanta
729 1373 874 1446 lordum
895 1383 1004 1442 manu
1029 1369 1155 1444 cedere
1176 1375 1327 1469 veritus,
1351 1401 1431 1452 cce-

127 1501 209 1570 teris
237 1513 336 1597 terga
361 1493 647 1585 obvertcntibus,
686 1492 839 1568 adverso
865 1489 1016 1566 bomem.
1037 1516 1190 1591 corpore
1221 1499 1431 1596 repellebat.

128 1621 280 1719 Quippe,
297 1643 381 1694 eum
395 1617 518 1717 fugem
533 1641 664 1716 purum
678 1615 830 1690 liberam
845 1628 1012 1705 cerneret,
1035 1616 1238 1694 animosum
1252 1621 1319 1694 sibi
1333 1647 1430 1698 con-

126 1746 276 1818 sciscere
296 1744 428 1816 etiarm
463 1757 689 1838 mortemque
719 1761 822 1810 suam
850 1734 1049 1835 pugnando
1081 1735 1267 1816 clariorem
1293 1745 1431 1822 efficere

129 1871 310 1966 egregium
330 1864 438 1938 duxit.
489 1864 710 1956 Quinetiam,
724 1863 968 1959 neptistinum
988 1857 1287 1940 fortitudinissuoe
1300 1865 1431 1969 splen·

127 1987 249 2062 dorem
266 1987 454 2075 obtereret,
479 1985 593 2058 fatum
604 2006 716 2082 qnam
730 1982 855 2083 fugam
871 1981 1036 2080 amplecti
1049 1983 1183 2059 maluit.
1236 1989 1432 2082 Postremo,

129 2125 167 2184 ut
190 2110 321 2208 insigni
345 2133 489 2209 pugna,
520 2109 565 2180 ita
588 2104 699 2180 multa
725 2105 1011 2180 adversariorum
1033 2123 1150 2208 strage
1174 2109 1286 2202 edita,
1317 2137 1432 2214 snper

127 2249 385 2332 prostratorum
414 2253 498 2302 ase
525 2228 741 2303 cadaverum
759 2245 893 2304 struem
917 2253 1092 2304 unacum
1124 2233 1238 2322 Petro,
1263 2239 1432 2333 pontifice

129 2352 361 2444 boskildensi,
383 2368 620 2450 consumptus
642 2352 825 2426 occubuit.
883 2355 997 2445 Quem
1018 2352 1142 2426 utlaii
1164 2359 1349 2450 comitem,
1382 2363 1431 2434 itt

127 2476 250 2552 tumuli
268 2499 418 2574 qnoque
431 2492 630 2548 consortem
650 2470 786 2583 babuit.
836 2473 1015 2563 Nicolaum
1028 2472 1176 2548 admoto
1189 2477 1257 2550 sibi
1271 2505 1340 2577 per
1355 2481 1431 2555 ril-

126 2601 232 2676 licum
247 2621 357 2698 equo,
379 2619 507 2670 narem
523 2598 656 2694 petivit.
711 2597 829 2694 Major
846 2596 1058 2696 fugientium
1071 2621 1158 2694 pers
1173 2600 1431 2700 comprehensa

128 2749 192 2822 pec
205 2721 306 2796 turos
320 2720 462 2818 navigia
479 2717 718 2792 conscendere
734 2719 884 2818 cupiens
898 2720 1030 2818 ingenti
1045 2719 1202 2818 quadam
1215 2722 1312 2798 mole
1329 2749 1430 2800 meo—

125 2847 235 2922 sabut.
285 2847 409 2943 igitur,
432 2844 496 2940 qui
516 2844 622 2941 primi
637 2843 830 2916 introrsum
849 2857 1050 2932 evaserant,
1082 2841 1280 2920 tardiorum
1302 2871 1430 2924 manus

126 2969 272 3069 nauigiis
285 2955 434 3038 insertas
455 2963 599 3062 absque
612 2967 786 3039 societatis
811 2980 977 3064 respectu
998 2964 1093 3037 serro
1116 2981 1340 3062 truncantes,
1368 2971 1430 3045 le-

125 3094 283 3166 roeiores
295 3091 332 3160 in
349 3111 434 3162 suos
452 3111 563 3186 qnam
584 3090 620 3158 in
644 3086 767 3162 hostes
785 3087 894 3162 suere.
955 3085 1167 3161 Calamitosa
1187 3091 1354 3166 nimirum
1370 3093 1430 3173 ille

125 3215 231 3288 iacies
245 3227 330 3302 emt,
354 3235 439 3283 cum
454 3207 621 3308 pendulis
640 3211 781 3307 navigia
796 3205 950 3283 brachiis
970 3210 1222 3309 amplectentes
1246 3212 1330 3290 binc
1355 3215 1431 3290 bo-

124 3342 188 3412 stis
206 3347 361 3433 urgeret,
388 3330 471 3403 inde
492 3336 579 3430 ciris
609 3330 807 3430 repelleret.
870 3335 952 3426 Quo
977 3335 1228 3434 experimento,
1255 3355 1429 3437 quantum

124 3462 279 3556 quisquc
295 3455 446 3550 sulutem
460 3477 563 3527 suam
587 3452 713 3526 alieno
729 3454 922 3552 praeferret,
948 3451 1088 3530 fortuna
1112 3457 1249 3532 deterit.
1310 3465 1431 3535 Tace·

122 3597 188 3654 ant
202 3601 356 3680 nugaces
380 3573 600 3650 adulantium
615 3598 741 3668 voces,
767 3601 851 3676 quae
874 3580 1036 3676 spiritum
1061 3585 1257 3654 amicorum
1281 3588 1430 3683 proprio

119 3709 296 3778 canorem
311 3715 471 3776 astruere
492 3721 565 3771 non
582 3698 808 3774 erubescunt.
870 3701 1103 3794 Crediderim,
1129 3701 1222 3776 benc
1244 3707 1430 3780 decuriam

119 3825 289 3900 humanis
310 3849 442 3922 parum
465 3821 600 3894 viribus
617 3838 775 3921 partam,
809 3821 886 3906 sed,
909 3822 979 3898 deo
1001 3827 1147 3924 piissimi
1165 3827 1230 3898 viri
1253 3831 1430 3901 interitum

116 3949 326 4035 ulciscente,
342 3967 557 4018 concessam.
615 3948 739 4043 Neque
757 3944 896 4019 bellum
918 3944 1014 4020 aliud
1038 3947 1256 4019 crebriorem
1280 3947 1429 4047 pontifi-

117 4097 205 4146 cum
222 4093 389 4142 cruorem
404 4064 612 4166 absumpsit,
665 4071 809 4168 Quippe
825 4073 948 4143 Petrus
962 4067 1208 4143 Roskildensis
1233 4086 1268 4142 et
1295 4071 1430 4144 Henri-

115 4217 197 4283 cus,
211 4191 431 4264 sveticarum
443 4189 599 4288 partium
616 4189 786 4286 pontilex,
811 4217 1008 4292 omnesque
1024 4195 1138 4287 lutiae,
1161 4207 1291 4293 practer
1303 4219 1430 4288 unum,

111 4447 204 4512 idem
229 4443 336 4526 effert,
347 4445 507 4509 Nieolenm
527 4441 637 4505 terite
655 4440 748 4508 iniens
807 4444 971 4532 (decipior.
985 4465 1045 4512 rer.
1064 4449 1145 4512 Den.
1162 4447 1224 4514 vol.
1239 4451 1297 4534 lp.
1312 4446 1378 4515 940
1398 4464 1430 4518 et

110 4555 200 4620 sen‘
343 4553 444 4616 &eno
467 4547 605 4635 Add⁰¹²l⁸
623 4548 670 4634 (p
691 4543 748 4631 66)
805 4548 894 4632 ³82).
916 4553 1430 4642 GbruiennEuioifibidplbl)

110 4683 182 4726 non
199 4659 259 4722 nisi
298 4657 555 4743 uoeprnsnlesin
575 4656 750 4741 prulinne·
806 4671 838 4722 et
858 4659 1034 4722 chronicon
1064 4659 1227 4724 ffiehndim
1255 4663 1345 4742 (ibid.
1366 4663 1430 4730 rob

109 4781 206 4832 cetos
219 4763 338 4828 scribit.
354 4765 489 4828 Annales
503 4766 699 4827 unomen
718 4773 751 4826 et
804 4769 832 4828 ll
847 4785 878 4850 p.
893 4759 970 4844 612)
982 4769 1181 4832 conflexum
1195 4765 1320 4834 indunt

107 4871 337 4937 Rosltildeuses
349 4871 484 4956 quinque
497 4869 615 4934 occisos
623 4881 750 4934 namot
