<?xml version="1.0" encoding="UTF-8"?>
<!DOCTYPE html PUBLIC "-//W3C//DTD XHTML 1.0 Transitional//EN"
    "http://www.w3.org/TR/xhtml1/DTD/xhtml1-transitional.dtd">
<html xmlns="http://www.w3.org/1999/xhtml" xml:lang="en" lang="en">
 <head>
  <title>
</title>
<meta http-equiv="Content-Type" content="text/html;charset=utf-8" />
  <meta name='ocr-system' content='tesseract 3.04.00' />
  <meta name='ocr-capabilities' content='ocr_page ocr_carea ocr_par ocr_line ocrx_word'/>
</head>
<body>
  <div class='ocr_page' id='page_1' title='image "./historiadanica01velsgoog_0151.png"; bbox 0 0 3524 5460; ppageno 0'>
   <div class='ocr_carea' id='block_1_1' title="bbox 359 319 1247 396">
    <p class='ocr_par' dir='ltr' id='par_1_1' title="bbox 359 319 1247 396">
     <span class='ocr_line' id='line_1_1' title="bbox 359 319 1247 396; baseline -0.005 -2"><span class='ocrx_word' id='word_1_1' title='bbox 359 321 433 396; x_wconf 84' lang='grc'>688</span> <span class='ocrx_word' id='word_1_2' title='bbox 687 319 863 394; x_wconf 74' lang='lat' dir='ltr'>Hts‘rott.</span> <span class='ocrx_word' id='word_1_3' title='bbox 879 319 985 391; x_wconf 82' lang='lat' dir='ltr'><strong>DAN.</strong></span> <span class='ocrx_word' id='word_1_4' title='bbox 999 321 1137 392; x_wconf 82' lang='lat' dir='ltr'>LIBER</span> <span class='ocrx_word' id='word_1_5' title='bbox 1156 319 1247 393; x_wconf 81' lang='lat' dir='ltr'>xtv.</span> 
     </span>
    </p>
   </div>
   <div class='ocr_carea' id='block_1_2' title="bbox 307 527 1640 636">
    <p class='ocr_par' dir='ltr' id='par_1_2' title="bbox 307 527 1640 636">
     <span class='ocr_line' id='line_1_2' title="bbox 307 527 1640 636; baseline 0 -30"><span class='ocrx_word' id='word_1_6' title='bbox 307 546 518 608; x_wconf 89' lang='lat' dir='ltr'>occurreret.</span> <span class='ocrx_word' id='word_1_7' title='bbox 569 528 717 624; x_wconf 80' lang='lat' dir='ltr'><strong>Insulas,</strong></span> <span class='ocrx_word' id='word_1_8' title='bbox 742 529 790 604; x_wconf 91' lang='lat' dir='ltr'>ad</span> <span class='ocrx_word' id='word_1_9' title='bbox 808 555 899 631; x_wconf 87' lang='lat' dir='ltr'>quas</span> <span class='ocrx_word' id='word_1_10' title='bbox 913 544 1019 606; x_wconf 83' lang='lat' dir='ltr'>rento</span> <span class='ocrx_word' id='word_1_11' title='bbox 1037 527 1249 622; x_wconf 87' lang='lat' dir='ltr'>afflarentur,</span> <span class='ocrx_word' id='word_1_12' title='bbox 1276 527 1458 629; x_wconf 81' lang='lat' dir='ltr'>petebant,</span> <span class='ocrx_word' id='word_1_13' title='bbox 1483 532 1640 636; x_wconf 71' lang='lat' dir='ltr'>missiq‘</span> 
     </span>
    </p>
   </div>
   <div class='ocr_carea' id='block_1_3' title="bbox 299 651 1608 1620">
    <p class='ocr_par' dir='ltr' id='par_1_3' title="bbox 299 651 1608 1620">
     <span class='ocr_line' id='line_1_3' title="bbox 306 651 1608 756; baseline 0 -27"><span class='ocrx_word' id='word_1_14' title='bbox 306 662 369 756; x_wconf 87' lang='lat' dir='ltr'>qui</span> <span class='ocrx_word' id='word_1_15' title='bbox 398 654 476 728; x_wconf 88' lang='lat' dir='ltr'>loca</span> <span class='ocrx_word' id='word_1_16' title='bbox 499 652 667 752; x_wconf 90' lang='lat' dir='ltr'>procellis</span> <span class='ocrx_word' id='word_1_17' title='bbox 680 669 815 728; x_wconf 77' lang='lat' dir='ltr'>&#39;aversa</span> <span class='ocrx_word' id='word_1_18' title='bbox 837 669 1105 754; x_wconf 79' lang='lat' dir='ltr'>percurrerent,</span> <span class='ocrx_word' id='word_1_19' title='bbox 1151 651 1252 754; x_wconf 88' lang='lat' dir='ltr'>quud</span> <span class='ocrx_word' id='word_1_20' title='bbox 1278 654 1466 752; x_wconf 82' lang='lat' dir='ltr'>peregriua</span> <span class='ocrx_word' id='word_1_21' title='bbox 1487 653 1608 729; x_wconf 85' lang='lat' dir='ltr'>classis</span> 
     </span>
     <span class='ocr_line' id='line_1_4' title="bbox 307 773 1606 878; baseline -0.002 -24"><span class='ocrx_word' id='word_1_22' title='bbox 307 776 505 878; x_wconf 79' lang='lat' dir='ltr'>tranquillis</span> <span class='ocrx_word' id='word_1_23' title='bbox 527 776 639 849; x_wconf 84' lang='lat' dir='ltr'><strong>soleat</strong></span> <span class='ocrx_word' id='word_1_24' title='bbox 663 776 843 874; x_wconf 87' lang='lat' dir='ltr'>portubus</span> <span class='ocrx_word' id='word_1_25' title='bbox 864 775 1042 850; x_wconf 86' lang='lat' dir='ltr'>delectari.</span> <span class='ocrx_word' id='word_1_26' title='bbox 1122 777 1300 850; x_wconf 89' lang='lat' dir='ltr'>Crebrum</span> <span class='ocrx_word' id='word_1_27' title='bbox 1322 779 1483 850; x_wconf 74' lang='lat' dir='ltr'>eiacum</span> <span class='ocrx_word' id='word_1_28' title='bbox 1507 773 1606 851; x_wconf 86' lang='lat' dir='ltr'>boste</span> 
     </span>
     <span class='ocr_line' id='line_1_5' title="bbox 305 897 1607 998; baseline -0.002 -23"><span class='ocrx_word' id='word_1_29' title='bbox 305 919 478 976; x_wconf 88' lang='lat' dir='ltr'>certamen</span> <span class='ocrx_word' id='word_1_30' title='bbox 486 951 496 990; x_wconf 92' lang='lat'>,</span> <span class='ocrx_word' id='word_1_31' title='bbox 530 897 594 971; x_wconf 89' lang='lat' dir='ltr'>sed</span> <span class='ocrx_word' id='word_1_32' title='bbox 619 899 758 996; x_wconf 91' lang='lat' dir='ltr'>ubique</span> <span class='ocrx_word' id='word_1_33' title='bbox 790 897 901 972; x_wconf 80' lang='lat' dir='ltr'>facilis</span> <span class='ocrx_word' id='word_1_34' title='bbox 935 921 977 972; x_wconf 91' lang='lat' dir='ltr'>ac</span> <span class='ocrx_word' id='word_1_35' title='bbox 1012 923 1116 998; x_wconf 83' lang='lat' dir='ltr'>paeue</span> <span class='ocrx_word' id='word_1_36' title='bbox 1143 903 1325 972; x_wconf 88' lang='lat' dir='ltr'>incruenta</span> <span class='ocrx_word' id='word_1_37' title='bbox 1355 900 1501 974; x_wconf 75' lang='lat' dir='ltr'>victoria</span> <span class='ocrx_word' id='word_1_38' title='bbox 1534 900 1607 974; x_wconf 75' lang='lat' dir='ltr'>fauit.</span> 
     </span>
     <span class='ocr_line' id='line_1_6' title="bbox 299 999 1607 1122; baseline -0.001 -25"><span class='ocrx_word' id='word_1_39' title='bbox 299 999 464 1096; x_wconf 74' lang='lat' dir='ltr'>¹Praedam</span> <span class='ocrx_word' id='word_1_40' title='bbox 482 1047 526 1094; x_wconf 85' lang='lat' dir='ltr'>ex</span> <span class='ocrx_word' id='word_1_41' title='bbox 543 1047 651 1120; x_wconf 84' lang='lat' dir='ltr'>aequo</span> <span class='ocrx_word' id='word_1_42' title='bbox 667 1022 927 1120; x_wconf 79' lang='lat' dir='ltr'>partiebantur,</span> <span class='ocrx_word' id='word_1_43' title='bbox 969 1045 1037 1096; x_wconf 90' lang='lat' dir='ltr'>nec</span> <span class='ocrx_word' id='word_1_44' title='bbox 1064 1023 1182 1121; x_wconf 87' lang='lat' dir='ltr'>maj0r</span> <span class='ocrx_word' id='word_1_45' title='bbox 1207 1021 1454 1122; x_wconf 79' lang='lat' dir='ltr'>gubernatoris</span> <span class='ocrx_word' id='word_1_46' title='bbox 1486 1028 1607 1120; x_wconf 85' lang='lat' dir='ltr'>portio</span> 
     </span>
     <span class='ocr_line' id='line_1_7' title="bbox 306 1142 1608 1249; baseline 0 -29"><span class='ocrx_word' id='word_1_47' title='bbox 306 1173 416 1249; x_wconf 89' lang='lat' dir='ltr'>quam</span> <span class='ocrx_word' id='word_1_48' title='bbox 433 1148 560 1245; x_wconf 87' lang='lat' dir='ltr'>privati</span> <span class='ocrx_word' id='word_1_49' title='bbox 583 1149 725 1243; x_wconf 87' lang='lat' dir='ltr'>remigis</span> <span class='ocrx_word' id='word_1_50' title='bbox 742 1159 825 1218; x_wconf 92' lang='lat' dir='ltr'>erat.</span> <span class='ocrx_word' id='word_1_51' title='bbox 877 1145 1111 1239; x_wconf 86' lang='lat' dir='ltr'>Christianos,</span> <span class='ocrx_word' id='word_1_52' title='bbox 1137 1171 1241 1244; x_wconf 85' lang='lat' dir='ltr'>quus,</span> <span class='ocrx_word' id='word_1_53' title='bbox 1270 1161 1471 1244; x_wconf 83' lang='lat' dir='ltr'>expugnata</span> <span class='ocrx_word' id='word_1_54' title='bbox 1485 1142 1608 1236; x_wconf 87' lang='lat' dir='ltr'>classe,</span> 
     </span>
     <span class='ocr_line' id='line_1_8' title="bbox 305 1267 1606 1369; baseline -0.004 -25"><span class='ocrx_word' id='word_1_55' title='bbox 305 1273 465 1369; x_wconf 87' lang='lat' dir='ltr'>captivos</span> <span class='ocrx_word' id='word_1_56' title='bbox 482 1283 696 1367; x_wconf 90' lang='lat' dir='ltr'>repererant,</span> <span class='ocrx_word' id='word_1_57' title='bbox 711 1273 839 1341; x_wconf 90' lang='lat' dir='ltr'>amictu</span> <span class='ocrx_word' id='word_1_58' title='bbox 861 1267 1012 1343; x_wconf 86' lang='lat' dir='ltr'>donatos</span> <span class='ocrx_word' id='word_1_59' title='bbox 1028 1267 1074 1342; x_wconf 91' lang='lat' dir='ltr'>ad</span> <span class='ocrx_word' id='word_1_60' title='bbox 1090 1273 1236 1368; x_wconf 79' lang='lat' dir='ltr'>propria</span> <span class='ocrx_word' id='word_1_61' title='bbox 1260 1268 1497 1362; x_wconf 86' lang='lat' dir='ltr'>dimittebaut;</span> <span class='ocrx_word' id='word_1_62' title='bbox 1522 1283 1606 1340; x_wconf 89' lang='lat' dir='ltr'>tan-</span> 
     </span>
     <span class='ocr_line' id='line_1_9' title="bbox 304 1389 1607 1490; baseline -0.004 -23"><span class='ocrx_word' id='word_1_63' title='bbox 304 1411 337 1468; x_wconf 91' lang='lat' dir='ltr'>ta</span> <span class='ocrx_word' id='word_1_64' title='bbox 362 1399 463 1468; x_wconf 85' lang='lat' dir='ltr'>eisin</span> <span class='ocrx_word' id='word_1_65' title='bbox 481 1409 728 1465; x_wconf 88' lang='lat' dir='ltr'>conterraneos</span> <span class='ocrx_word' id='word_1_66' title='bbox 742 1390 944 1464; x_wconf 89' lang='lat' dir='ltr'>humanitas</span> <span class='ocrx_word' id='word_1_67' title='bbox 959 1407 1042 1466; x_wconf 81' lang='lat' dir='ltr'>erat</span> <span class='ocrx_word' id='word_1_68' title='bbox 1102 1395 1303 1490; x_wconf 86' lang='lat' dir='ltr'>Octogenas</span> <span class='ocrx_word' id='word_1_69' title='bbox 1330 1407 1365 1464; x_wconf 88' lang='lat' dir='ltr'>et</span> <span class='ocrx_word' id='word_1_70' title='bbox 1384 1389 1488 1464; x_wconf 81' lang='lat' dir='ltr'>binas</span> <span class='ocrx_word' id='word_1_71' title='bbox 1503 1393 1607 1488; x_wconf 80' lang='lat' dir='ltr'>pira-</span> 
     </span>
     <span class='ocr_line' id='line_1_10' title="bbox 305 1513 1608 1620; baseline -0.002 -30"><span class='ocrx_word' id='word_1_72' title='bbox 305 1522 391 1591; x_wconf 90' lang='lat' dir='ltr'>ticas</span> <span class='ocrx_word' id='word_1_73' title='bbox 407 1539 550 1620; x_wconf 85' lang='lat' dir='ltr'>puppes</span> <span class='ocrx_word' id='word_1_74' title='bbox 574 1516 672 1588; x_wconf 85' lang='lat' dir='ltr'>varie</span> <span class='ocrx_word' id='word_1_75' title='bbox 687 1531 722 1587; x_wconf 87' lang='lat' dir='ltr'>et</span> <span class='ocrx_word' id='word_1_76' title='bbox 737 1514 887 1588; x_wconf 84' lang='lat' dir='ltr'>vicissim</span> <span class='ocrx_word' id='word_1_77' title='bbox 909 1539 1059 1614; x_wconf 87' lang='lat' dir='ltr'>cepere,</span> <span class='ocrx_word' id='word_1_78' title='bbox 1083 1538 1267 1611; x_wconf 91' lang='lat' dir='ltr'>nunquam</span> <span class='ocrx_word' id='word_1_79' title='bbox 1288 1514 1357 1611; x_wconf 87' lang='lat' dir='ltr'>ipsi</span> <span class='ocrx_word' id='word_1_80' title='bbox 1375 1513 1523 1588; x_wconf 88' lang='lat' dir='ltr'>classem</span> <span class='ocrx_word' id='word_1_81' title='bbox 1547 1516 1608 1588; x_wconf 81' lang='lat' dir='ltr'>vi-</span> 
     </span>
    </p>
   </div>
   <div class='ocr_carea' id='block_1_4' title="bbox 305 1633 1622 1739">
    <p class='ocr_par' dir='ltr' id='par_1_4' title="bbox 305 1633 1622 1739">
     <span class='ocr_line' id='line_1_11' title="bbox 305 1633 1622 1739; baseline 0 -29"><span class='ocrx_word' id='word_1_82' title='bbox 305 1642 389 1739; x_wconf 84' lang='lat' dir='ltr'>ginti</span> <span class='ocrx_word' id='word_1_83' title='bbox 412 1636 556 1711; x_wconf 85' lang='lat' dir='ltr'>duabus</span> <span class='ocrx_word' id='word_1_84' title='bbox 572 1636 847 1734; x_wconf 86' lang='lat' dir='ltr'>frequentiorem</span> <span class='ocrx_word' id='word_1_85' title='bbox 867 1635 1050 1709; x_wconf 86' lang='lat' dir='ltr'>babentes.</span> <span class='ocrx_word' id='word_1_86' title='bbox 1101 1633 1288 1734; x_wconf 86' lang='lat' dir='ltr'>Stipendils</span> <span class='ocrx_word' id='word_1_87' title='bbox 1302 1634 1440 1729; x_wconf 80' lang='lat' dir='ltr'>deiecti,</span> <span class='ocrx_word' id='word_1_88' title='bbox 1463 1637 1622 1737; x_wconf 84' lang='lat' dir='ltr'>impen-.</span> 
     </span>
    </p>
   </div>
   <div class='ocr_carea' id='block_1_5' title="bbox 205 1757 1607 2595">
    <p class='ocr_par' dir='ltr' id='par_1_5' title="bbox 205 1757 1607 2470">
     <span class='ocr_line' id='line_1_12' title="bbox 304 1757 1606 1858; baseline -0.004 -22"><span class='ocrx_word' id='word_1_89' title='bbox 304 1785 402 1836; x_wconf 79' lang='lat' dir='ltr'>susa</span> <span class='ocrx_word' id='word_1_90' title='bbox 424 1760 562 1833; x_wconf 87' lang='lat' dir='ltr'>civibus</span> <span class='ocrx_word' id='word_1_91' title='bbox 577 1758 851 1852; x_wconf 77' lang='lat' dir='ltr'>contrahebant,</span> <span class='ocrx_word' id='word_1_92' title='bbox 884 1764 1020 1858; x_wconf 87' lang='lat' dir='ltr'>praemii</span> <span class='ocrx_word' id='word_1_93' title='bbox 1036 1757 1117 1831; x_wconf 93' lang='lat' dir='ltr'>loco</span> <span class='ocrx_word' id='word_1_94' title='bbox 1137 1757 1271 1857; x_wconf 77' lang='lat' dir='ltr'>praedae</span> <span class='ocrx_word' id='word_1_95' title='bbox 1294 1757 1480 1834; x_wconf 90' lang='lat' dir='ltr'>dimidium</span> <span class='ocrx_word' id='word_1_96' title='bbox 1500 1783 1606 1833; x_wconf 87' lang='lat' dir='ltr'>rece-</span> 
     </span>
     <span class='ocr_line' id='line_1_13' title="bbox 205 1881 1607 1982; baseline 0.001 -27"><span class='ocrx_word' id='word_1_97' title='bbox 205 1961 210 1974; x_wconf 52' lang='lat'>,</span> <span class='ocrx_word' id='word_1_98' title='bbox 305 1887 428 1982; x_wconf 87' lang='lat' dir='ltr'>pturis.</span> <span class='ocrx_word' id='word_1_99' title='bbox 480 1885 547 1954; x_wconf 83' lang='lat' dir='ltr'>llic</span> <span class='ocrx_word' id='word_1_100' title='bbox 565 1883 721 1980; x_wconf 86' lang='lat' dir='ltr'>piraticae</span> <span class='ocrx_word' id='word_1_101' title='bbox 738 1882 865 1972; x_wconf 79' lang='lat' dir='ltr'>cultuS,</span> <span class='ocrx_word' id='word_1_102' title='bbox 895 1898 933 1957; x_wconf 81' lang='lat' dir='ltr'>tut</span> <span class='ocrx_word' id='word_1_103' title='bbox 948 1881 1029 1972; x_wconf 84' lang='lat' dir='ltr'>dixi,</span> <span class='ocrx_word' id='word_1_104' title='bbox 1053 1881 1248 1956; x_wconf 80' lang='lat' dir='ltr'>lloskildioe</span> <span class='ocrx_word' id='word_1_105' title='bbox 1264 1899 1421 1981; x_wconf 85' lang='lat' dir='ltr'>coeptus,</span> <span class='ocrx_word' id='word_1_106' title='bbox 1443 1881 1492 1956; x_wconf 87' lang='lat' dir='ltr'>ab</span> <span class='ocrx_word' id='word_1_107' title='bbox 1508 1881 1607 1957; x_wconf 84' lang='lat' dir='ltr'>urbis</span> 
     </span>
     <span class='ocr_line' id='line_1_14' title="bbox 303 1993 1606 2105; baseline 0.004 -29"><span class='ocrx_word' id='word_1_108' title='bbox 303 2011 439 2104; x_wconf 84' lang='lat' dir='ltr'>gremio</span> <span class='ocrx_word' id='word_1_109' title='bbox 454 2008 557 2076; x_wconf 86' lang='lat' dir='ltr'>etiam</span> <span class='ocrx_word' id='word_1_110' title='bbox 575 2000 621 2075; x_wconf 90' lang='lat' dir='ltr'>ad</span> <span class='ocrx_word' id='word_1_111' title='bbox 640 2021 791 2104; x_wconf 80' lang='lat' dir='ltr'>agrestes</span> <span class='ocrx_word' id='word_1_112' title='bbox 807 2008 975 2096; x_wconf 85' lang='lat' dir='ltr'>manavit,</span> <span class='ocrx_word' id='word_1_113' title='bbox 1000 2004 1047 2078; x_wconf 89' lang='lat' dir='ltr'>ab</span> <span class='ocrx_word' id='word_1_114' title='bbox 1063 2011 1158 2078; x_wconf 88' lang='lat' dir='ltr'>omui</span> <span class='ocrx_word' id='word_1_115' title='bbox 1174 2005 1284 2078; x_wconf 83' lang='lat' dir='ltr'>ferme</span> <span class='ocrx_word' id='word_1_116' title='bbox 1302 1993 1606 2105; x_wconf 63' lang='lat' dir='ltr'>Sialaudioe&#39;purtc</span> 
     </span>
     <span class='ocr_line' id='line_1_15' title="bbox 304 2125 1606 2231; baseline -0.001 -26"><span class='ocrx_word' id='word_1_117' title='bbox 304 2125 464 2206; x_wconf 87' lang='lat' dir='ltr'>subsidia</span> <span class='ocrx_word' id='word_1_118' title='bbox 478 2141 667 2201; x_wconf 86' lang='lat' dir='ltr'>mutuatus.</span> <span class='ocrx_word' id='word_1_119' title='bbox 720 2130 910 2202; x_wconf 87' lang='lat' dir='ltr'>Enimvero</span> <span class='ocrx_word' id='word_1_120' title='bbox 925 2143 1094 2227; x_wconf 85' lang='lat' dir='ltr'>angustus</span> <span class='ocrx_word' id='word_1_121' title='bbox 1109 2133 1265 2226; x_wconf 91' lang='lat' dir='ltr'>primum</span> <span class='ocrx_word' id='word_1_122' title='bbox 1282 2152 1325 2200; x_wconf 88' lang='lat' dir='ltr'>ac</span> <span class='ocrx_word' id='word_1_123' title='bbox 1343 2130 1458 2204; x_wconf 87' lang='lat' dir='ltr'>tenuis</span> <span class='ocrx_word' id='word_1_124' title='bbox 1476 2157 1606 2231; x_wconf 81' lang='lat' dir='ltr'>magna</span> 
     </span>
     <span class='ocr_line' id='line_1_16' title="bbox 304 2248 1605 2356; baseline 0.005 -33"><span class='ocrx_word' id='word_1_125' title='bbox 304 2248 408 2323; x_wconf 85' lang='lat' dir='ltr'>brevi</span> <span class='ocrx_word' id='word_1_126' title='bbox 423 2254 633 2322; x_wconf 86' lang='lat' dir='ltr'>incrementa</span> <span class='ocrx_word' id='word_1_127' title='bbox 650 2255 827 2323; x_wconf 81' lang='lat' dir='ltr'>contraxit.</span> <span class='ocrx_word' id='word_1_128' title='bbox 888 2248 958 2324; x_wconf 89' lang='lat' dir='ltr'>Sed</span> <span class='ocrx_word' id='word_1_129' title='bbox 976 2274 1096 2349; x_wconf 89' lang='lat' dir='ltr'>ueque</span> <span class='ocrx_word' id='word_1_130' title='bbox 1113 2265 1193 2323; x_wconf 91' lang='lat' dir='ltr'>ante</span> <span class='ocrx_word' id='word_1_131' title='bbox 1210 2249 1384 2326; x_wconf 90' lang='lat' dir='ltr'>redditam</span> <span class='ocrx_word' id='word_1_132' title='bbox 1408 2257 1509 2330; x_wconf 86' lang='lat' dir='ltr'>terris</span> <span class='ocrx_word' id='word_1_133' title='bbox 1531 2281 1605 2356; x_wconf 91' lang='lat' dir='ltr'>pa-</span> 
     </span>
     <span class='ocr_line' id='line_1_17' title="bbox 303 2371 937 2470; baseline -0.008 -22"><span class='ocrx_word' id='word_1_134' title='bbox 303 2397 383 2448; x_wconf 90' lang='lat' dir='ltr'>cem</span> <span class='ocrx_word' id='word_1_135' title='bbox 398 2371 472 2446; x_wconf 86' lang='lat' dir='ltr'>ulla</span> <span class='ocrx_word' id='word_1_136' title='bbox 491 2397 534 2446; x_wconf 85' lang='lat' dir='ltr'>ex</span> <span class='ocrx_word' id='word_1_137' title='bbox 547 2390 649 2470; x_wconf 90' lang='lat' dir='ltr'>parte</span> <span class='ocrx_word' id='word_1_138' title='bbox 662 2377 843 2447; x_wconf 88' lang='lat' dir='ltr'>remissior</span> <span class='ocrx_word' id='word_1_139' title='bbox 861 2371 937 2446; x_wconf 86' lang='lat' dir='ltr'>fuit.</span> 
     </span>
    </p>

    <p class='ocr_par' dir='ltr' id='par_1_6' title="bbox 434 2496 1607 2595">
     <span class='ocr_line' id='line_1_18' title="bbox 434 2496 1607 2595; baseline 0 -23"><span class='ocrx_word' id='word_1_140' title='bbox 434 2504 569 2572; x_wconf 88' lang='lat' dir='ltr'>Interea</span> <span class='ocrx_word' id='word_1_141' title='bbox 585 2499 743 2572; x_wconf 87' lang='lat' dir='ltr'>Canutus</span> <span class='ocrx_word' id='word_1_142' title='bbox 760 2499 908 2572; x_wconf 81' lang='lat' dir='ltr'>Frisium</span> <span class='ocrx_word' id='word_1_143' title='bbox 925 2498 1119 2588; x_wconf 88' lang='lat' dir='ltr'>minorem,</span> <span class='ocrx_word' id='word_1_144' title='bbox 1144 2520 1228 2595; x_wconf 76' lang='lat' dir='ltr'>qum</span> <span class='ocrx_word' id='word_1_145' title='bbox 1244 2511 1279 2568; x_wconf 87' lang='lat' dir='ltr'>et</span> <span class='ocrx_word' id='word_1_146' title='bbox 1299 2496 1377 2594; x_wconf 89' lang='lat' dir='ltr'>ipsa</span> <span class='ocrx_word' id='word_1_147' title='bbox 1391 2497 1607 2572; x_wconf 85' lang='lat' dir='ltr'>Daniearum</span> 
     </span>
    </p>
   </div>
   <div class='ocr_carea' id='block_1_6' title="bbox 303 2620 1614 2720">
    <p class='ocr_par' dir='ltr' id='par_1_7' title="bbox 303 2620 1614 2720">
     <span class='ocr_line' id='line_1_19' title="bbox 303 2620 1614 2720; baseline -0.002 -22"><span class='ocrx_word' id='word_1_148' title='bbox 303 2637 355 2698; x_wconf 90' lang='lat' dir='ltr'>est</span> <span class='ocrx_word' id='word_1_149' title='bbox 371 2627 542 2720; x_wconf 86' lang='lat' dir='ltr'>partium,</span> <span class='ocrx_word' id='word_1_150' title='bbox 578 2643 661 2692; x_wconf 92' lang='lat' dir='ltr'>cum</span> <span class='ocrx_word' id='word_1_151' title='bbox 681 2622 806 2717; x_wconf 87' lang='lat' dir='ltr'>paucis</span> <span class='ocrx_word' id='word_1_152' title='bbox 829 2621 920 2694; x_wconf 85' lang='lat' dir='ltr'>exilii</span> <span class='ocrx_word' id='word_1_153' title='bbox 937 2620 1126 2694; x_wconf 90' lang='lat' dir='ltr'>comitibus</span> <span class='ocrx_word' id='word_1_154' title='bbox 1142 2622 1237 2717; x_wconf 78' lang='lat' dir='ltr'>petit</span> <span class='ocrx_word' id='word_1_155' title='bbox 1296 2620 1405 2692; x_wconf 84' lang='lat' dir='ltr'>Dives</span> <span class='ocrx_word' id='word_1_156' title='bbox 1421 2621 1498 2718; x_wconf 77' lang='lat' dir='ltr'>agri</span> <span class='ocrx_word' id='word_1_157' title='bbox 1512 2637 1614 2718; x_wconf 88' lang='lat' dir='ltr'>pro—&#39;</span> 
     </span>
    </p>
   </div>
   <div class='ocr_carea' id='block_1_7' title="bbox 298 2740 1608 4440">
    <p class='ocr_par' dir='ltr' id='par_1_8' title="bbox 298 2740 1608 4440">
     <span class='ocr_line' id='line_1_20' title="bbox 303 2740 1606 2844; baseline 0 -25"><span class='ocrx_word' id='word_1_158' title='bbox 303 2747 416 2821; x_wconf 83' lang='lat' dir='ltr'>vincia</span> <span class='ocrx_word' id='word_1_159' title='bbox 435 2759 506 2832; x_wconf 89' lang='lat' dir='ltr'>est,</span> <span class='ocrx_word' id='word_1_160' title='bbox 531 2743 723 2842; x_wconf 89' lang='lat' dir='ltr'>pecoribus</span> <span class='ocrx_word' id='word_1_161' title='bbox 740 2742 903 2841; x_wconf 86' lang='lat' dir='ltr'>opulens.</span> <span class='ocrx_word' id='word_1_162' title='bbox 968 2740 1319 2832; x_wconf 83' lang='lat' dir='ltr'>Caeterumcoufiuis</span> <span class='ocrx_word' id='word_1_163' title='bbox 1349 2765 1485 2828; x_wconf 78' lang='lat' dir='ltr'>oceano</span> <span class='ocrx_word' id='word_1_164' title='bbox 1507 2763 1606 2844; x_wconf 89' lang='lat' dir='ltr'>patet</span> 
     </span>
     <span class='ocr_line' id='line_1_21' title="bbox 301 2862 1606 2968; baseline 0.002 -26"><span class='ocrx_word' id='word_1_165' title='bbox 301 2867 454 2958; x_wconf 66' lang='lat' dir='ltr'>bmuilis}</span> <span class='ocrx_word' id='word_1_166' title='bbox 479 2867 527 2938; x_wconf 89' lang='lat' dir='ltr'>ita</span> <span class='ocrx_word' id='word_1_167' title='bbox 537 2879 581 2938; x_wconf 90' lang='lat' dir='ltr'>ut</span> <span class='ocrx_word' id='word_1_168' title='bbox 599 2865 678 2961; x_wconf 89' lang='lat' dir='ltr'>ejus</span> <span class='ocrx_word' id='word_1_169' title='bbox 692 2862 868 2938; x_wconf 85' lang='lat' dir='ltr'>interdum</span> <span class='ocrx_word' id='word_1_170' title='bbox 884 2865 1029 2940; x_wconf 80' lang='lat' dir='ltr'>aestibus</span> <span class='ocrx_word' id='word_1_171' title='bbox 1046 2862 1194 2941; x_wconf 88' lang='lat' dir='ltr'>eluatur.</span> <span class='ocrx_word' id='word_1_172' title='bbox 1254 2865 1381 2958; x_wconf 86' lang='lat' dir='ltr'>Quinc</span> <span class='ocrx_word' id='word_1_173' title='bbox 1397 2867 1606 2968; x_wconf 85' lang='lat' dir='ltr'>irrumpant,</span> 
     </span>
     <span class='ocr_line' id='line_1_22' title="bbox 302 2986 1605 3088; baseline 0 -22"><span class='ocrx_word' id='word_1_174' title='bbox 302 2991 397 3066; x_wconf 87' lang='lat' dir='ltr'>vallo</span> <span class='ocrx_word' id='word_1_175' title='bbox 410 2989 507 3063; x_wconf 90' lang='lat' dir='ltr'>littus</span> <span class='ocrx_word' id='word_1_176' title='bbox 521 3011 626 3060; x_wconf 90' lang='lat' dir='ltr'>omne</span> <span class='ocrx_word' id='word_1_177' title='bbox 639 2987 887 3087; x_wconf 80' lang='lat' dir='ltr'>praecingitur3</span> <span class='ocrx_word' id='word_1_178' title='bbox 920 2986 1018 3087; x_wconf 89' lang='lat' dir='ltr'>quod</span> <span class='ocrx_word' id='word_1_179' title='bbox 1046 2993 1073 3061; x_wconf 89' lang='lat' dir='ltr'>si</span> <span class='ocrx_word' id='word_1_180' title='bbox 1097 2991 1187 3062; x_wconf 83' lang='lat' dir='ltr'>forte</span> <span class='ocrx_word' id='word_1_181' title='bbox 1206 2987 1459 3088; x_wconf 74' lang='lat' dir='ltr'>perfiegeriut,</span> <span class='ocrx_word' id='word_1_182' title='bbox 1492 2997 1605 3067; x_wconf 88' lang='lat' dir='ltr'>iuun-</span> 
     </span>
     <span class='ocr_line' id='line_1_23' title="bbox 303 3096 1605 3212; baseline 0.004 -26"><span class='ocrx_word' id='word_1_183' title='bbox 303 3111 389 3186; x_wconf 88' lang='lat' dir='ltr'>dant</span> <span class='ocrx_word' id='word_1_184' title='bbox 407 3137 574 3212; x_wconf 88' lang='lat' dir='ltr'>campos,</span> <span class='ocrx_word' id='word_1_185' title='bbox 595 3112 693 3185; x_wconf 90' lang='lat' dir='ltr'>vicos</span> <span class='ocrx_word' id='word_1_186' title='bbox 717 3096 752 3182; x_wconf 81' lang='lat' dir='ltr'>et</span> <span class='ocrx_word' id='word_1_187' title='bbox 770 3125 845 3183; x_wconf 87' lang='lat' dir='ltr'>sata</span> <span class='ocrx_word' id='word_1_188' title='bbox 871 3110 1095 3210; x_wconf 81' lang='lat' dir='ltr'>demergunt.</span> <span class='ocrx_word' id='word_1_189' title='bbox 1145 3115 1272 3210; x_wconf 82' lang='lat' dir='ltr'>Neque</span> <span class='ocrx_word' id='word_1_190' title='bbox 1296 3115 1391 3184; x_wconf 90' lang='lat' dir='ltr'>euim</span> <span class='ocrx_word' id='word_1_191' title='bbox 1414 3110 1487 3188; x_wconf 89' lang='lat' dir='ltr'>illic</span> <span class='ocrx_word' id='word_1_192' title='bbox 1500 3111 1605 3191; x_wconf 88' lang='lat' dir='ltr'>locus</span> 
     </span>
     <span class='ocr_line' id='line_1_24' title="bbox 301 3231 1607 3332; baseline 0.002 -24"><span class='ocrx_word' id='word_1_193' title='bbox 301 3251 428 3308; x_wconf 90' lang='lat' dir='ltr'>natura</span> <span class='ocrx_word' id='word_1_194' title='bbox 445 3233 534 3310; x_wconf 90' lang='lat' dir='ltr'>alius</span> <span class='ocrx_word' id='word_1_195' title='bbox 549 3233 618 3307; x_wconf 91' lang='lat' dir='ltr'>aliu</span> <span class='ocrx_word' id='word_1_196' title='bbox 634 3231 760 3324; x_wconf 84' lang='lat' dir='ltr'>editior</span> <span class='ocrx_word' id='word_1_197' title='bbox 776 3249 875 3307; x_wconf 77' lang='lat' dir='ltr'>extat</span> <span class='ocrx_word' id='word_1_198' title='bbox 925 3232 1140 3332; x_wconf 86' lang='lat' dir='ltr'>Plerumque</span> <span class='ocrx_word' id='word_1_199' title='bbox 1165 3256 1271 3331; x_wconf 83' lang='lat' dir='ltr'>agros</span> <span class='ocrx_word' id='word_1_200' title='bbox 1292 3233 1341 3306; x_wconf 84' lang='lat' dir='ltr'>ab</span> <span class='ocrx_word' id='word_1_201' title='bbox 1363 3240 1434 3307; x_wconf 92' lang='lat' dir='ltr'>imo</span> <span class='ocrx_word' id='word_1_202' title='bbox 1448 3235 1607 3311; x_wconf 85' lang='lat' dir='ltr'>convul-</span> 
     </span>
     <span class='ocr_line' id='line_1_25' title="bbox 302 3355 1606 3458; baseline 0.002 -26"><span class='ocrx_word' id='word_1_203' title='bbox 302 3380 363 3432; x_wconf 88' lang='lat' dir='ltr'>sos</span> <span class='ocrx_word' id='word_1_204' title='bbox 380 3356 449 3430; x_wconf 90' lang='lat' dir='ltr'>alio</span> <span class='ocrx_word' id='word_1_205' title='bbox 464 3355 532 3430; x_wconf 87' lang='lat' dir='ltr'>loci</span> <span class='ocrx_word' id='word_1_206' title='bbox 551 3356 749 3454; x_wconf 73' lang='lat' dir='ltr'>trajiciunt,</span> <span class='ocrx_word' id='word_1_207' title='bbox 761 3355 883 3430; x_wconf 90' lang='lat' dir='ltr'>locum</span> <span class='ocrx_word' id='word_1_208' title='bbox 905 3380 1030 3428; x_wconf 89' lang='lat' dir='ltr'>eorum</span> <span class='ocrx_word' id='word_1_209' title='bbox 1048 3373 1249 3455; x_wconf 86' lang='lat' dir='ltr'>occupante</span> <span class='ocrx_word' id='word_1_210' title='bbox 1268 3356 1413 3447; x_wconf 79' lang='lat' dir='ltr'>lacuna,</span> <span class='ocrx_word' id='word_1_211' title='bbox 1443 3359 1481 3430; x_wconf 89' lang='lat' dir='ltr'>in</span> <span class='ocrx_word' id='word_1_212' title='bbox 1503 3383 1606 3458; x_wconf 90' lang='lat' dir='ltr'>quo-</span> 
     </span>
     <span class='ocr_line' id='line_1_26' title="bbox 301 3459 1608 3580; baseline 0.002 -26"><span class='ocrx_word' id='word_1_213' title='bbox 301 3505 384 3554; x_wconf 88' lang='lat' dir='ltr'>rum</span> <span class='ocrx_word' id='word_1_214' title='bbox 399 3477 623 3552; x_wconf 88' lang='lat' dir='ltr'>consederint</span> <span class='ocrx_word' id='word_1_215' title='bbox 640 3478 849 3577; x_wconf 74' lang='lat' dir='ltr'>praesidiis2,</span> <span class='ocrx_word' id='word_1_216' title='bbox 867 3477 1116 3580; x_wconf 89' lang='lat' dir='ltr'>possidendos.</span> <span class='ocrx_word' id='word_1_217' title='bbox 1167 3459 1436 3553; x_wconf 69' lang='lat' dir='ltr'>Inuu‘da&#39;tiouem</span> <span class='ocrx_word' id='word_1_218' title='bbox 1450 3485 1608 3556; x_wconf 86' lang='lat' dir='ltr'>comita-</span> 
     </span>
     <span class='ocr_line' id='line_1_27' title="bbox 301 3601 1604 3705; baseline 0.002 -30"><span class='ocrx_word' id='word_1_219' title='bbox 301 3620 361 3675; x_wconf 90' lang='lat' dir='ltr'>tur</span> <span class='ocrx_word' id='word_1_220' title='bbox 377 3603 558 3695; x_wconf 82' lang='lat' dir='ltr'>feracitas3</span> <span class='ocrx_word' id='word_1_221' title='bbox 581 3605 740 3700; x_wconf 83' lang='lat' dir='ltr'>gramine</span> <span class='ocrx_word' id='word_1_222' title='bbox 761 3601 866 3678; x_wconf 89' lang='lat' dir='ltr'>tellus</span> <span class='ocrx_word' id='word_1_223' title='bbox 886 3603 1065 3674; x_wconf 85' lang='lat' dir='ltr'>exuberat.</span> <span class='ocrx_word' id='word_1_224' title='bbox 1095 3601 1296 3676; x_wconf 83' lang='lat' dir='ltr'>Torrefacta</span> <span class='ocrx_word' id='word_1_225' title='bbox 1311 3607 1347 3675; x_wconf 88' lang='lat' dir='ltr'>in</span> <span class='ocrx_word' id='word_1_226' title='bbox 1369 3603 1478 3676; x_wconf 88' lang='lat' dir='ltr'>salem</span> <span class='ocrx_word' id='word_1_227' title='bbox 1493 3604 1604 3705; x_wconf 82' lang='lat' dir='ltr'>gleba</span> 
     </span>
     <span class='ocr_line' id='line_1_28' title="bbox 300 3724 1602 3825; baseline 0.002 -26"><span class='ocrx_word' id='word_1_228' title='bbox 300 3724 525 3824; x_wconf 87' lang='lat' dir='ltr'>decoquitur.</span> <span class='ocrx_word' id='word_1_229' title='bbox 575 3725 715 3822; x_wconf 84' lang='lat' dir='ltr'>Hyeme&#39;</span> <span class='ocrx_word' id='word_1_230' title='bbox 727 3729 893 3798; x_wconf 89' lang='lat' dir='ltr'>continuo</span> <span class='ocrx_word' id='word_1_231' title='bbox 910 3724 1043 3798; x_wconf 88' lang='lat' dir='ltr'>celatur</span> <span class='ocrx_word' id='word_1_232' title='bbox 1059 3742 1166 3819; x_wconf 85' lang='lat' dir='ltr'>aestu,</span> <span class='ocrx_word' id='word_1_233' title='bbox 1193 3728 1305 3824; x_wconf 76' lang='lat' dir='ltr'>stagni</span> <span class='ocrx_word' id='word_1_234' title='bbox 1321 3731 1476 3822; x_wconf 85' lang='lat' dir='ltr'>speciem</span> <span class='ocrx_word' id='word_1_235' title='bbox 1498 3752 1602 3825; x_wconf 80' lang='lat' dir='ltr'>prse-</span> 
     </span>
     <span class='ocr_line' id='line_1_29' title="bbox 298 3844 1604 3949; baseline 0.001 -26"><span class='ocrx_word' id='word_1_236' title='bbox 298 3848 467 3923; x_wconf 89' lang='lat' dir='ltr'>bentibus</span> <span class='ocrx_word' id='word_1_237' title='bbox 482 3847 626 3945; x_wconf 90' lang='lat' dir='ltr'>campis,</span> <span class='ocrx_word' id='word_1_238' title='bbox 643 3844 739 3918; x_wconf 89' lang='lat' dir='ltr'>unde</span> <span class='ocrx_word' id='word_1_239' title='bbox 758 3861 801 3934; x_wconf 91' lang='lat' dir='ltr'>et,</span> <span class='ocrx_word' id='word_1_240' title='bbox 816 3848 852 3918; x_wconf 91' lang='lat' dir='ltr'>in</span> <span class='ocrx_word' id='word_1_241' title='bbox 868 3871 939 3944; x_wconf 92' lang='lat' dir='ltr'>qua</span> <span class='ocrx_word' id='word_1_242' title='bbox 957 3873 1078 3921; x_wconf 90' lang='lat' dir='ltr'>rerum</span> <span class='ocrx_word' id='word_1_243' title='bbox 1096 3863 1197 3947; x_wconf 88' lang='lat' dir='ltr'>parte</span> <span class='ocrx_word' id='word_1_244' title='bbox 1209 3847 1363 3921; x_wconf 89' lang='lat' dir='ltr'>locanda</span> <span class='ocrx_word' id='word_1_245' title='bbox 1377 3846 1492 3944; x_wconf 79' lang='lat' dir='ltr'>fuerit,</span> <span class='ocrx_word' id='word_1_246' title='bbox 1517 3877 1604 3949; x_wconf 83' lang='lat' dir='ltr'>pae-</span> 
     </span>
     <span class='ocr_line' id='line_1_30' title="bbox 298 3967 1604 4074; baseline 0.002 -30"><span class='ocrx_word' id='word_1_247' title='bbox 298 3997 346 4044; x_wconf 91' lang='lat' dir='ltr'>ne</span> <span class='ocrx_word' id='word_1_248' title='bbox 361 3971 573 4070; x_wconf 87' lang='lat' dir='ltr'>ambiguum</span> <span class='ocrx_word' id='word_1_249' title='bbox 592 3985 717 4042; x_wconf 90' lang='lat' dir='ltr'>natura</span> <span class='ocrx_word' id='word_1_250' title='bbox 731 3967 830 4059; x_wconf 86' lang='lat' dir='ltr'>fecit,</span> <span class='ocrx_word' id='word_1_251' title='bbox 857 3994 940 4042; x_wconf 91' lang='lat' dir='ltr'>cum</span> <span class='ocrx_word' id='word_1_252' title='bbox 958 3971 1025 4044; x_wconf 88' lang='lat' dir='ltr'>alia</span> <span class='ocrx_word' id='word_1_253' title='bbox 1041 3973 1123 4043; x_wconf 89' lang='lat' dir='ltr'>anni</span> <span class='ocrx_word' id='word_1_254' title='bbox 1139 3987 1239 4069; x_wconf 90' lang='lat' dir='ltr'>parte</span> <span class='ocrx_word' id='word_1_255' title='bbox 1252 3974 1481 4070; x_wconf 85' lang='lat' dir='ltr'>navigationis</span> <span class='ocrx_word' id='word_1_256' title='bbox 1501 3977 1604 4074; x_wconf 86' lang='lat' dir='ltr'>pati-</span> 
     </span>
     <span class='ocr_line' id='line_1_31' title="bbox 299 4091 1605 4195; baseline 0.005 -32"><span class='ocrx_word' id='word_1_257' title='bbox 299 4117 372 4185; x_wconf 88' lang='lat' dir='ltr'>cus,</span> <span class='ocrx_word' id='word_1_258' title='bbox 389 4093 457 4166; x_wconf 87' lang='lat' dir='ltr'>alia</span> <span class='ocrx_word' id='word_1_259' title='bbox 475 4095 580 4164; x_wconf 89' lang='lat' dir='ltr'>aratri</span> <span class='ocrx_word' id='word_1_260' title='bbox 595 4115 708 4189; x_wconf 85' lang='lat' dir='ltr'>capax</span> <span class='ocrx_word' id='word_1_261' title='bbox 722 4091 854 4194; x_wconf 83' lang='lat' dir='ltr'>existat.</span> <span class='ocrx_word' id='word_1_262' title='bbox 879 4099 881 4106; x_wconf 84' lang='grc'><em>’</em></span> <span class='ocrx_word' id='word_1_263' title='bbox 903 4093 1033 4168; x_wconf 86' lang='lat' dir='ltr'>Incolae</span> <span class='ocrx_word' id='word_1_264' title='bbox 1052 4097 1131 4193; x_wconf 89' lang='lat' dir='ltr'>ejus</span> <span class='ocrx_word' id='word_1_265' title='bbox 1146 4109 1270 4168; x_wconf 90' lang='lat' dir='ltr'>natura</span> <span class='ocrx_word' id='word_1_266' title='bbox 1288 4093 1440 4188; x_wconf 85' lang='lat' dir='ltr'>feroces,</span> <span class='ocrx_word' id='word_1_267' title='bbox 1462 4119 1605 4195; x_wconf 89' lang='lat' dir='ltr'>corpo-</span> 
     </span>
     <span class='ocr_line' id='line_1_32' title="bbox 298 4213 1605 4314; baseline 0.007 -30"><span class='ocrx_word' id='word_1_268' title='bbox 298 4213 398 4288; x_wconf 87' lang='lat' dir='ltr'>ribus</span> <span class='ocrx_word' id='word_1_269' title='bbox 413 4214 532 4314; x_wconf 79' lang='lat' dir='ltr'>agiles,</span> <span class='ocrx_word' id='word_1_270' title='bbox 558 4213 695 4285; x_wconf 83' lang='lat' dir='ltr'>auriam</span> <span class='ocrx_word' id='word_1_271' title='bbox 716 4228 751 4286; x_wconf 93' lang='lat' dir='ltr'>et</span> <span class='ocrx_word' id='word_1_272' title='bbox 771 4239 919 4313; x_wconf 86' lang='lat' dir='ltr'>gravem</span> <span class='ocrx_word' id='word_1_273' title='bbox 935 4234 1150 4292; x_wconf 88' lang='lat' dir='ltr'>armaturam</span> <span class='ocrx_word' id='word_1_274' title='bbox 1164 4232 1413 4309; x_wconf 82' lang='lat' dir='ltr'>contemnunt3</span> <span class='ocrx_word' id='word_1_275' title='bbox 1427 4217 1605 4292; x_wconf 85' lang='lat' dir='ltr'>ancilibus</span> 
     </span>
     <span class='ocr_line' id='line_1_33' title="bbox 300 4335 1604 4440; baseline 0.007 -34"><span class='ocrx_word' id='word_1_276' title='bbox 300 4350 467 4430; x_wconf 86' lang='lat' dir='ltr'>utuntur,</span> <span class='ocrx_word' id='word_1_277' title='bbox 492 4335 685 4413; x_wconf 84' lang='lat' dir='ltr'>missilibus</span> <span class='ocrx_word' id='word_1_278' title='bbox 715 4335 892 4412; x_wconf 87' lang='lat' dir='ltr'>dimicant.</span> <span class='ocrx_word' id='word_1_279' title='bbox 952 4343 1068 4440; x_wconf 80' lang='lat' dir='ltr'>Agros</span> <span class='ocrx_word' id='word_1_280' title='bbox 1089 4339 1280 4415; x_wconf 80' lang='lat' dir='ltr'>scrobibus</span> <span class='ocrx_word' id='word_1_281' title='bbox 1302 4348 1463 4440; x_wconf 82' lang='lat' dir='ltr'>cinguut;</span> <span class='ocrx_word' id='word_1_282' title='bbox 1491 4340 1604 4415; x_wconf 88' lang='lat' dir='ltr'>saltus</span> 
     </span>
    </p>
   </div>
   <div class='ocr_carea' id='block_1_8' title="bbox 296 4570 1601 4873">
    <p class='ocr_par' dir='ltr' id='par_1_9' title="bbox 296 4570 1601 4873">
     <span class='ocr_line' id='line_1_34' title="bbox 343 4570 1601 4664; baseline 0.005 -30"><span class='ocrx_word' id='word_1_283' title='bbox 343 4575 537 4658; x_wconf 81' lang='lat' dir='ltr'>¹lnquoruac</span> <span class='ocrx_word' id='word_1_284' title='bbox 558 4575 738 4639; x_wconf 65' lang='lat' dir='ltr'>comederant</span> <span class='ocrx_word' id='word_1_285' title='bbox 754 4572 917 4664; x_wconf 76' lang='lat' dir='ltr'>praesidiis]</span> <span class='ocrx_word' id='word_1_286' title='bbox 976 4596 1028 4638; x_wconf 87' lang='lat' dir='ltr'>um</span> <span class='ocrx_word' id='word_1_287' title='bbox 1056 4575 1158 4638; x_wconf 81' lang='lat' dir='ltr'>locum</span> <span class='ocrx_word' id='word_1_288' title='bbox 1185 4570 1366 4654; x_wconf 81' lang='lat' dir='ltr'>transferre3</span> <span class='ocrx_word' id='word_1_289' title='bbox 1409 4574 1487 4638; x_wconf 62' lang='lat' dir='ltr'>talu</span> <span class='ocrx_word' id='word_1_290' title='bbox 1526 4593 1601 4640; x_wconf 75' lang='lat' dir='ltr'>tero</span> 
     </span>
     <span class='ocr_line' id='line_1_35' title="bbox 296 4677 1600 4768; baseline 0.001 -24"><span class='ocrx_word' id='word_1_291' title='bbox 296 4681 407 4744; x_wconf 79' lang='lat' dir='ltr'>Sensus</span> <span class='ocrx_word' id='word_1_292' title='bbox 426 4677 486 4742; x_wconf 90' lang='lat' dir='ltr'>loci</span> <span class='ocrx_word' id='word_1_293' title='bbox 505 4677 555 4742; x_wconf 88' lang='lat' dir='ltr'>bic</span> <span class='ocrx_word' id='word_1_294' title='bbox 580 4693 643 4759; x_wconf 81' lang='lat' dir='ltr'>eat,</span> <span class='ocrx_word' id='word_1_295' title='bbox 674 4693 763 4744; x_wconf 73' lang='lat' dir='ltr'>aestus</span> <span class='ocrx_word' id='word_1_296' title='bbox 785 4682 919 4746; x_wconf 78' lang='lat' dir='ltr'>marinos</span> <span class='ocrx_word' id='word_1_297' title='bbox 976 4703 1066 4768; x_wconf 81' lang='lat' dir='ltr'>agros</span> <span class='ocrx_word' id='word_1_298' title='bbox 1087 4683 1205 4746; x_wconf 81' lang='lat' dir='ltr'>avulsos</span> <span class='ocrx_word' id='word_1_299' title='bbox 1225 4681 1257 4744; x_wconf 89' lang='lat' dir='ltr'>iu</span> <span class='ocrx_word' id='word_1_300' title='bbox 1276 4699 1382 4745; x_wconf 85' lang='lat' dir='ltr'>eorum</span> <span class='ocrx_word' id='word_1_301' title='bbox 1400 4680 1509 4746; x_wconf 84' lang='lat' dir='ltr'>cedere</span> <span class='ocrx_word' id='word_1_302' title='bbox 1528 4702 1600 4768; x_wconf 89' lang='lat' dir='ltr'>pos·</span> 
     </span>
     <span class='ocr_line' id='line_1_36' title="bbox 296 4773 1600 4873; baseline 0.003 -25"><span class='ocrx_word' id='word_1_303' title='bbox 296 4785 406 4870; x_wconf 78' lang='lat' dir='ltr'>sepius</span> <span class='ocrx_word' id='word_1_304' title='bbox 436 4773 582 4869; x_wconf 80' lang='lat' dir='ltr'>integros¹</span> <span class='ocrx_word' id='word_1_305' title='bbox 598 4805 690 4870; x_wconf 72' lang='lat' dir='ltr'>agros</span> <span class='ocrx_word' id='word_1_306' title='bbox 715 4805 732 4850; x_wconf 85' lang='lat' dir='ltr'>e</span> <span class='ocrx_word' id='word_1_307' title='bbox 759 4809 814 4855; x_wconf 89' lang='lat' dir='ltr'>auo</span> <span class='ocrx_word' id='word_1_308' title='bbox 848 4789 918 4856; x_wconf 86' lang='lat' dir='ltr'>loco</span> <span class='ocrx_word' id='word_1_309' title='bbox 976 4787 1157 4869; x_wconf 78' lang='lat' dir='ltr'>cessionem,</span> <span class='ocrx_word' id='word_1_310' title='bbox 1188 4809 1321 4873; x_wconf 81' lang='lat' dir='ltr'>quorum</span> <span class='ocrx_word' id='word_1_311' title='bbox 1349 4799 1463 4852; x_wconf 84' lang='lat' dir='ltr'>terram</span> <span class='ocrx_word' id='word_1_312' title='bbox 1485 4787 1600 4852; x_wconf 80' lang='lat' dir='ltr'>tirmio-</span> 
     </span>
    </p>
   </div>
   <div class='ocr_carea' id='block_1_9' title="bbox 183 4887 1561 4984">
    <p class='ocr_par' dir='ltr' id='par_1_10' title="bbox 183 4887 1561 4984">
     <span class='ocr_line' id='line_1_37' title="bbox 183 4887 1561 4984; baseline 0.002 -27"><span class='ocrx_word' id='word_1_313' title='bbox 183 4887 187 4894; x_wconf 71' lang='grc'><strong>“</strong></span> <span class='ocrx_word' id='word_1_314' title='bbox 298 4893 469 4958; x_wconf 79' lang='lat' dir='ltr'>contullere</span> <span class='ocrx_word' id='word_1_315' title='bbox 490 4905 533 4971; x_wconf 85' lang='lat' dir='ltr'>et,</span> <span class='ocrx_word' id='word_1_316' title='bbox 556 4891 801 4973; x_wconf 76' lang='lat' dir='ltr'>bernardinas,</span> <span class='ocrx_word' id='word_1_317' title='bbox 820 4894 853 4958; x_wconf 89' lang='lat' dir='ltr'>iu</span> <span class='ocrx_word' id='word_1_318' title='bbox 866 4895 921 4958; x_wconf 90' lang='lat' dir='ltr'>ali·</span> <span class='ocrx_word' id='word_1_319' title='bbox 977 4895 1221 4982; x_wconf 74' lang='lat' dir='ltr'>remattigeriua</span> <span class='ocrx_word' id='word_1_320' title='bbox 1234 4892 1323 4982; x_wconf 75' lang='lat' dir='ltr'>(beg.</span> <span class='ocrx_word' id='word_1_321' title='bbox 1336 4896 1465 4984; x_wconf 76' lang='lat' dir='ltr'>prediis.</span> <span class='ocrx_word' id='word_1_322' title='bbox 1484 4893 1561 4980; x_wconf 75' lang='lat' dir='ltr'>big.)</span> 
     </span>
    </p>
   </div>
   <div class='ocr_carea' id='block_1_10' title="bbox 0 0 1766 5460">
    <p class='ocr_par' dir='ltr' id='par_1_11' title="bbox 0 0 1766 5460">
     <span class='ocr_line' id='line_1_38' title="bbox 0 0 1766 5460; baseline 0 2"><span class='ocrx_word' id='word_1_323' title='bbox 0 0 1766 5460; x_wconf 95' lang='lat' dir='ltr'> </span> 
     </span>
    </p>
   </div>
  </div>
 </body>
</html>
