<?xml version="1.0" encoding="UTF-8"?>
<!DOCTYPE html PUBLIC "-//W3C//DTD XHTML 1.0 Transitional//EN"
    "http://www.w3.org/TR/xhtml1/DTD/xhtml1-transitional.dtd">
<html xmlns="http://www.w3.org/1999/xhtml" xml:lang="en" lang="en">
 <head>
  <title>
</title>
<meta http-equiv="Content-Type" content="text/html;charset=utf-8" />
  <meta name='ocr-system' content='tesseract 3.04.00' />
  <meta name='ocr-capabilities' content='ocr_page ocr_carea ocr_par ocr_line ocrx_word'/>
</head>
<body>
  <div class='ocr_page' id='page_1' title='image "./historiadanica01velsgoog_0048.png"; bbox 0 0 3582 5466; ppageno 0'>
   <div class='ocr_carea' id='block_1_1' title="bbox 725 298 1438 378">
    <p class='ocr_par' dir='ltr' id='par_1_1' title="bbox 725 298 1438 378">
     <span class='ocr_line' id='line_1_1' title="bbox 725 298 1438 378; baseline 0.003 -2"><span class='ocrx_word' id='word_1_1' title='bbox 725 298 943 377; x_wconf 82' lang='lat' dir='ltr'><strong>CANUTUS.</strong></span> <span class='ocrx_word' id='word_1_2' title='bbox 1366 303 1438 378; x_wconf 71' lang='lat'><strong>585</strong></span> 
     </span>
    </p>
   </div>
   <div class='ocr_carea' id='block_1_2' title="bbox 103 513 1600 3806">
    <p class='ocr_par' dir='ltr' id='par_1_2' title="bbox 118 513 1600 3314">
     <span class='ocr_line' id='line_1_2' title="bbox 168 513 1490 612; baseline -0.002 -23"><span class='ocrx_word' id='word_1_3' title='bbox 168 513 306 589; x_wconf 82' lang='lat' dir='ltr'><strong>delenit.</strong></span> <span class='ocrx_word' id='word_1_4' title='bbox 360 513 609 604; x_wconf 82' lang='lat' dir='ltr'><strong>liernnieniur,</strong></span> <span class='ocrx_word' id='word_1_5' title='bbox 624 539 736 612; x_wconf 85' lang='lat' dir='ltr'><strong>quaea</strong></span> <span class='ocrx_word' id='word_1_6' title='bbox 752 514 861 589; x_wconf 82' lang='lat' dir='ltr'><strong>fratre</strong></span> <span class='ocrx_word' id='word_1_7' title='bbox 885 513 1116 612; x_wconf 77' lang='lat' dir='ltr'><strong>gerebantur,</strong></span> <span class='ocrx_word' id='word_1_8' title='bbox 1131 519 1292 610; x_wconf 82' lang='lat' dir='ltr'><strong>ignarus,</strong></span> <span class='ocrx_word' id='word_1_9' title='bbox 1323 516 1490 589; x_wconf 89' lang='lat' dir='ltr'><strong>morantis</strong></span> 
     </span>
     <span class='ocr_line' id='line_1_3' title="bbox 168 633 1489 734; baseline -0.002 -24"><span class='ocrx_word' id='word_1_10' title='bbox 168 637 365 712; x_wconf 81' lang='lat' dir='ltr'><strong>adventum</strong></span> <span class='ocrx_word' id='word_1_11' title='bbox 382 661 631 734; x_wconf 68' lang='lat' dir='ltr'><strong>sepenumero</strong></span> <span class='ocrx_word' id='word_1_12' title='bbox 652 635 827 710; x_wconf 80' lang='lat' dir='ltr'><strong>mandatis</strong></span> <span class='ocrx_word' id='word_1_13' title='bbox 846 655 1029 734; x_wconf 78' lang='lat' dir='ltr'><strong>exegerat,</strong></span> <span class='ocrx_word' id='word_1_14' title='bbox 1055 663 1170 732; x_wconf 89' lang='lat' dir='ltr'><strong>quom</strong></span> <span class='ocrx_word' id='word_1_15' title='bbox 1190 634 1332 710; x_wconf 86' lang='lat' dir='ltr'><strong>tandem</strong></span> <span class='ocrx_word' id='word_1_16' title='bbox 1349 633 1395 708; x_wconf 91' lang='lat' dir='ltr'><strong>de</strong></span> <span class='ocrx_word' id='word_1_17' title='bbox 1410 637 1489 732; x_wconf 89' lang='lat' dir='ltr'><strong>ejus</strong></span> 
     </span>
     <span class='ocr_line' id='line_1_4' title="bbox 168 739 1488 858; baseline -0.002 -26"><span class='ocrx_word' id='word_1_18' title='bbox 168 757 323 858; x_wconf 79' lang='lat' dir='ltr'><strong>perfidia</strong></span> <span class='ocrx_word' id='word_1_19' title='bbox 338 761 466 842; x_wconf 83' lang='lat' dir='ltr'><strong>certior</strong></span> <span class='ocrx_word' id='word_1_20' title='bbox 484 760 608 848; x_wconf 70' lang='lat' dir='ltr'><strong>finctus,</strong></span> <span class='ocrx_word' id='word_1_21' title='bbox 643 757 755 832; x_wconf 85' lang='lat' dir='ltr'><strong>classe</strong></span> <span class='ocrx_word' id='word_1_22' title='bbox 781 739 978 856; x_wconf 81' lang='lat' dir='ltr'><strong>praestolari</strong></span> <span class='ocrx_word' id='word_1_23' title='bbox 1001 760 1119 855; x_wconf 85' lang='lat' dir='ltr'><strong>jussa,</strong></span> <span class='ocrx_word' id='word_1_24' title='bbox 1146 757 1341 832; x_wconf 87' lang='lat' dir='ltr'><strong>Slesvieum</strong></span> <span class='ocrx_word' id='word_1_25' title='bbox 1362 756 1488 830; x_wconf 87' lang='lat' dir='ltr'><strong>lectis·</strong></span> 
     </span>
     <span class='ocr_line' id='line_1_5' title="bbox 167 880 1487 978; baseline 0.002 -24"><span class='ocrx_word' id='word_1_26' title='bbox 167 883 257 954; x_wconf 73' lang='lat' dir='ltr'><strong>droa</strong></span> <span class='ocrx_word' id='word_1_27' title='bbox 274 905 383 957; x_wconf 71' lang='lat' dir='ltr'><strong>menn</strong></span> <span class='ocrx_word' id='word_1_28' title='bbox 401 881 562 957; x_wconf 81' lang='lat' dir='ltr'><strong>festinato</strong></span> <span class='ocrx_word' id='word_1_29' title='bbox 579 880 775 972; x_wconf 71' lang='lat' dir='ltr'><strong>contendit,</strong></span> <span class='ocrx_word' id='word_1_30' title='bbox 801 881 927 978; x_wconf 85' lang='lat' dir='ltr'>ibique</span> <span class='ocrx_word' id='word_1_31' title='bbox 944 881 1088 954; x_wconf 77' lang='lat' dir='ltr'><strong>fratrem</strong></span> <span class='ocrx_word' id='word_1_32' title='bbox 1106 882 1325 976; x_wconf 85' lang='lat' dir='ltr'><strong>inopinatum</strong></span> <span class='ocrx_word' id='word_1_33' title='bbox 1342 899 1377 954; x_wconf 92' lang='lat' dir='ltr'><strong>et</strong></span> <span class='ocrx_word' id='word_1_34' title='bbox 1390 898 1487 956; x_wconf 78' lang='lat' dir='ltr'><strong>atto-</strong></span> 
     </span>
     <span class='ocr_line' id='line_1_6' title="bbox 169 1003 1488 1102; baseline 0.003 -28"><span class='ocrx_word' id='word_1_35' title='bbox 169 1009 280 1078; x_wconf 86' lang='lat' dir='ltr'><strong>nitum</strong></span> <span class='ocrx_word' id='word_1_36' title='bbox 296 1007 489 1100; x_wconf 78' lang='lat' dir='ltr'><strong>intercepit.</strong></span> <span class='ocrx_word' id='word_1_37' title='bbox 540 1003 680 1076; x_wconf 83' lang='lat' dir='ltr'><strong>Deinde</strong></span> <span class='ocrx_word' id='word_1_38' title='bbox 699 1003 914 1102; x_wconf 88' lang='lat' dir='ltr'><strong>productum</strong></span> <span class='ocrx_word' id='word_1_39' title='bbox 942 1022 1223 1100; x_wconf 86' lang='lat' dir='ltr'><strong>accusatumque</strong></span> <span class='ocrx_word' id='word_1_40' title='bbox 1247 1029 1312 1100; x_wconf 85' lang='lat' dir='ltr'><strong>nee</strong></span> <span class='ocrx_word' id='word_1_41' title='bbox 1342 1005 1488 1102; x_wconf 82' lang='lat' dir='ltr'><strong>objecta</strong></span> 
     </span>
     <span class='ocr_line' id='line_1_7' title="bbox 167 1123 1484 1224; baseline 0.003 -28"><span class='ocrx_word' id='word_1_42' title='bbox 167 1123 286 1198; x_wconf 75' lang='lat' dir='ltr'><strong>solide</strong></span> <span class='ocrx_word' id='word_1_43' title='bbox 302 1125 592 1223; x_wconf 78' lang='lat' dir='ltr'><strong>propulsantem,</strong></span> <span class='ocrx_word' id='word_1_44' title='bbox 621 1126 767 1224; x_wconf 83' lang='lat' dir='ltr'><strong>perinde</strong></span> <span class='ocrx_word' id='word_1_45' title='bbox 784 1153 827 1200; x_wconf 87' lang='lat' dir='ltr'><strong>ac</strong></span> <span class='ocrx_word' id='word_1_46' title='bbox 853 1133 1058 1203; x_wconf 81' lang='lat' dir='ltr'><strong>convictum</strong></span> <span class='ocrx_word' id='word_1_47' title='bbox 1084 1129 1389 1224; x_wconf 87' lang='lat' dir='ltr'><strong>impotentemque</strong></span> <span class='ocrx_word' id='word_1_48' title='bbox 1414 1127 1484 1200; x_wconf 90' lang='lat' dir='ltr'><strong>de-</strong></span> 
     </span>
     <span class='ocr_line' id='line_1_8' title="bbox 167 1247 1485 1348; baseline 0.003 -30"><span class='ocrx_word' id='word_1_49' title='bbox 167 1247 349 1335; x_wconf 83' lang='lat' dir='ltr'><strong>fensionis,</strong></span> <span class='ocrx_word' id='word_1_50' title='bbox 364 1249 561 1344; x_wconf 87' lang='lat' dir='ltr'><strong>compediri</strong></span> <span class='ocrx_word' id='word_1_51' title='bbox 581 1276 599 1322; x_wconf 88' lang='lat' dir='ltr'><strong>u</strong></span> <span class='ocrx_word' id='word_1_52' title='bbox 617 1247 786 1335; x_wconf 79' lang='lat' dir='ltr'><strong>militibus</strong></span> <span class='ocrx_word' id='word_1_53' title='bbox 803 1251 917 1346; x_wconf 85' lang='lat' dir='ltr'><strong>jubet.</strong></span> <span class='ocrx_word' id='word_1_54' title='bbox 979 1251 1048 1341; x_wconf 89' lang='lat' dir='ltr'><strong>Qui</strong></span> <span class='ocrx_word' id='word_1_55' title='bbox 1065 1247 1257 1322; x_wconf 81' lang='lat' dir='ltr'><strong>indebitam</strong></span> <span class='ocrx_word' id='word_1_56' title='bbox 1275 1254 1374 1348; x_wconf 79' lang='lat' dir='ltr'><strong>regio</strong></span> <span class='ocrx_word' id='word_1_57' title='bbox 1396 1276 1485 1324; x_wconf 86' lang='lat' dir='ltr'><strong>sau-</strong></span> 
     </span>
     <span class='ocr_line' id='line_1_9' title="bbox 165 1371 1484 1469; baseline 0.005 -27"><span class='ocrx_word' id='word_1_58' title='bbox 165 1371 262 1468; x_wconf 76' lang='lat' dir='ltr'><strong>gnini</strong></span> <span class='ocrx_word' id='word_1_59' title='bbox 280 1371 532 1446; x_wconf 86' lang='lat' dir='ltr'><strong>contumeliam</strong></span> <span class='ocrx_word' id='word_1_60' title='bbox 552 1373 626 1444; x_wconf 86' lang='lat' dir='ltr'><strong>suis</strong></span> <span class='ocrx_word' id='word_1_61' title='bbox 653 1371 820 1445; x_wconf 86' lang='lat' dir='ltr'><strong>manibus</strong></span> <span class='ocrx_word' id='word_1_62' title='bbox 838 1371 1153 1449; x_wconf 78' lang='lat' dir='ltr'><strong>administrandam</strong></span> <span class='ocrx_word' id='word_1_63' title='bbox 1180 1373 1378 1469; x_wconf 77' lang='lat' dir='ltr'><strong>negabant3</strong></span> <span class='ocrx_word' id='word_1_64' title='bbox 1412 1400 1484 1450; x_wconf 86' lang='lat' dir='ltr'><strong>cu-</strong></span> 
     </span>
     <span class='ocr_line' id='line_1_10' title="bbox 163 1493 1484 1594; baseline 0.002 -28"><span class='ocrx_word' id='word_1_65' title='bbox 163 1495 225 1591; x_wconf 72' lang='lat' dir='ltr'><strong>jus</strong></span> <span class='ocrx_word' id='word_1_66' title='bbox 242 1507 338 1569; x_wconf 78' lang='lat' dir='ltr'><strong>tanta</strong></span> <span class='ocrx_word' id='word_1_67' title='bbox 357 1493 456 1591; x_wconf 83' lang='lat' dir='ltr'><strong>spnd</strong></span> <span class='ocrx_word' id='word_1_68' title='bbox 480 1497 577 1592; x_wconf 88' lang='lat' dir='ltr'><strong>ipsos</strong></span> <span class='ocrx_word' id='word_1_69' title='bbox 594 1496 773 1567; x_wconf 87' lang='lat' dir='ltr'><strong>veneratio</strong></span> <span class='ocrx_word' id='word_1_70' title='bbox 792 1493 876 1585; x_wconf 88' lang='lat' dir='ltr'><strong>luit,</strong></span> <span class='ocrx_word' id='word_1_71' title='bbox 909 1513 949 1568; x_wconf 92' lang='lat' dir='ltr'><strong>ut</strong></span> <span class='ocrx_word' id='word_1_72' title='bbox 978 1521 1020 1568; x_wconf 83' lang='lat' dir='ltr'><strong>ex</strong></span> <span class='ocrx_word' id='word_1_73' title='bbox 1036 1523 1079 1570; x_wconf 86' lang='lat' dir='ltr'><strong>eo</strong></span> <span class='ocrx_word' id='word_1_74' title='bbox 1108 1513 1206 1568; x_wconf 89' lang='lat' dir='ltr'><strong>ortos</strong></span> <span class='ocrx_word' id='word_1_75' title='bbox 1230 1513 1343 1568; x_wconf 90' lang='lat' dir='ltr'><strong>morte</strong></span> <span class='ocrx_word' id='word_1_76' title='bbox 1375 1521 1484 1594; x_wconf 85' lang='lat' dir='ltr'><strong>quam</strong></span> 
     </span>
     <span class='ocr_line' id='line_1_11' title="bbox 162 1613 1485 1716; baseline 0.002 -28"><span class='ocrx_word' id='word_1_77' title='bbox 162 1613 316 1688; x_wconf 84' lang='lat' dir='ltr'><strong>vinculis</strong></span> <span class='ocrx_word' id='word_1_78' title='bbox 332 1614 502 1690; x_wconf 77' lang='lat' dir='ltr'><strong>mulctare</strong></span> <span class='ocrx_word' id='word_1_79' title='bbox 520 1616 683 1708; x_wconf 89' lang='lat' dir='ltr'><strong>mallent,</strong></span> <span class='ocrx_word' id='word_1_80' title='bbox 717 1617 938 1692; x_wconf 79' lang='lat' dir='ltr'><strong>tolerabilius</strong></span> <span class='ocrx_word' id='word_1_81' title='bbox 955 1625 1031 1706; x_wconf 85' lang='lat' dir='ltr'><strong>rati,</strong></span> <span class='ocrx_word' id='word_1_82' title='bbox 1054 1617 1155 1716; x_wconf 93' lang='lat' dir='ltr'><strong>quod</strong></span> <span class='ocrx_word' id='word_1_83' title='bbox 1175 1625 1377 1693; x_wconf 89' lang='lat' dir='ltr'><strong>communis</strong></span> <span class='ocrx_word' id='word_1_84' title='bbox 1392 1643 1485 1692; x_wconf 87' lang='lat' dir='ltr'><strong>con-</strong></span> 
     </span>
     <span class='ocr_line' id='line_1_12' title="bbox 166 1736 1485 1840; baseline 0.001 -30"><span class='ocrx_word' id='word_1_85' title='bbox 166 1736 255 1814; x_wconf 84' lang='lat' dir='ltr'><strong>ditio</strong></span> <span class='ocrx_word' id='word_1_86' title='bbox 274 1737 435 1830; x_wconf 76' lang='lat' dir='ltr'><strong>admittit,</strong></span> <span class='ocrx_word' id='word_1_87' title='bbox 461 1765 570 1836; x_wconf 89' lang='lat' dir='ltr'><strong>quam</strong></span> <span class='ocrx_word' id='word_1_88' title='bbox 585 1739 689 1838; x_wconf 87' lang='lat' dir='ltr'><strong>quod</strong></span> <span class='ocrx_word' id='word_1_89' title='bbox 710 1740 836 1814; x_wconf 83' lang='lat' dir='ltr'><strong>servile</strong></span> <span class='ocrx_word' id='word_1_90' title='bbox 856 1741 1072 1840; x_wconf 87' lang='lat' dir='ltr'><strong>supplicium</strong></span> <span class='ocrx_word' id='word_1_91' title='bbox 1089 1743 1204 1840; x_wconf 82' lang='lat' dir='ltr'><strong>exigit.</strong></span> <span class='ocrx_word' id='word_1_92' title='bbox 1256 1739 1324 1814; x_wconf 84' lang='lat' dir='ltr'><strong>Sed</strong></span> <span class='ocrx_word' id='word_1_93' title='bbox 1341 1758 1375 1812; x_wconf 88' lang='lat' dir='ltr'><strong>et</strong></span> <span class='ocrx_word' id='word_1_94' title='bbox 1391 1763 1485 1838; x_wconf 81' lang='lat' dir='ltr'><strong>gen-</strong></span> 
     </span>
     <span class='ocr_line' id='line_1_13' title="bbox 118 1852 1484 1966; baseline 0.001 -34"><span class='ocrx_word' id='word_1_95' title='bbox 118 1905 123 1910; x_wconf 96' lang='lat'>-</span> <span class='ocrx_word' id='word_1_96' title='bbox 165 1864 207 1936; x_wconf 84' lang='lat' dir='ltr'><strong>tis</strong></span> <span class='ocrx_word' id='word_1_97' title='bbox 223 1876 355 1934; x_wconf 76' lang='lat' dir='ltr'><strong>nostrae</strong></span> <span class='ocrx_word' id='word_1_98' title='bbox 375 1852 587 1937; x_wconf 83' lang='lat' dir='ltr'><strong>verecundia</strong></span> <span class='ocrx_word' id='word_1_99' title='bbox 603 1889 781 1938; x_wconf 80' lang='lat' dir='ltr'><strong>sumniam</strong></span> <span class='ocrx_word' id='word_1_100' title='bbox 798 1870 832 1936; x_wconf 91' lang='lat' dir='ltr'><strong>in</strong></span> <span class='ocrx_word' id='word_1_101' title='bbox 852 1865 1077 1938; x_wconf 84' lang='lat' dir='ltr'><strong>vinculorum</strong></span> <span class='ocrx_word' id='word_1_102' title='bbox 1096 1889 1204 1962; x_wconf 78' lang='lat' dir='ltr'><strong>poena</strong></span> <span class='ocrx_word' id='word_1_103' title='bbox 1230 1863 1484 1966; x_wconf 80' lang='lat' dir='ltr'><strong>turpitudinem</strong></span> 
     </span>
     <span class='ocr_line' id='line_1_14' title="bbox 164 1985 1512 2086; baseline -0.001 -28"><span class='ocrx_word' id='word_1_104' title='bbox 164 2007 343 2081; x_wconf 79' lang='lat' dir='ltr'><strong>reponere</strong></span> <span class='ocrx_word' id='word_1_105' title='bbox 360 1989 553 2078; x_wconf 88' lang='lat' dir='ltr'><strong>consvevit,</strong></span> <span class='ocrx_word' id='word_1_106' title='bbox 580 1985 708 2086; x_wconf 86' lang='lat' dir='ltr'><strong>bisque</strong></span> <span class='ocrx_word' id='word_1_107' title='bbox 723 1985 812 2060; x_wconf 84' lang='lat' dir='ltr'><strong>allici</strong></span> <span class='ocrx_word' id='word_1_108' title='bbox 829 1994 925 2062; x_wconf 85' lang='lat' dir='ltr'><strong>onrni</strong></span> <span class='ocrx_word' id='word_1_109' title='bbox 946 1988 1021 2062; x_wconf 85' lang='lat' dir='ltr'><strong>lato</strong></span> <span class='ocrx_word' id='word_1_110' title='bbox 1037 1989 1166 2060; x_wconf 85' lang='lat' dir='ltr'><strong>tristius</strong></span> <span class='ocrx_word' id='word_1_111' title='bbox 1182 1985 1289 2072; x_wconf 91' lang='lat' dir='ltr'><strong>ducit,</strong></span> <span class='ocrx_word' id='word_1_112' title='bbox 1314 1989 1485 2084; x_wconf 55' lang='lat' dir='ltr'><strong>Qenuas</strong></span> <span class='ocrx_word' id='word_1_113' title='bbox 1508 2013 1512 2026; x_wconf 94' lang='lat'>·</span> 
     </span>
     <span class='ocr_line' id='line_1_15' title="bbox 163 2105 1486 2208; baseline 0 -30"><span class='ocrx_word' id='word_1_114' title='bbox 163 2123 301 2180; x_wconf 82' lang='lat' dir='ltr'><strong>mentes</strong></span> <span class='ocrx_word' id='word_1_115' title='bbox 331 2105 511 2204; x_wconf 85' lang='lat' dir='ltr'><strong>probroso</strong></span> <span class='ocrx_word' id='word_1_116' title='bbox 544 2133 655 2206; x_wconf 89' lang='lat' dir='ltr'><strong>quam</strong></span> <span class='ocrx_word' id='word_1_117' title='bbox 677 2127 826 2184; x_wconf 88' lang='lat' dir='ltr'><strong>cruento</strong></span> <span class='ocrx_word' id='word_1_118' title='bbox 857 2108 1032 2208; x_wconf 87' lang='lat' dir='ltr'><strong>supplicio</strong></span> <span class='ocrx_word' id='word_1_119' title='bbox 1054 2111 1248 2207; x_wconf 86' lang='lat' dir='ltr'><strong>penitiores</strong></span> <span class='ocrx_word' id='word_1_120' title='bbox 1272 2109 1486 2192; x_wconf 78' lang='lat' dir='ltr'><strong>existimaus,</strong></span> 
     </span>
     <span class='ocr_line' id='line_1_16' title="bbox 163 2227 1487 2330; baseline -0.001 -28"><span class='ocrx_word' id='word_1_121' title='bbox 163 2245 340 2328; x_wconf 76' lang='lat' dir='ltr'><strong>tantoque</strong></span> <span class='ocrx_word' id='word_1_122' title='bbox 365 2227 516 2302; x_wconf 84' lang='lat' dir='ltr'><strong>alterum</strong></span> <span class='ocrx_word' id='word_1_123' title='bbox 533 2229 644 2308; x_wconf 86' lang='lat' dir='ltr'><strong>altero</strong></span> <span class='ocrx_word' id='word_1_124' title='bbox 661 2235 855 2330; x_wconf 78' lang='lat' dir='ltr'><strong>speciosius</strong></span> <span class='ocrx_word' id='word_1_125' title='bbox 871 2259 1038 2322; x_wconf 81' lang='lat' dir='ltr'><strong>censens,</strong></span> <span class='ocrx_word' id='word_1_126' title='bbox 1063 2251 1236 2328; x_wconf 86' lang='lat' dir='ltr'><strong>quantum</strong></span> <span class='ocrx_word' id='word_1_127' title='bbox 1260 2247 1396 2305; x_wconf 78' lang='lat' dir='ltr'><strong>naturae</strong></span> <span class='ocrx_word' id='word_1_128' title='bbox 1415 2229 1487 2302; x_wconf 83' lang='lat' dir='ltr'><strong>lta-</strong></span> 
     </span>
     <span class='ocr_line' id='line_1_17' title="bbox 161 2351 1484 2449; baseline -0.001 -25"><span class='ocrx_word' id='word_1_129' title='bbox 161 2353 262 2426; x_wconf 85' lang='lat' dir='ltr'><strong>bitns</strong></span> <span class='ocrx_word' id='word_1_130' title='bbox 281 2377 303 2424; x_wconf 85' lang='lat' dir='ltr'><strong>a</strong></span> <span class='ocrx_word' id='word_1_131' title='bbox 320 2351 472 2428; x_wconf 77' lang='lat' dir='ltr'><strong>fortune</strong></span> <span class='ocrx_word' id='word_1_132' title='bbox 490 2359 575 2428; x_wconf 88' lang='lat' dir='ltr'><strong>vitio</strong></span> <span class='ocrx_word' id='word_1_133' title='bbox 590 2354 722 2430; x_wconf 83' lang='lat' dir='ltr'><strong>distare</strong></span> <span class='ocrx_word' id='word_1_134' title='bbox 741 2353 908 2430; x_wconf 88' lang='lat' dir='ltr'><strong>creditur.</strong></span> <span class='ocrx_word' id='word_1_135' title='bbox 978 2355 1183 2430; x_wconf 85' lang='lat' dir='ltr'><strong>Mandatum</strong></span> <span class='ocrx_word' id='word_1_136' title='bbox 1202 2354 1371 2430; x_wconf 84' lang='lat' dir='ltr'><strong>militibus</strong></span> <span class='ocrx_word' id='word_1_137' title='bbox 1389 2357 1484 2449; x_wconf 90' lang='lat' dir='ltr'><strong>ope-</strong></span> 
     </span>
     <span class='ocr_line' id='line_1_18' title="bbox 119 2476 1484 2576; baseline 0 -30"><span class='ocrx_word' id='word_1_138' title='bbox 119 2553 122 2560; x_wconf 49' lang='lat'><strong>,</strong></span> <span class='ocrx_word' id='word_1_139' title='bbox 163 2501 244 2548; x_wconf 85' lang='lat' dir='ltr'><strong>ram</strong></span> <span class='ocrx_word' id='word_1_140' title='bbox 262 2479 463 2548; x_wconf 87' lang='lat' dir='ltr'><strong>communis</strong></span> <span class='ocrx_word' id='word_1_141' title='bbox 487 2476 595 2550; x_wconf 88' lang='lat' dir='ltr'><strong>fmter</strong></span> <span class='ocrx_word' id='word_1_142' title='bbox 618 2483 744 2552; x_wconf 86' lang='lat' dir='ltr'><strong>Ericus</strong></span> <span class='ocrx_word' id='word_1_143' title='bbox 767 2483 970 2574; x_wconf 82' lang='lat' dir='ltr'><strong>exequitur,</strong></span> <span class='ocrx_word' id='word_1_144' title='bbox 1003 2476 1086 2576; x_wconf 90' lang='lat' dir='ltr'><strong>plus</strong></span> <span class='ocrx_word' id='word_1_145' title='bbox 1110 2481 1196 2576; x_wconf 88' lang='lat' dir='ltr'><strong>justi</strong></span> <span class='ocrx_word' id='word_1_146' title='bbox 1220 2478 1357 2574; x_wconf 88' lang='lat' dir='ltr'><strong>imperii</strong></span> <span class='ocrx_word' id='word_1_147' title='bbox 1374 2499 1484 2572; x_wconf 85' lang='lat' dir='ltr'><strong>quam</strong></span> 
     </span>
     <span class='ocr_line' id='line_1_19' title="bbox 166 2595 1486 2700; baseline -0.002 -30"><span class='ocrx_word' id='word_1_148' title='bbox 166 2599 281 2695; x_wconf 89' lang='lat' dir='ltr'><strong>iniqui</strong></span> <span class='ocrx_word' id='word_1_149' title='bbox 303 2602 463 2697; x_wconf 77' lang='lat' dir='ltr'><strong>germani</strong></span> <span class='ocrx_word' id='word_1_150' title='bbox 488 2604 665 2698; x_wconf 88' lang='lat' dir='ltr'><strong>respectui</strong></span> <span class='ocrx_word' id='word_1_151' title='bbox 691 2599 939 2690; x_wconf 89' lang='lat' dir='ltr'><strong>tribuendum,</strong></span> <span class='ocrx_word' id='word_1_152' title='bbox 975 2626 1043 2674; x_wconf 87' lang='lat' dir='ltr'><strong>nee</strong></span> <span class='ocrx_word' id='word_1_153' title='bbox 1071 2602 1231 2700; x_wconf 80' lang='lat' dir='ltr'><strong>sanguini</strong></span> <span class='ocrx_word' id='word_1_154' title='bbox 1253 2595 1486 2696; x_wconf 79' lang='lat' dir='ltr'><strong>parcendum,</strong></span> 
     </span>
     <span class='ocr_line' id='line_1_20' title="bbox 163 2701 1486 2823; baseline -0.004 -29"><span class='ocrx_word' id='word_1_155' title='bbox 163 2721 254 2797; x_wconf 86' lang='lat' dir='ltr'><strong>dom</strong></span> <span class='ocrx_word' id='word_1_156' title='bbox 269 2723 350 2794; x_wconf 78' lang='lat' dir='ltr'><strong>titia</strong></span> <span class='ocrx_word' id='word_1_157' title='bbox 364 2729 575 2818; x_wconf 87' lang='lat' dir='ltr'><strong>puniuntur,</strong></span> <span class='ocrx_word' id='word_1_158' title='bbox 602 2725 812 2798; x_wconf 77' lang='lat' dir='ltr'><strong>existimans.</strong></span> <span class='ocrx_word' id='word_1_159' title='bbox 833 2701 834 2709; x_wconf 8' lang='grc' dir='ltr'>ἵ</span> <span class='ocrx_word' id='word_1_160' title='bbox 866 2727 1024 2823; x_wconf 87' lang='lat' dir='ltr'><strong>Quippe,</strong></span> <span class='ocrx_word' id='word_1_161' title='bbox 1039 2747 1148 2820; x_wconf 90' lang='lat' dir='ltr'><strong>quem</strong></span> <span class='ocrx_word' id='word_1_162' title='bbox 1167 2729 1278 2798; x_wconf 88' lang='lat' dir='ltr'><strong>virtus</strong></span> <span class='ocrx_word' id='word_1_163' title='bbox 1305 2717 1486 2808; x_wconf 87' lang='lat' dir='ltr'><strong>delecerit,</strong></span> 
     </span>
     <span class='ocr_line' id='line_1_21' title="bbox 162 2841 1484 2944; baseline 0.001 -28"><span class='ocrx_word' id='word_1_164' title='bbox 162 2841 301 2916; x_wconf 85' lang='lat' dir='ltr'><strong>nullam</strong></span> <span class='ocrx_word' id='word_1_165' title='bbox 315 2847 435 2942; x_wconf 82' lang='lat' dir='ltr'><strong>stirpis</strong></span> <span class='ocrx_word' id='word_1_166' title='bbox 453 2849 683 2920; x_wconf 85' lang='lat' dir='ltr'><strong>reverentiam</strong></span> <span class='ocrx_word' id='word_1_167' title='bbox 700 2845 873 2938; x_wconf 87' lang='lat' dir='ltr'><strong>obtinere,</strong></span> <span class='ocrx_word' id='word_1_168' title='bbox 892 2849 1071 2944; x_wconf 85' lang='lat' dir='ltr'><strong>animique</strong></span> <span class='ocrx_word' id='word_1_169' title='bbox 1086 2843 1170 2918; x_wconf 86' lang='lat' dir='ltr'><strong>labe</strong></span> <span class='ocrx_word' id='word_1_170' title='bbox 1184 2845 1325 2920; x_wconf 86' lang='lat' dir='ltr'><strong>soedum</strong></span> <span class='ocrx_word' id='word_1_171' title='bbox 1340 2867 1484 2918; x_wconf 89' lang='lat' dir='ltr'><strong>omnem</strong></span> 
     </span>
     <span class='ocr_line' id='line_1_22' title="bbox 161 2967 1600 3070; baseline -0.003 -32"><span class='ocrx_word' id='word_1_172' title='bbox 161 2970 305 3066; x_wconf 77' lang='lat' dir='ltr'><strong>generis</strong></span> <span class='ocrx_word' id='word_1_173' title='bbox 336 2967 532 3042; x_wconf 77' lang='lat' dir='ltr'><strong>infuscasse</strong></span> <span class='ocrx_word' id='word_1_174' title='bbox 560 2968 800 3068; x_wconf 87' lang='lat' dir='ltr'><strong>splendorem.</strong></span> <span class='ocrx_word' id='word_1_175' title='bbox 871 2971 980 3070; x_wconf 82' lang='lat' dir='ltr'><strong>igitur</strong></span> <span class='ocrx_word' id='word_1_176' title='bbox 1001 2993 1073 3040; x_wconf 91' lang='lat' dir='ltr'><strong>non</strong></span> <span class='ocrx_word' id='word_1_177' title='bbox 1103 2983 1173 3042; x_wconf 88' lang='lat' dir='ltr'><strong>tam</strong></span> <span class='ocrx_word' id='word_1_178' title='bbox 1204 2967 1321 3042; x_wconf 84' lang='lat' dir='ltr'><strong>lrntris</strong></span> <span class='ocrx_word' id='word_1_179' title='bbox 1352 2990 1484 3042; x_wconf 82' lang='lat' dir='ltr'><strong>nomen</strong></span> <span class='ocrx_word' id='word_1_180' title='bbox 1597 3027 1600 3034; x_wconf 90' lang='lat'><strong>.</strong></span> 
     </span>
     <span class='ocr_line' id='line_1_23' title="bbox 162 3089 1485 3207; baseline 0 -43"><span class='ocrx_word' id='word_1_181' title='bbox 162 3113 278 3187; x_wconf 84' lang='lat' dir='ltr'><strong>quam</strong></span> <span class='ocrx_word' id='word_1_182' title='bbox 295 3089 482 3188; x_wconf 80' lang='lat' dir='ltr'><strong>parricidae</strong></span> <span class='ocrx_word' id='word_1_183' title='bbox 497 3094 724 3189; x_wconf 86' lang='lat' dir='ltr'><strong>propositum</strong></span> <span class='ocrx_word' id='word_1_184' title='bbox 742 3093 955 3168; x_wconf 80' lang='lat' dir='ltr'><strong>intuebatur.</strong></span> <span class='ocrx_word' id='word_1_185' title='bbox 1024 3091 1122 3166; x_wconf 83' lang='lat' dir='ltr'><strong>Adeo</strong></span> <span class='ocrx_word' id='word_1_186' title='bbox 1137 3094 1317 3207; x_wconf 70' lang='lat' dir='ltr'><strong>sanguinis</strong></span> <span class='ocrx_word' id='word_1_187' title='bbox 1331 3096 1485 3192; x_wconf 86' lang='lat' dir='ltr'><strong>pretium</strong></span> 
     </span>
     <span class='ocr_line' id='line_1_24' title="bbox 162 3211 1068 3314; baseline 0 -30"><span class='ocrx_word' id='word_1_188' title='bbox 162 3211 334 3303; x_wconf 73' lang='lat' dir='ltr'><strong>evitesdt,</strong></span> <span class='ocrx_word' id='word_1_189' title='bbox 359 3241 474 3312; x_wconf 88' lang='lat' dir='ltr'><strong>quum</strong></span> <span class='ocrx_word' id='word_1_190' title='bbox 489 3241 528 3288; x_wconf 87' lang='lat' dir='ltr'><strong>se</strong></span> <span class='ocrx_word' id='word_1_191' title='bbox 547 3215 708 3288; x_wconf 89' lang='lat' dir='ltr'><strong>moribus</strong></span> <span class='ocrx_word' id='word_1_192' title='bbox 724 3215 920 3314; x_wconf 86' lang='lat' dir='ltr'><strong>ignobilem</strong></span> <span class='ocrx_word' id='word_1_193' title='bbox 938 3217 1068 3288; x_wconf 83' lang='lat' dir='ltr'><strong>lecerit.</strong></span> 
     </span>
    </p>

    <p class='ocr_par' dir='ltr' id='par_1_3' title="bbox 103 3337 1485 3806">
     <span class='ocr_line' id='line_1_25' title="bbox 299 3337 1485 3436; baseline -0.002 -28"><span class='ocrx_word' id='word_1_194' title='bbox 299 3341 384 3412; x_wconf 87' lang='lat' dir='ltr'><strong>Post</strong></span> <span class='ocrx_word' id='word_1_195' title='bbox 406 3337 485 3412; x_wconf 80' lang='lat' dir='ltr'><strong>lraec</strong></span> <span class='ocrx_word' id='word_1_196' title='bbox 509 3365 569 3412; x_wconf 86' lang='lat' dir='ltr'><strong>rex</strong></span> <span class='ocrx_word' id='word_1_197' title='bbox 596 3339 761 3428; x_wconf 87' lang='lat' dir='ltr'><strong>Olavum,</strong></span> <span class='ocrx_word' id='word_1_198' title='bbox 793 3339 925 3412; x_wconf 87' lang='lat' dir='ltr'><strong>catenis</strong></span> <span class='ocrx_word' id='word_1_199' title='bbox 955 3343 1167 3412; x_wconf 78' lang='lat' dir='ltr'><strong>coercitum¹</strong></span> <span class='ocrx_word' id='word_1_200' title='bbox 1211 3339 1426 3436; x_wconf 74' lang='lat' dir='ltr'><strong>navigioque</strong></span> <span class='ocrx_word' id='word_1_201' title='bbox 1449 3337 1485 3408; x_wconf 91' lang='lat' dir='ltr'><strong>in</strong></span> 
     </span>
     <span class='ocr_line' id='line_1_26' title="bbox 103 3457 1485 3560; baseline -0.009 -26"><span class='ocrx_word' id='word_1_202' title='bbox 103 3511 108 3518; x_wconf 89' lang='lat'><em>-</em></span> <span class='ocrx_word' id='word_1_203' title='bbox 162 3460 370 3536; x_wconf 83' lang='lat' dir='ltr'><strong>Flundriem</strong></span> <span class='ocrx_word' id='word_1_204' title='bbox 405 3461 625 3560; x_wconf 83' lang='lat' dir='ltr'><strong>relegatum,</strong></span> <span class='ocrx_word' id='word_1_205' title='bbox 667 3461 837 3535; x_wconf 85' lang='lat' dir='ltr'><strong>carcerali</strong></span> <span class='ocrx_word' id='word_1_206' title='bbox 866 3457 1032 3537; x_wconf 75' lang='lat' dir='ltr'><strong>custodie</strong></span> <span class='ocrx_word' id='word_1_207' title='bbox 1061 3459 1305 3534; x_wconf 88' lang='lat' dir='ltr'><strong>mandandum</strong></span> <span class='ocrx_word' id='word_1_208' title='bbox 1340 3459 1485 3530; x_wconf 87' lang='lat' dir='ltr'><strong>curavit.</strong></span> 
     </span>
     <span class='ocr_line' id='line_1_27' title="bbox 162 3585 1485 3684; baseline -0.003 -28"><span class='ocrx_word' id='word_1_209' title='bbox 162 3587 281 3682; x_wconf 86' lang='lat' dir='ltr'><strong>Cujus</strong></span> <span class='ocrx_word' id='word_1_210' title='bbox 302 3587 505 3682; x_wconf 84' lang='lat' dir='ltr'><strong>captionem</strong></span> <span class='ocrx_word' id='word_1_211' title='bbox 524 3587 698 3682; x_wconf 82' lang='lat' dir='ltr'><strong>conjurati</strong></span> <span class='ocrx_word' id='word_1_212' title='bbox 722 3611 851 3684; x_wconf 89' lang='lat' dir='ltr'><strong>parum</strong></span> <span class='ocrx_word' id='word_1_213' title='bbox 878 3585 973 3658; x_wconf 79' lang='lat' dir='ltr'><strong>sarm</strong></span> <span class='ocrx_word' id='word_1_214' title='bbox 995 3603 1056 3658; x_wconf 87' lang='lat' dir='ltr'><strong>aut</strong></span> <span class='ocrx_word' id='word_1_215' title='bbox 1070 3591 1202 3658; x_wconf 89' lang='lat' dir='ltr'><strong>nuncio</strong></span> <span class='ocrx_word' id='word_1_216' title='bbox 1221 3585 1377 3680; x_wconf 79' lang='lat' dir='ltr'><strong>experti,</strong></span> <span class='ocrx_word' id='word_1_217' title='bbox 1408 3603 1485 3676; x_wconf 86' lang='lat' dir='ltr'><strong>quo</strong></span> 
     </span>
     <span class='ocr_line' id='line_1_28' title="bbox 159 3703 1485 3806; baseline -0.005 -26"><span class='ocrx_word' id='word_1_218' title='bbox 159 3703 329 3780; x_wconf 82' lang='lat' dir='ltr'><strong>callidius</strong></span> <span class='ocrx_word' id='word_1_219' title='bbox 345 3711 537 3784; x_wconf 80' lang='lat' dir='ltr'><strong>exercitum</strong></span> <span class='ocrx_word' id='word_1_220' title='bbox 556 3707 745 3796; x_wconf 79' lang='lat' dir='ltr'><strong>solverent,</strong></span> <span class='ocrx_word' id='word_1_221' title='bbox 773 3713 918 3782; x_wconf 86' lang='lat' dir='ltr'><strong>inertem</strong></span> <span class='ocrx_word' id='word_1_222' title='bbox 934 3711 1027 3806; x_wconf 85' lang='lat' dir='ltr'><strong>regis</strong></span> <span class='ocrx_word' id='word_1_223' title='bbox 1052 3733 1191 3784; x_wconf 85' lang='lat' dir='ltr'><strong>moram</strong></span> <span class='ocrx_word' id='word_1_224' title='bbox 1214 3705 1485 3802; x_wconf 80' lang='lat' dir='ltr'><strong>absentiumque</strong></span> 
     </span>
    </p>
   </div>
   <div class='ocr_carea' id='block_1_3' title="bbox 156 4019 1508 4962">
    <p class='ocr_par' dir='ltr' id='par_1_4' title="bbox 156 4019 1508 4962">
     <span class='ocr_line' id='line_1_29' title="bbox 210 4019 1486 4106; baseline -0.005 -18"><span class='ocrx_word' id='word_1_225' title='bbox 210 4031 217 4061; x_wconf 84' lang='lat'>¹</span> <span class='ocrx_word' id='word_1_226' title='bbox 236 4025 362 4088; x_wconf 76' lang='lat' dir='ltr'><strong>Olenum</strong></span> <span class='ocrx_word' id='word_1_227' title='bbox 388 4030 499 4087; x_wconf 67' lang='lat' dir='ltr'><strong>carenti</strong></span> <span class='ocrx_word' id='word_1_228' title='bbox 523 4021 690 4106; x_wconf 69' lang='lat' dir='ltr'><strong>curceium]</strong></span> <span class='ocrx_word' id='word_1_229' title='bbox 716 4031 796 4088; x_wconf 89' lang='lat' dir='ltr'><strong>Con·</strong></span> <span class='ocrx_word' id='word_1_230' title='bbox 852 4027 1012 4102; x_wconf 74' lang='lat' dir='ltr'><strong>Carnutum,</strong></span> <span class='ocrx_word' id='word_1_231' title='bbox 1027 4023 1078 4086; x_wconf 87' lang='lat' dir='ltr'><strong>sed</strong></span> <span class='ocrx_word' id='word_1_232' title='bbox 1093 4022 1254 4088; x_wconf 78' lang='lat' dir='ltr'><strong>Olarums</strong></span> <span class='ocrx_word' id='word_1_233' title='bbox 1275 4023 1370 4084; x_wconf 73' lang='lat' dir='ltr'><strong>elcese</strong></span> <span class='ocrx_word' id='word_1_234' title='bbox 1381 4019 1486 4105; x_wconf 84' lang='lat' dir='ltr'><strong>prose-</strong></span> 
     </span>
     <span class='ocr_line' id='line_1_30' title="bbox 156 4127 1485 4215; baseline -0.002 -22"><span class='ocrx_word' id='word_1_235' title='bbox 156 4129 299 4194; x_wconf 69' lang='lat' dir='ltr'><strong>centiunt</strong></span> <span class='ocrx_word' id='word_1_236' title='bbox 321 4129 442 4215; x_wconf 87' lang='lat' dir='ltr'><strong>quidem</strong></span> <span class='ocrx_word' id='word_1_237' title='bbox 468 4131 631 4194; x_wconf 85' lang='lat' dir='ltr'><strong>AEluothus</strong></span> <span class='ocrx_word' id='word_1_238' title='bbox 652 4144 683 4194; x_wconf 86' lang='lat' dir='ltr'><strong>et</strong></span> <span class='ocrx_word' id='word_1_239' title='bbox 708 4146 797 4194; x_wconf 85' lang='lat' dir='ltr'><strong>autor</strong></span> <span class='ocrx_word' id='word_1_240' title='bbox 853 4145 935 4194; x_wconf 88' lang='lat' dir='ltr'><strong>ctum</strong></span> <span class='ocrx_word' id='word_1_241' title='bbox 954 4131 1121 4194; x_wconf 85' lang='lat' dir='ltr'><strong>Slesricum</strong></span> <span class='ocrx_word' id='word_1_242' title='bbox 1133 4127 1240 4192; x_wconf 83' lang='lat' dir='ltr'><strong>abiisse</strong></span> <span class='ocrx_word' id='word_1_243' title='bbox 1257 4131 1371 4191; x_wconf 90' lang='lat' dir='ltr'><strong>rolnnt.</strong></span> <span class='ocrx_word' id='word_1_244' title='bbox 1410 4131 1485 4190; x_wconf 85' lang='lat' dir='ltr'><strong>Nar-</strong></span> 
     </span>
     <span class='ocr_line' id='line_1_31' title="bbox 158 4234 1485 4321; baseline -0.002 -21"><span class='ocrx_word' id='word_1_245' title='bbox 158 4234 301 4300; x_wconf 73' lang='lat' dir='ltr'><strong>historin</strong></span> <span class='ocrx_word' id='word_1_246' title='bbox 321 4237 555 4321; x_wconf 74' lang='lat' dir='ltr'><strong>ilnytlingorum</strong></span> <span class='ocrx_word' id='word_1_247' title='bbox 581 4257 648 4300; x_wconf 84' lang='lat' dir='ltr'><strong>cura</strong></span> <span class='ocrx_word' id='word_1_248' title='bbox 679 4241 797 4302; x_wconf 81' lang='lat' dir='ltr'><strong>Saxone</strong></span> <span class='ocrx_word' id='word_1_249' title='bbox 854 4239 933 4300; x_wconf 87' lang='lat' dir='ltr'><strong>ratio</strong></span> <span class='ocrx_word' id='word_1_250' title='bbox 950 4237 1075 4304; x_wconf 82' lang='lat' dir='ltr'><strong>Saxonis</strong></span> <span class='ocrx_word' id='word_1_251' title='bbox 1090 4235 1185 4319; x_wconf 80' lang='lat' dir='ltr'><strong>magis</strong></span> <span class='ocrx_word' id='word_1_252' title='bbox 1199 4235 1341 4314; x_wconf 85' lang='lat' dir='ltr'><strong>illustrat,</strong></span> <span class='ocrx_word' id='word_1_253' title='bbox 1361 4257 1414 4298; x_wconf 88' lang='lat' dir='ltr'><strong>eur</strong></span> <span class='ocrx_word' id='word_1_254' title='bbox 1429 4237 1485 4298; x_wconf 82' lang='lat' dir='ltr'><strong>Ca·</strong></span> 
     </span>
     <span class='ocr_line' id='line_1_32' title="bbox 157 4341 1485 4432; baseline 0.002 -28"><span class='ocrx_word' id='word_1_255' title='bbox 157 4345 194 4404; x_wconf 89' lang='lat' dir='ltr'><strong>in</strong></span> <span class='ocrx_word' id='word_1_256' title='bbox 211 4363 260 4420; x_wconf 85' lang='lat' dir='ltr'><strong>eo,</strong></span> <span class='ocrx_word' id='word_1_257' title='bbox 280 4342 363 4428; x_wconf 89' lang='lat' dir='ltr'><strong>qnod</strong></span> <span class='ocrx_word' id='word_1_258' title='bbox 379 4345 512 4406; x_wconf 80' lang='lat' dir='ltr'><strong>Conutns</strong></span> <span class='ocrx_word' id='word_1_259' title='bbox 532 4343 662 4408; x_wconf 83' lang='lat' dir='ltr'><strong>Olarum</strong></span> <span class='ocrx_word' id='word_1_260' title='bbox 687 4345 798 4406; x_wconf 84' lang='lat' dir='ltr'><strong>Slesri·</strong></span> <span class='ocrx_word' id='word_1_261' title='bbox 855 4357 945 4406; x_wconf 88' lang='lat' dir='ltr'><strong>nutus</strong></span> <span class='ocrx_word' id='word_1_262' title='bbox 973 4344 1103 4409; x_wconf 81' lang='lat' dir='ltr'><strong>Olorem</strong></span> <span class='ocrx_word' id='word_1_263' title='bbox 1131 4363 1202 4408; x_wconf 80' lang='lat' dir='ltr'><strong>mox</strong></span> <span class='ocrx_word' id='word_1_264' title='bbox 1230 4355 1264 4404; x_wconf 86' lang='lat' dir='ltr'><strong>nt</strong></span> <span class='ocrx_word' id='word_1_265' title='bbox 1294 4341 1485 4432; x_wconf 83' lang='lat' dir='ltr'><strong>proditorem</strong></span> 
     </span>
     <span class='ocr_line' id='line_1_33' title="bbox 157 4445 1485 4534; baseline 0 -24"><span class='ocrx_word' id='word_1_266' title='bbox 157 4450 207 4526; x_wconf 90' lang='lat' dir='ltr'><strong>ci,</strong></span> <span class='ocrx_word' id='word_1_267' title='bbox 230 4467 289 4510; x_wconf 87' lang='lat' dir='ltr'><strong>ceu</strong></span> <span class='ocrx_word' id='word_1_268' title='bbox 308 4445 445 4534; x_wconf 73' lang='lat' dir='ltr'><strong>perfidiae</strong></span> <span class='ocrx_word' id='word_1_269' title='bbox 467 4469 569 4526; x_wconf 83' lang='lat' dir='ltr'><strong>reum,</strong></span> <span class='ocrx_word' id='word_1_270' title='bbox 599 4449 797 4532; x_wconf 79' lang='lat' dir='ltr'><strong>compedibus</strong></span> <span class='ocrx_word' id='word_1_271' title='bbox 856 4449 962 4511; x_wconf 82' lang='lat' dir='ltr'><strong>vinciri</strong></span> <span class='ocrx_word' id='word_1_272' title='bbox 982 4449 1114 4532; x_wconf 83' lang='lat' dir='ltr'><strong>jusserit.</strong></span> <span class='ocrx_word' id='word_1_273' title='bbox 1169 4449 1420 4512; x_wconf 81' lang='lat' dir='ltr'><strong>AElnothusrero</strong></span> <span class='ocrx_word' id='word_1_274' title='bbox 1438 4469 1485 4510; x_wconf 89' lang='lat' dir='ltr'><strong>er-</strong></span> 
     </span>
     <span class='ocr_line' id='line_1_34' title="bbox 156 4553 1485 4640; baseline 0 -22"><span class='ocrx_word' id='word_1_275' title='bbox 156 4555 273 4618; x_wconf 70' lang='lat' dir='ltr'><strong>ninciri</strong></span> <span class='ocrx_word' id='word_1_276' title='bbox 296 4567 327 4616; x_wconf 88' lang='lat' dir='ltr'><strong>et</strong></span> <span class='ocrx_word' id='word_1_277' title='bbox 344 4556 376 4618; x_wconf 92' lang='lat' dir='ltr'><strong>in</strong></span> <span class='ocrx_word' id='word_1_278' title='bbox 401 4553 575 4618; x_wconf 83' lang='lat' dir='ltr'><strong>Flandriam</strong></span> <span class='ocrx_word' id='word_1_279' title='bbox 600 4553 709 4620; x_wconf 79' lang='lat' dir='ltr'><strong>deduci</strong></span> <span class='ocrx_word' id='word_1_280' title='bbox 735 4555 796 4636; x_wconf 88' lang='lat' dir='ltr'><strong>jus·</strong></span> <span class='ocrx_word' id='word_1_281' title='bbox 853 4567 912 4632; x_wconf 87' lang='lat' dir='ltr'><strong>rat,</strong></span> <span class='ocrx_word' id='word_1_282' title='bbox 930 4553 1001 4616; x_wconf 90' lang='lat' dir='ltr'><strong>dum</strong></span> <span class='ocrx_word' id='word_1_283' title='bbox 1020 4553 1144 4618; x_wconf 80' lang='lat' dir='ltr'><strong>classem</strong></span> <span class='ocrx_word' id='word_1_284' title='bbox 1160 4557 1309 4640; x_wconf 86' lang='lat' dir='ltr'><strong>permissu</strong></span> <span class='ocrx_word' id='word_1_285' title='bbox 1325 4557 1409 4640; x_wconf 82' lang='lat' dir='ltr'><strong>regio</strong></span> <span class='ocrx_word' id='word_1_286' title='bbox 1424 4555 1485 4618; x_wconf 78' lang='lat' dir='ltr'><strong>dir-</strong></span> 
     </span>
     <span class='ocr_line' id='line_1_35' title="bbox 156 4657 1483 4744; baseline -0.003 -20"><span class='ocrx_word' id='word_1_287' title='bbox 156 4661 245 4724; x_wconf 77' lang='lat' dir='ltr'><strong>serit.</strong></span> <span class='ocrx_word' id='word_1_288' title='bbox 288 4659 349 4722; x_wconf 85' lang='lat' dir='ltr'><strong>Sed</strong></span> <span class='ocrx_word' id='word_1_289' title='bbox 364 4658 523 4722; x_wconf 57' lang='lat' dir='ltr'><strong>macedum</strong></span> <span class='ocrx_word' id='word_1_290' title='bbox 543 4664 702 4739; x_wconf 84' lang='lat' dir='ltr'><strong>aSaxone,</strong></span> <span class='ocrx_word' id='word_1_291' title='bbox 723 4683 796 4744; x_wconf 81' lang='lat' dir='ltr'><strong>qna·</strong></span> <span class='ocrx_word' id='word_1_292' title='bbox 852 4661 982 4721; x_wconf 84' lang='lat' dir='ltr'><strong>solutam</strong></span> <span class='ocrx_word' id='word_1_293' title='bbox 1000 4657 1093 4724; x_wconf 84' lang='lat' dir='ltr'><strong>luisse</strong></span> <span class='ocrx_word' id='word_1_294' title='bbox 1113 4660 1220 4724; x_wconf 82' lang='lat' dir='ltr'><strong>scribit</strong></span> <span class='ocrx_word' id='word_1_295' title='bbox 1240 4661 1313 4724; x_wconf 71' lang='lat' dir='ltr'><strong>trid.</strong></span> <span class='ocrx_word' id='word_1_296' title='bbox 1328 4665 1405 4724; x_wconf 87' lang='lat' dir='ltr'><strong>Hist.</strong></span> <span class='ocrx_word' id='word_1_297' title='bbox 1419 4684 1483 4744; x_wconf 81' lang='lat' dir='ltr'><strong>reg.</strong></span> 
     </span>
     <span class='ocr_line' id='line_1_36' title="bbox 158 4765 1484 4854; baseline 0.002 -25"><span class='ocrx_word' id='word_1_298' title='bbox 158 4779 250 4830; x_wconf 82' lang='lat' dir='ltr'><strong>tenes</strong></span> <span class='ocrx_word' id='word_1_299' title='bbox 271 4767 404 4832; x_wconf 76' lang='lat' dir='ltr'><strong>olavum</strong></span> <span class='ocrx_word' id='word_1_300' title='bbox 433 4789 494 4832; x_wconf 92' lang='lat' dir='ltr'><strong>non</strong></span> <span class='ocrx_word' id='word_1_301' title='bbox 523 4767 659 4844; x_wconf 81' lang='lat' dir='ltr'><strong>Slesrici,</strong></span> <span class='ocrx_word' id='word_1_302' title='bbox 679 4767 731 4829; x_wconf 85' lang='lat' dir='ltr'><strong>sed</strong></span> <span class='ocrx_word' id='word_1_303' title='bbox 764 4768 795 4828; x_wconf 90' lang='lat' dir='ltr'><strong>in</strong></span> <span class='ocrx_word' id='word_1_304' title='bbox 853 4768 1023 4828; x_wconf 78' lang='lat' dir='ltr'><strong>Noenrol.</strong></span> <span class='ocrx_word' id='word_1_305' title='bbox 1041 4771 1077 4828; x_wconf 91' lang='lat' dir='ltr'><strong>ill</strong></span> <span class='ocrx_word' id='word_1_306' title='bbox 1100 4792 1129 4854; x_wconf 92' lang='lat' dir='ltr'><strong>p.</strong></span> <span class='ocrx_word' id='word_1_307' title='bbox 1146 4765 1230 4847; x_wconf 81' lang='lat'><strong>186).</strong></span> <span class='ocrx_word' id='word_1_308' title='bbox 1272 4773 1348 4832; x_wconf 88' lang='lat' dir='ltr'><strong>Cum</strong></span> <span class='ocrx_word' id='word_1_309' title='bbox 1366 4773 1484 4834; x_wconf 80' lang='lat' dir='ltr'><strong>Saxone</strong></span> 
     </span>
     <span class='ocr_line' id='line_1_37' title="bbox 157 4872 1508 4962; baseline 0.003 -30"><span class='ocrx_word' id='word_1_310' title='bbox 157 4873 227 4956; x_wconf 81' lang='lat' dir='ltr'><strong>ipsa</strong></span> <span class='ocrx_word' id='word_1_311' title='bbox 245 4873 341 4936; x_wconf 82' lang='lat' dir='ltr'><strong>classe</strong></span> <span class='ocrx_word' id='word_1_312' title='bbox 361 4887 531 4937; x_wconf 82' lang='lat' dir='ltr'><strong>morantem</strong></span> <span class='ocrx_word' id='word_1_313' title='bbox 544 4872 670 4950; x_wconf 80' lang='lat' dir='ltr'><strong>laniunt,</strong></span> <span class='ocrx_word' id='word_1_314' title='bbox 698 4893 797 4956; x_wconf 85' lang='lat' dir='ltr'><strong>neque</strong></span> <span class='ocrx_word' id='word_1_315' title='bbox 860 4875 985 4938; x_wconf 90' lang='lat' dir='ltr'><strong>omnino</strong></span> <span class='ocrx_word' id='word_1_316' title='bbox 1003 4873 1076 4938; x_wconf 78' lang='lat' dir='ltr'><strong>lacit</strong></span> <span class='ocrx_word' id='word_1_317' title='bbox 1092 4876 1194 4940; x_wconf 74' lang='lat' dir='ltr'><strong>sveno</strong></span> <span class='ocrx_word' id='word_1_318' title='bbox 1209 4876 1417 4962; x_wconf 71' lang='lat' dir='ltr'><strong>Aggoniscep.</strong></span> <span class='ocrx_word' id='word_1_319' title='bbox 1433 4879 1482 4938; x_wconf 77' lang='lat' dir='ltr'><strong>tt.</strong></span> <span class='ocrx_word' id='word_1_320' title='bbox 1502 4878 1508 4889; x_wconf 96' lang='grc'><strong>’</strong></span> 
     </span>
    </p>
   </div>
   <div class='ocr_carea' id='block_1_4' title="bbox 0 0 1796 5466">
    <p class='ocr_par' dir='ltr' id='par_1_5' title="bbox 0 0 1796 5466">
     <span class='ocr_line' id='line_1_38' title="bbox 0 0 1796 5466; baseline 0 2"><span class='ocrx_word' id='word_1_321' title='bbox 0 0 1796 5466; x_wconf 95' lang='lat' dir='ltr'><strong> </strong></span> 
     </span>
    </p>
   </div>
  </div>
 </body>
</html>
