3582 5466
273 387 275 390 Ι
358 285 432 358 570
701 281 880 354 fflsrolt.
895 281 1002 352 DAN.
1017 281 1156 352 LIBER
1170 281 1230 352 xl.

310 512 439 574 austera
456 519 544 572 vero
565 489 740 568 occidenti
764 490 887 566 classis
920 488 1117 588 appulerat.
1178 491 1243 564 llic
1264 489 1390 566 franca
1413 488 1512 588 apud
1530 511 1617 562 suos

194 678 197 691 ,
310 625 467 718 quisque
487 612 643 691 fautores
664 614 812 690 diversis
835 615 871 686 in
892 613 981 686 locis
996 615 1191 686 concionati
1208 631 1300 688 sunt
1361 617 1466 686 Tune
1484 609 1618 684 llaral-

313 742 394 836 dus,
410 757 537 816 vomto
551 762 775 814 assensurum
791 734 960 827 concilio,
992 760 1223 834 nequaquam
1240 735 1532 810 contumeliosam
1549 731 1618 807 sibi

307 865 431 964 fratris
447 861 690 962 praelationem
708 858 820 934 videri
837 857 956 949 relert,
973 859 1003 931 si
1018 883 1092 930 uon
1105 883 1187 932 eum
1202 857 1370 958 dignitate
1385 861 1619 956 posteriorem

314 1011 392 1062 sors
409 991 487 1084 ipsa
503 980 672 1058 nascendi
692 981 844 1074 fecisset,
868 981 1116 1080 majoremque
1140 1005 1163 1054 a
1183 984 1321 1056 minore
1344 983 1503 1082 superori
1526 975 1619 1050 ridi-

316 1108 438 1184 culum
455 1123 556 1182 esset.
582 1109 649 1197 Qui
668 1106 734 1178 etsi
753 1106 901 1178 virtute¹
923 1106 1096 1177 maturior
1112 1102 1301 1196 videretur,
1319 1129 1358 1179 se
1374 1121 1493 1180 tamen
1509 1115 1619 1174 natu-

316 1257 366 1304 rae
383 1228 510 1302 ordine
536 1228 720 1324 aetatisque
734 1225 922 1324 privilegio
942 1229 1092 1300 vincere.
1144 1229 1313 1300 Praeterea
1328 1225 1515 1324 indignum
1531 1221 1621 1308 fore,

317 1355 450 1426 civium
476 1349 527 1422 illi
551 1350 771 1422 vexationem
804 1348 1058 1448 objectumque
1079 1333 1249 1446 periculis
1267 1353 1418 1449 patriam
1438 1344 1620 1442 suffragari

318 1474 464 1566 debere,
476 1497 552 1548 suae
568 1495 653 1546 vero
670 1473 888 1570 provectioni
904 1487 1080 1546 servatam
1090 1474 1126 1542 in
1136 1495 1260 1546 omnes
1274 1471 1494 1546 clementiam
1509 1467 1620 1543 obes-

319 1621 374 1689 se,
398 1621 464 1668 nec
479 1601 526 1670 ita
541 1597 664 1669 merita
679 1594 727 1666 ab
744 1595 795 1668 eis
811 1593 1018 1668 aestimanda
1039 1593 1127 1685 fore,
1153 1611 1193 1668 ut
1217 1598 1376 1672 miserias
1398 1617 1483 1668 suas
1511 1593 1622 1690 gratia

320 1719 489 1794 felicitatis
507 1716 650 1816 repulsa
663 1741 815 1816 pensare
830 1722 986 1815 cupiant
1045 1721 1134 1790 Nam
1153 1722 1376 1818 ingratorum
1391 1715 1485 1790 hanc
1505 1711 1623 1784 maxi-

321 1865 380 1916 me
395 1840 664 1916 vicissitudinem
673 1865 762 1914 esse.
813 1837 968 1932 Adhaec,
985 1844 1013 1913 si
1023 1863 1199 1914 summam
1215 1857 1438 1939 assequatur,
1450 1838 1626 1934 impiaste

320 1961 418 2063 leges
433 1962 702 2061 abrogaturum,
715 1961 869 2037 blandas
882 1955 1115 2062 placidasque
1128 1989 1198 2063 pro
1221 1988 1346 2036 eorum
1366 1960 1511 2036 arbitrio
1527 1957 1626 2030 latu-

323 2111 406 2160 rum
431 2089 614 2185 promittit.
675 2089 774 2160 Tanti
797 2088 904 2186 igitur
920 2105 1067 2186 tamque
1090 2090 1198 2184 optati
1226 2083 1402 2157 commodi
1420 2083 1626 2182 promisso-

323 2233 400 2282 rem
419 2211 555 2299 concio,
569 2209 741 2307 pestiferis
757 2211 837 2308 ejus
858 2209 1039 2282 blanditiis
1053 2210 1205 2300 invitata,
1228 2233 1350 2308 regem
1371 2205 1539 2306 appellat,
1554 2229 1629 2302 pa-

324 2349 463 2406 ternum
492 2330 541 2403 illi
571 2357 722 2432 regnum
751 2331 934 2424 deferens,
976 2332 1081 2430 cujus
1104 2332 1237 2402 inertiae
1266 2345 1492 2429 contemptus
1514 2329 1629 2426 magis

324 2479 435 2552 quam
452 2453 546 2530 ullus
563 2453 679 2529 honos
697 2470 759 2528 aut
773 2459 883 2553 gratia
897 2454 1020 2527 referri
1035 2453 1216 2526 debuerat.
1284 2456 1407 2552 ltaque
1423 2451 1548 2552 populi
1564 2450 1628 2523 fa-

325 2602 392 2651 vor
412 2577 578 2652 orationis
602 2579 770 2652 suavitate
790 2593 990 2675 praereptus
1013 2573 1097 2674 plus
1121 2573 1310 2650 fallacibus
1343 2579 1423 2676 ejus
1446 2577 1633 2674 promissis

324 2725 435 2800 quam
454 2705 591 2773 invictae
606 2701 734 2774 Canuti
751 2698 942 2773 tortitudini
960 2700 1131 2796 praestitit.
1183 2698 1461 2800 lgiturlrateruae
1479 2713 1632 2772 conten-

325 2824 428 2896 tionis
442 2838 628 2912 certamen,
642 2822 738 2896 varia
755 2826 987 2896 assentatione
1001 2819 1211 2914 subnixum,
1235 2823 1309 2896 sine
1332 2824 1473 2896 arbitris
1492 2835 1552 2892 aut
1562 2821 1633 2917 ju-

204 3029 205 3039 ,
325 2944 464 3018 dicibus
489 2943 574 3018 solis
590 2946 746 3041 partium
762 2943 938 3042 sullragiis
951 2940 1151 3041 gerebatur.
1204 2945 1338 3018 Verum
1353 2943 1541 3034 Haraldus,
1557 2947 1635 3016 lm-

326 3073 450 3166 peritae
466 3065 698 3140 multitudiuis
714 3091 836 3140 errore
849 3064 1024 3158 suffultus,
1049 3092 1132 3139 mox
1157 3091 1225 3163 per
1246 3063 1381 3165 legatos
1404 3065 1500 3141 fratri
1523 3093 1632 3141 man-

328 3189 399 3281 alat,
423 3213 469 3261 ne
497 3187 676 3261 decretam
703 3188 830 3286 majori
845 3213 1022 3261 sommam
1046 3187 1194 3276 ambiat,
1226 3213 1382 3286 eumque
1405 3187 1544 3264 honore
1565 3191 1637 3265 sihi

329 3328 533 3412 postponat,
560 3335 667 3408 quern
682 3309 847 3384 nascendi
864 3315 952 3384 serie
968 3312 1124 3409 priorem
1141 3313 1236 3401 sciat,
1262 3337 1353 3385 neve
1373 3337 1523 3412 reguum
1548 3340 1637 3387 ma·-

328 3439 450 3534 jorum
465 3432 654 3513 virtutibus
671 3431 882 3508 illustratum
900 3433 1099 3507 domesticae
1125 3449 1233 3530 atque
1254 3435 1421 3509 intestinae
1445 3437 1636 3514 discordia:

329 3555 427 3632 bello
442 3571 658 3654 corrumpat,
684 3581 750 3628 nec
768 3559 967 3655 peruiciosa
983 3554 1155 3628 seditione
1180 3555 1346 3632 dividuos
1369 3565 1489 3658 patriae
1513 3577 1636 3636 motus

329 3683 486 3772 incutiat,
510 3677 576 3754 sed
590 3685 710 3776 potius
725 3679 890 3760 clausum,
905 3680 1084 3754 ambitioni
1105 3687 1261 3754 animum
1286 3699 1397 3778 gerat,
1422 3681 1638 3779 abjectaque

329 3805 521 3878 temeritate
540 3804 780 3900 competitoris
805 3809 878 3893 sui,
911 3803 1179 3901 suffragatorem
1206 3827 1312 3902 agere
1335 3829 1408 3877 nou
1434 3803 1637 3877 erubeseat.

329 3925 490 4025 Adjectae
524 3929 664 3999 monitis
701 3933 805 4000 minae
853 3924 1092 4023 mandataque
1123 3942 1298 3996 nontam
1327 3924 1505 3998 blanditiis
1534 3932 1638 4023 pacis

331 4075 442 4146 quam
465 4047 551 4121 belli
577 4055 798 4122 irritamentis
822 4050 1000 4120 instructa.
1060 4053 1231 4119 Praeterea
1256 4046 1448 4146 plerosque
1472 4047 1639 4121 fraternas

332 4177 441 4268 partis
457 4171 633 4263 lautores,
649 4168 769 4266 legum
786 4169 1029 4242 crutendationc
1053 4167 1301 4270 liberiorisque
1323 4175 1400 4244 vitae
1418 4169 1641 4270 jucunditate

332 4299 527 4390 promissa,
548 4322 615 4394 per
635 4293 849 4367 subornatos
871 4295 905 4366 iu
933 4295 1082 4392 gratiam
1109 4319 1209 4367 suam
1234 4291 1460 4367 solicitaudos
1490 4299 1641 4368 curavit.

333 4419 419 4490 ltaa
442 4417 581 4491 Canuto
607 4416 706 4517 vulgi
733 4420 872 4490 auiroos
896 4417 1024 4514 partim
1048 4441 1154 4514 spes,
1180 4419 1309 4515 partim
1336 4431 1452 4490 metus
1479 4417 1641 4490 avertit2.

332 4732 489 4794 subsidunt
515 4756 600 4818 aquae
616 4735 653 4794 lu
669 4735 735 4816 ipso
754 4759 820 4797 srnu
843 4749 873 4800 et
893 4753 956 4798 aaa·
1061 4729 1217 4812 ¹Vr'rtatc]
1235 4732 1290 4796 Ed.
1310 4757 1357 4816 pr.
1376 4733 1468 4796 habet
1484 4737 1598 4796 ar'rtutr'·

333 4861 381 4900 tras
394 4837 554 4902 nudantur.
576 4838 668 4920 (calc.
682 4844 793 4904 Larsou
809 4844 826 4903 l.
845 4840 883 4923 c.)
1059 4853 1068 4876 ·'
1082 4845 1112 4901 A
1126 4840 1239 4904 Cartala
1259 4843 1343 4924 vulgi
1356 4845 1466 4904 animos
1486 4883 1509 4900 ..
1532 4864 1598 4926 spes
1619 4885 1647 4899 ..
