3508 5460
614 317 943 390 WALDEMARUS
960 317 983 388 1.
1331 317 1405 392 829

147 531 360 624 contemptis
381 522 692 620 Corvegiensibus,
716 528 898 622 pensionis
915 549 1092 598 summam
1110 525 1299 600 transferre
1321 547 1454 622 coepe-

145 667 238 741 runt,
264 648 493 733 affirmantes,
519 642 715 719 domestico
740 649 817 720 Vito
843 641 1027 722 coutento's
1051 661 1195 718 externo
1216 647 1368 746 obsequi
1383 675 1457 722 uon

145 789 327 874 oportere.
379 765 622 862 Quamobrem
647 769 782 860 Vitam,
808 772 971 844 veniente
985 774 1037 844 sui
1064 767 1232 843 sollennia
1260 777 1459 870 tempore¹,

146 919 274 970 eorum
299 895 429 968 ruoeuia
452 908 690 988 turparurum,
714 913 736 963 a
759 892 894 992 quibus
909 909 982 965 tam
1001 890 1152 965 similem
1177 911 1334 966 monstro
1356 895 1457 995 figu-

147 1043 224 1093 ram
248 1023 431 1115 acceperit.
492 1015 619 1087 Merito
645 1035 803 1112 namque
823 1039 908 1086 eum
932 1011 981 1086 ab
1007 1012 1063 1088 his
1088 1014 1299 1112 injuriarum
1329 1041 1460 1115 poenas

150 1145 292 1240 exigere
312 1138 457 1229 debere,
482 1142 544 1236 qui
566 1133 806 1210 venerabilem
825 1138 904 1236 ejus
926 1141 1133 1209 memoriam
1160 1136 1334 1238 sacrilego
1358 1137 1458 1212 cultu

150 1261 328 1360 complexi
353 1261 507 1335 fuerunt.
572 1265 650 1334 Hoc
669 1281 709 1334 se
732 1284 806 1335 non
832 1287 875 1334 ex
897 1261 1116 1334 somniorum
1136 1275 1196 1331 aut
1216 1285 1337 1333 rerum
1360 1263 1458 1334 acci-

150 1383 309 1458 dentium
328 1385 556 1482 conjecturis,
580 1381 646 1456 sed
664 1383 742 1456 sola
759 1384 1000 1484 praesagientis
1017 1382 1124 1454 animi
1148 1383 1334 1481 sagacitate
1350 1382 1460 1456 colli-

152 1531 238 1606 gere
257 1506 462 1580 testabatur.
515 1505 770 1580 Admirabilior
801 1511 934 1582 cunctis
959 1529 1070 1604 quam
1098 1502 1304 1578 credibilior
1319 1505 1459 1604 praedi-

150 1635 219 1703 ctio
235 1633 381 1702 extitit².
432 1633 477 1702 Et
490 1631 661 1728 quoniam
677 1627 794 1705 insula
809 1625 1058 1720 Archonensis,
1074 1651 1156 1728 quae
1170 1625 1349 1702 Withora³
1367 1628 1460 1703 dici-

154 1923 242 1988 minis
257 1927 414 2008 Srq'atanit
431 1925 539 2012 procul
560 1923 652 1988 dubio
673 1923 705 1986 in
722 1925 780 1987 lin·
839 1923 924 1988 endis
940 1925 1085 1989 machinis
1101 1939 1324 2012 opportunam,
1353 1907 1462 2014 magna

154 2031 220 2115 guis
248 2030 374 2094 Slaricis
404 2029 546 2117 petendas
571 2043 661 2112 sunt3
692 2051 717 2092 r.
739 2035 780 2094 Μ.
838 2051 907 2094 cum
947 2033 1040 2096 totius
1083 2035 1232 2098 exercitus
1275 2033 1464 2119 fatigatione,

154 2139 295 2217 Freucel,
319 2137 356 2200 de
377 2135 468 2201 idolis
482 2139 600 2202 Slsror.
619 2137 689 2200 diss.
713 2141 725 2199 l
746 2139 780 2204 dt
838 2139 1018 2224 propinquis
1039 2159 1056 2203 e
1077 2141 1168 2222 sylvis
1189 2139 1352 2225 petendam
1378 2159 1465 2204 cura·

154 2245 180 2305 ll
197 2265 245 2328 ap.
264 2241 448 2320 Hoffmann,
464 2245 576 2329 Seript.
596 2247 667 2306 Rer.
679 2247 783 2308 Lusat.
839 2241 916 2323 rit,’'
940 2265 1038 2328 usque
1051 2244 1202 2310 dubitatio
1219 2247 1295 2329 ejus,
1310 2243 1368 2309 ”an
1384 2247 1464 2332 ignia

156 2353 193 2412 ¹1¹.
205 2352 232 2412 ll
253 2373 284 2435 p.
297 2345 339 2412 68
353 2371 418 2435 sqq.
437 2347 494 2412 clr.
507 2351 608 2414 Gram.
626 2349 658 2412 in
672 2355 783 2414 bieurs.
840 2351 936 2412 ullum
961 2350 1179 2434 expugnationi
1204 2365 1393 2415 momentum
1413 2353 1466 2416 ad·
1540 2355 1545 2367 '

156 2449 216 2516 962
236 2476 282 2540 sq.
302 2439 433 2540 Langeb.
445 2458 511 2520 Sor.
524 2459 562 2520 tt
576 2461 654 2522 Dan.
669 2461 700 2535 Ι,
718 2455 781 2522 527
839 2453 978 2539 jiceret,”
996 2477 1065 2520 cum
1078 2457 1272 2541 peroratione
1285 2457 1337 2520 illa
1355 2457 1467 2544 praedi·

157 2573 220 2622 not.
233 2583 260 2644 y.
276 2561 371 2624 Suhm
383 2565 493 2626 Danu.
507 2565 586 2627 Hist.
601 2567 637 2642 ll,
661 2561 719 2628 132
734 2585 794 2650 sqq
841 2573 907 2625 cata
921 2559 959 2625 de
978 2559 1115 2624 efficacia
1133 2561 1230 2624 sancti
1244 2563 1307 2630 Viti
1323 2551 1479 2649 componi.

158 2677 221 2728 not.
839 2649 951 2752 potest.
1017 2669 1171 2730 Praeterea
1196 2689 1289 2753 quum
1317 2670 1469 2736 mentione

204 2774 368 2837 'Veniente
396 2779 447 2838 sui
471 2779 608 2840 sollennes
641 2775 782 2865 tempore]
842 2774 966 2858 indigna
986 2769 1091 2837 luisset
1111 2771 1286 2859 praedictio,
1308 2775 1333 2839 ai
1358 2789 1469 2839 eventu
1531 2775 1534 2782 ’

159 2875 218 2941 Die
242 2872 490 2943 tironensis.
532 2883 631 2945 'l'estis
664 2895 709 2946 est
732 2905 784 2945 au·
845 2882 1004 2960 caruisset,
1038 2881 1117 2944 Saxo
1146 2901 1183 2942 eo
1208 2883 1305 2943 minus
1328 2885 1469 2946 omittere

157 2995 226 3046 otor
242 2985 322 3048 Hist.
335 2985 436 3067 llnytl.
448 2985 529 3071 (esp.
549 2985 633 3062 122),
658 2985 788 3054 Walde-
844 2985 951 3051 debuit
966 2987 1044 3050 hanc
1058 2985 1339 3071 comprobationem
1349 2985 1471 3065 addere,

157 3111 277 3152 marum
291 3091 322 3153 iu
344 3089 423 3154 festo
443 3107 633 3176 pentecostes
647 3089 682 3176 (i.
698 3113 723 3156 e.
738 3093 787 3156 die
845 3113 907 3177 quo
934 3093 1028 3178 magis
1050 3092 1134 3154 illam
1162 3094 1262 3155 verbis
1289 3091 1360 3158 huic
1388 3106 1471 3158 notas

155 3189 218 3258 8ro
241 3218 281 3258 m.
300 3199 384 3260 Junii
405 3219 431 3260 a.
447 3195 541 3280 1169)
563 3199 686 3264 classem
703 3221 787 3263 suam
845 3197 977 3285 praefixis
994 3198 1116 3261 dubiam
1134 3198 1317 3264 reddiderat.
1363 3201 1410 3262 Ex
1430 3201 1473 3264 al·

157 3301 194 3366 ad
220 3303 350 3385 Rugiam
379 3306 539 3390 appulisse.
595 3307 669 3370 Dies
694 3307 790 3392 igitur
844 3317 910 3368 tera
931 3326 1004 3370 rero
1020 3317 1117 3390 parte,
1132 3305 1193 3368 illis
1211 3305 1247 3370 de
1269 3305 1409 3370 vaticinio
1426 3329 1474 3370 re-

157 3419 268 3470 sancto
280 3411 353 3476 Vito
365 3413 520 3490 sollennis,
533 3435 626 3498 quum
641 3414 708 3476 haec
718 3434 789 3498 age·
850 3413 896 3497 gis
910 3413 1043 3491 omissis,
1064 3410 1199 3476 narratio
1214 3412 1354 3476 omnibus
1370 3432 1475 3474 uume-

157 3527 276 3592 rentur,
296 3537 367 3579 mox
383 3517 521 3582 instabat.
848 3519 890 3582 ris
902 3517 1041 3582 absoluta
1058 3517 1186 3596 ridetur,
1202 3519 1338 3606 nihilque
1349 3520 1474 3582 omnino

205 3625 442 3686 ’Admiraltltbr
467 3629 578 3687 eunctis
612 3649 697 3711 quarn
730 3652 791 3690 cre·
849 3623 1062 3686 desideremus.
1126 3625 1207 3714 Quin
1230 3643 1264 3685 ea
1285 3625 1369 3710 ipsa,
1407 3647 1475 3710 quae

158 3729 279 3789 ds'bitsbr
296 3731 452 3817 proeda'cn'o
472 3727 600 3809 easn'n's]
632 3732 709 3821 Quas
729 3731 791 3810 hic,
850 3726 917 3790 haee
946 3727 1038 3792 verba
1065 3731 1203 3815 proxime
1236 3730 1419 3794 antecedunt
1445 3743 1477 3793 et

159 3833 233 3896 inde
246 3833 355 3898 abillis
367 3835 481 3900 verbis:
506 3839 701 3921 Quibusdam
718 3843 792 3902 arti·
847 3831 1090 3917 subsequuntur,
1119 3849 1182 3898 tam
1208 3846 1292 3898 arcte
1324 3835 1478 3900 cohaerent

148 3947 229 4026 Jices
241 3945 418 4030 coaptandis
430 3960 498 4017 ern,
515 3945 659 4027 leguntur
671 3941 709 4006 de
720 3963 792 4026 rege
851 3952 942 4025 atque
963 3941 1005 4004 ita
1021 3954 1198 4025 comparata
1213 3952 1295 4018 sant,
1319 3953 1353 4004 at
1371 3941 1410 4003 ab
1423 3943 1480 4006 ini·

157 4045 359 4134 praedicente‚
379 4055 532 4112 Arcenam
549 4049 646 4111 sancti
658 4050 722 4113 Viti
742 4047 791 4112 die
850 4045 895 4108 tio
914 4047 1016 4130 juncta
1034 4041 1127 4112 luisse
1151 4048 1242 4112 etita
1268 4045 1421 4132 aptissime
1435 4047 1480 4110 di·

160 4167 370 4238 expuguatum
390 4153 446 4234 iri,
467 4155 571 4218 liceta
594 4155 714 4217 Saxone
737 4175 793 4248 no·¹
851 4165 900 4214 cta
922 4151 1087 4217 rideantur.
1109 4188 1151 4202 -
1166 4153 1349 4239 stephanius
1371 4153 1418 4218 his
1435 4155 1481 4218 iu-

159 4273 226 4323 stro
238 4259 457 4344 prolectasint‚
474 4259 596 4323 serioris
611 4271 712 4322 tamen
724 4279 793 4344 ape·
852 4259 1021 4324 commodis
1042 4259 1198 4323 subreniri
1208 4262 1329 4345 putarit
1342 4259 1482 4325 addendo

160 4368 239 4430 ciem
256 4365 370 4429 babent
385 4363 592 4444 additamenti,
616 4365 710 4450 quod,
730 4377 796 4430 tex·
854 4365 955 4428 verbis
967 4367 1158 4452 frustrandis
1178 4369 1261 4429 rebus
1277 4393 1394 4456 operam
1410 4371 1483 4432 dore

161 4473 208 4534 tui
220 4453 353 4558 primula
363 4471 546 4557 appositum,
561 4469 669 4533 deinde
683 4473 714 4533 in
727 4457 795 4536 eum
854 4475 1040 4534 asseverabat
1059 4471 1241 4534 vocabulum
1260 4475 1379 4558 quidam
1398 4469 1484 4560 (post

162 4591 335 4662 receptum,
353 4601 422 4642 cum
437 4578 613 4640 narratione
628 4589 728 4640 tamen
745 4601 798 4640 au·
845 4577 971 4662 frustra
986 4577 1157 4656 insertum).
1200 4578 1384 4645 vaticinium
1403 4581 1445 4644 ita
1467 4602 1484 4644 e

163 4697 214 4750 tea
234 4686 407 4772 conscripta
422 4687 596 4750 coalescere
611 4705 672 4746 non
688 4685 801 4770 potuit.
857 4683 980 4744 Saxone
1006 4681 1108 4748 obiter
1126 4697 1291 4748 tractatum
1312 4684 1350 4748 ab
1378 4686 1484 4770 ignoto

162 4773 273 4876 Neque
299 4793 378 4856 enim
404 4791 518 4856 inutilis
542 4787 644 4866 ardor,
668 4811 730 4874 quo
747 4811 800 4854 rex
856 4787 989 4873 quodam
1017 4789 1141 4855 homins
1172 4791 1346 4878 prolectam
1376 4791 1484 4854 soluit.

156 4893 341 4982 ’'ingentem
371 4899 524 4987 lignorum
540 4899 696 4964 materiam
730 4895 802 4963 laci·
859 4895 921 4961 Sed
941 4895 1134 4983 hocqnidnn
1153 4919 1214 4962 non
1232 4897 1332 4961 inlllo
1351 4893 1486 4962 solade-
