<?xml version="1.0" encoding="UTF-8"?>
<!DOCTYPE html PUBLIC "-//W3C//DTD XHTML 1.0 Transitional//EN"
    "http://www.w3.org/TR/xhtml1/DTD/xhtml1-transitional.dtd">
<html xmlns="http://www.w3.org/1999/xhtml" xml:lang="en" lang="en">
 <head>
  <title>
</title>
<meta http-equiv="Content-Type" content="text/html;charset=utf-8" />
  <meta name='ocr-system' content='tesseract 3.04.00' />
  <meta name='ocr-capabilities' content='ocr_page ocr_carea ocr_par ocr_line ocrx_word'/>
</head>
<body>
  <div class='ocr_page' id='page_1' title='image "./historiadanica01velsgoog_0187.png"; bbox 0 0 3524 5460; ppageno 0'>
   <div class='ocr_carea' id='block_1_1' title="bbox 709 301 1267 376">
    <p class='ocr_par' dir='ltr' id='par_1_1' title="bbox 709 301 1267 376">
     <span class='ocr_line' id='line_1_1' title="bbox 709 301 1267 376; baseline 0.002 -3"><span class='ocrx_word' id='word_1_1' title='bbox 709 304 885 374; x_wconf 82' lang='lat' dir='ltr'><strong>fflSTon.</strong></span> <span class='ocrx_word' id='word_1_2' title='bbox 901 301 1007 374; x_wconf 86' lang='lat' dir='ltr'><strong>DAN.</strong></span> <span class='ocrx_word' id='word_1_3' title='bbox 1023 303 1159 373; x_wconf 83' lang='lat' dir='ltr'>LIBER</span> <span class='ocrx_word' id='word_1_4' title='bbox 1177 305 1267 376; x_wconf 79' lang='lat' dir='ltr'><strong>xtl&#39;.</strong></span> 
     </span>
    </p>
   </div>
   <div class='ocr_carea' id='block_1_2' title="bbox 370 306 446 380">
    <p class='ocr_par' dir='ltr' id='par_1_2' title="bbox 370 306 446 380">
     <span class='ocr_line' id='line_1_2' title="bbox 370 306 446 380; baseline -0.026 0"><span class='ocrx_word' id='word_1_5' title='bbox 370 306 446 380; x_wconf 76' lang='lat' dir='ltr'><strong>tet</strong></span> 
     </span>
    </p>
   </div>
   <div class='ocr_carea' id='block_1_3' title="bbox 233 509 1643 1230">
    <p class='ocr_par' dir='ltr' id='par_1_3' title="bbox 233 509 1643 1230">
     <span class='ocr_line' id='line_1_3' title="bbox 319 509 1643 614; baseline 0.002 -25"><span class='ocrx_word' id='word_1_6' title='bbox 319 522 525 607; x_wconf 88' lang='lat' dir='ltr'><strong>immemor,</strong></span> <span class='ocrx_word' id='word_1_7' title='bbox 571 514 678 605; x_wconf 75' lang='lat' dir='ltr'><strong>(lum,</strong></span> <span class='ocrx_word' id='word_1_8' title='bbox 705 513 885 610; x_wconf 73' lang='lat' dir='ltr'><strong>perruptis</strong></span> <span class='ocrx_word' id='word_1_9' title='bbox 905 509 1120 584; x_wconf 88' lang='lat' dir='ltr'><strong>obstantium</strong></span> <span class='ocrx_word' id='word_1_10' title='bbox 1147 513 1284 614; x_wconf 79' lang='lat' dir='ltr'>globis,</span> <span class='ocrx_word' id='word_1_11' title='bbox 1326 513 1464 590; x_wconf 86' lang='lat' dir='ltr'><strong>loribus</strong></span> <span class='ocrx_word' id='word_1_12' title='bbox 1496 519 1643 612; x_wconf 84' lang='lat' dir='ltr'><strong>exiliret,</strong></span> 
     </span>
     <span class='ocr_line' id='line_1_4' title="bbox 233 631 1639 738; baseline 0.002 -26"><span class='ocrx_word' id='word_1_13' title='bbox 233 631 239 644; x_wconf 81' lang='grc'><strong>’</strong></span> <span class='ocrx_word' id='word_1_14' title='bbox 319 639 465 737; x_wconf 85' lang='lat' dir='ltr'><strong>qnidam</strong></span> <span class='ocrx_word' id='word_1_15' title='bbox 483 637 639 710; x_wconf 88' lang='lat' dir='ltr'><strong>obscuro</strong></span> <span class='ocrx_word' id='word_1_16' title='bbox 656 635 736 708; x_wconf 90' lang='lat' dir='ltr'><strong>loco</strong></span> <span class='ocrx_word' id='word_1_17' title='bbox 754 634 895 724; x_wconf 85' lang='lat' dir='ltr'><strong>obvius,</strong></span> <span class='ocrx_word' id='word_1_18' title='bbox 921 651 1062 730; x_wconf 86' lang='lat' dir='ltr'><strong>arrepta</strong></span> <span class='ocrx_word' id='word_1_19' title='bbox 1092 637 1223 733; x_wconf 79' lang='lat' dir='ltr'><strong>cinguli</strong></span> <span class='ocrx_word' id='word_1_20' title='bbox 1252 641 1362 737; x_wconf 90' lang='lat' dir='ltr'><strong>ipsius</strong></span> <span class='ocrx_word' id='word_1_21' title='bbox 1388 641 1547 738; x_wconf 88' lang='lat' dir='ltr'><strong>pensilia,</strong></span> <span class='ocrx_word' id='word_1_22' title='bbox 1572 669 1639 715; x_wconf 91' lang='lat' dir='ltr'><strong>re-</strong></span> 
     </span>
     <span class='ocr_line' id='line_1_5' title="bbox 320 758 1640 854; baseline 0.003 -20"><span class='ocrx_word' id='word_1_23' title='bbox 320 779 453 834; x_wconf 78' lang='lat' dir='ltr'>tentare</span> <span class='ocrx_word' id='word_1_24' title='bbox 469 789 552 835; x_wconf 90' lang='lat' dir='ltr'><strong>enm</strong></span> <span class='ocrx_word' id='word_1_25' title='bbox 570 777 734 850; x_wconf 79' lang='lat' dir='ltr'><strong>corratuS,</strong></span> <span class='ocrx_word' id='word_1_26' title='bbox 770 759 922 854; x_wconf 79' lang='lat' dir='ltr'>abrupit.</span> <span class='ocrx_word' id='word_1_27' title='bbox 983 761 1118 829; x_wconf 83' lang='lat' dir='ltr'><strong>Interea</strong></span> <span class='ocrx_word' id='word_1_28' title='bbox 1143 758 1230 849; x_wconf 88' lang='lat' dir='ltr'><strong>aliis,</strong></span> <span class='ocrx_word' id='word_1_29' title='bbox 1249 789 1293 832; x_wconf 88' lang='lat' dir='ltr'><strong>ne</strong></span> <span class='ocrx_word' id='word_1_30' title='bbox 1309 768 1422 836; x_wconf 88' lang='lat' dir='ltr'><strong>noctis</strong></span> <span class='ocrx_word' id='word_1_31' title='bbox 1438 789 1560 837; x_wconf 91' lang='lat' dir='ltr'><strong>errore</strong></span> <span class='ocrx_word' id='word_1_32' title='bbox 1577 765 1640 838; x_wconf 82' lang='lat' dir='ltr'><strong>fa-</strong></span> 
     </span>
     <span class='ocr_line' id='line_1_6' title="bbox 320 880 1640 980; baseline 0.002 -24"><span class='ocrx_word' id='word_1_33' title='bbox 320 887 420 957; x_wconf 81' lang='lat' dir='ltr'><strong>cinus</strong></span> <span class='ocrx_word' id='word_1_34' title='bbox 442 882 681 980; x_wconf 74' lang='lat' dir='ltr'><strong>impediretur,</strong></span> <span class='ocrx_word' id='word_1_35' title='bbox 697 882 870 954; x_wconf 79' lang='lat' dir='ltr'><strong>fenestras</strong></span> <span class='ocrx_word' id='word_1_36' title='bbox 894 880 1176 970; x_wconf 88' lang='lat' dir='ltr'><strong>reserantibus¹‚</strong></span> <span class='ocrx_word' id='word_1_37' title='bbox 1201 883 1397 958; x_wconf 81' lang='lat' dir='ltr'><strong>Tlretlevns</strong></span> <span class='ocrx_word' id='word_1_38' title='bbox 1412 884 1524 958; x_wconf 83' lang='lat' dir='ltr'><strong>laumo</strong></span> <span class='ocrx_word' id='word_1_39' title='bbox 1542 891 1640 960; x_wconf 88' lang='lat' dir='ltr'><strong>resi-</strong></span> 
     </span>
     <span class='ocr_line' id='line_1_7' title="bbox 321 999 1641 1101; baseline 0.001 -20"><span class='ocrx_word' id='word_1_40' title='bbox 321 1009 406 1081; x_wconf 87' lang='lat' dir='ltr'><strong>liens</strong></span> <span class='ocrx_word' id='word_1_41' title='bbox 441 1014 631 1094; x_wconf 90' lang='lat' dir='ltr'><strong>Canntum,</strong></span> <span class='ocrx_word' id='word_1_42' title='bbox 652 1005 833 1077; x_wconf 86' lang='lat' dir='ltr'><strong>dexteram</strong></span> <span class='ocrx_word' id='word_1_43' title='bbox 858 999 979 1101; x_wconf 83' lang='lat' dir='ltr'><strong>gladio</strong></span> <span class='ocrx_word' id='word_1_44' title='bbox 1005 1003 1269 1094; x_wconf 74' lang='lat' dir='ltr'><strong>obtundentem,</strong></span> <span class='ocrx_word' id='word_1_45' title='bbox 1293 1033 1313 1076; x_wconf 89' lang='lat' dir='ltr'><strong>a</strong></span> <span class='ocrx_word' id='word_1_46' title='bbox 1338 1005 1454 1081; x_wconf 80' lang='lat' dir='ltr'><strong>fronte</strong></span> <span class='ocrx_word' id='word_1_47' title='bbox 1474 1008 1641 1082; x_wconf 79' lang='lat' dir='ltr'><strong>consedit</strong></span> 
     </span>
     <span class='ocr_line' id='line_1_8' title="bbox 319 1109 1640 1230; baseline -0.002 -24"><span class='ocrx_word' id='word_1_48' title='bbox 319 1139 458 1230; x_wconf 80' lang='lat' dir='ltr'><strong>Excipit</strong></span> <span class='ocrx_word' id='word_1_49' title='bbox 476 1109 716 1204; x_wconf 75' lang='lat' dir='ltr'><strong>semianimem</strong></span> <span class='ocrx_word' id='word_1_50' title='bbox 736 1123 928 1212; x_wconf 73' lang='lat' dir='ltr'><strong>Absalon2,</strong></span> <span class='ocrx_word' id='word_1_51' title='bbox 957 1125 1224 1201; x_wconf 87' lang='lat' dir='ltr'><strong>Wnldemarnm</strong></span> <span class='ocrx_word' id='word_1_52' title='bbox 1244 1155 1320 1202; x_wconf 86' lang='lat' dir='ltr'><strong>esse</strong></span> <span class='ocrx_word' id='word_1_53' title='bbox 1337 1148 1445 1221; x_wconf 87' lang='lat' dir='ltr'><strong>ratus,</strong></span> <span class='ocrx_word' id='word_1_54' title='bbox 1462 1130 1640 1205; x_wconf 77' lang='lat' dir='ltr'><strong>fluidum-</strong></span> 
     </span>
    </p>
   </div>
   <div class='ocr_carea' id='block_1_4' title="bbox 319 1403 953 1915">
    <p class='ocr_par' dir='ltr' id='par_1_4' title="bbox 319 1403 953 1915">
     <span class='ocr_line' id='line_1_9' title="bbox 321 1403 952 1488; baseline -0.014 -17"><span class='ocrx_word' id='word_1_55' title='bbox 321 1411 451 1471; x_wconf 74' lang='lat' dir='ltr'><strong>inseruit.</strong></span> <span class='ocrx_word' id='word_1_56' title='bbox 513 1403 625 1466; x_wconf 78' lang='lat' dir='ltr'><strong>Deinde</strong></span> <span class='ocrx_word' id='word_1_57' title='bbox 648 1406 677 1462; x_wconf 88' lang='lat' dir='ltr'><strong>in</strong></span> <span class='ocrx_word' id='word_1_58' title='bbox 697 1406 864 1488; x_wconf 79' lang='lat' dir='ltr'><strong>pavimento</strong></span> <span class='ocrx_word' id='word_1_59' title='bbox 888 1423 952 1483; x_wconf 78' lang='lat' dir='ltr'><strong>pra</strong></span> 
     </span>
     <span class='ocr_line' id='line_1_10' title="bbox 319 1513 953 1598; baseline -0.009 -24"><span class='ocrx_word' id='word_1_60' title='bbox 319 1515 470 1581; x_wconf 75' lang='lat' dir='ltr'><strong>comitibus</strong></span> <span class='ocrx_word' id='word_1_61' title='bbox 504 1533 683 1598; x_wconf 80' lang='lat' dir='ltr'><strong>procurrens</strong></span> <span class='ocrx_word' id='word_1_62' title='bbox 728 1525 812 1570; x_wconf 84' lang='lat' dir='ltr'><strong>tanto</strong></span> <span class='ocrx_word' id='word_1_63' title='bbox 845 1513 953 1594; x_wconf 83' lang='lat' dir='ltr'><strong>rinpetu</strong></span> 
     </span>
     <span class='ocr_line' id='line_1_11' title="bbox 323 1618 952 1703; baseline -0.016 -21"><span class='ocrx_word' id='word_1_64' title='bbox 323 1621 486 1682; x_wconf 82' lang='lat' dir='ltr'><strong>Tbetleuum</strong></span> <span class='ocrx_word' id='word_1_65' title='bbox 506 1618 641 1703; x_wconf 78' lang='lat' dir='ltr'><strong>impulit,</strong></span> <span class='ocrx_word' id='word_1_66' title='bbox 682 1632 720 1688; x_wconf 75' lang='grc' dir='ltr'><strong>με</strong></span> <span class='ocrx_word' id='word_1_67' title='bbox 752 1633 869 1696; x_wconf 78' lang='lat' dir='ltr'><strong>uterque</strong></span> <span class='ocrx_word' id='word_1_68' title='bbox 895 1637 952 1700; x_wconf 91' lang='lat' dir='ltr'><strong>per</strong></span> 
     </span>
     <span class='ocr_line' id='line_1_12' title="bbox 322 1707 953 1802; baseline -0.011 -15"><span class='ocrx_word' id='word_1_69' title='bbox 322 1707 427 1790; x_wconf 79' lang='lat' dir='ltr'><strong>ostium</strong></span> <span class='ocrx_word' id='word_1_70' title='bbox 447 1725 573 1790; x_wconf 87' lang='lat' dir='ltr'><strong>caderet.</strong></span> <span class='ocrx_word' id='word_1_71' title='bbox 606 1725 635 1782; x_wconf 93' lang='lat' dir='ltr'><em>T</em></span> <span class='ocrx_word' id='word_1_72' title='bbox 631 1723 677 1782; x_wconf 84' lang='lat' dir='ltr'><strong>olo</strong></span> <span class='ocrx_word' id='word_1_73' title='bbox 690 1723 862 1802; x_wconf 79' lang='lat' dir='ltr'><strong>Hemmingt&#39;</strong></span> <span class='ocrx_word' id='word_1_74' title='bbox 867 1721 953 1800; x_wconf 84' lang='lat' dir='ltr'><strong>filius</strong></span> 
     </span>
     <span class='ocr_line' id='line_1_13' title="bbox 322 1827 952 1915; baseline -0.013 -21"><span class='ocrx_word' id='word_1_75' title='bbox 322 1835 374 1894; x_wconf 92' lang='lat' dir='ltr'><em>W</em></span> <span class='ocrx_word' id='word_1_76' title='bbox 370 1832 547 1894; x_wconf 85' lang='lat' dir='ltr'><strong>aldemarum</strong></span> <span class='ocrx_word' id='word_1_77' title='bbox 559 1831 663 1913; x_wconf 75' lang='lat' dir='ltr'><strong>gladio</strong></span> <span class='ocrx_word' id='word_1_78' title='bbox 676 1832 797 1915; x_wconf 73' lang='lat' dir='ltr'><strong>petiuit,</strong></span> <span class='ocrx_word' id='word_1_79' title='bbox 814 1827 952 1912; x_wconf 74' lang='lat' dir='ltr'><strong>etfinaur</strong></span> 
     </span>
    </p>
   </div>
   <div class='ocr_carea' id='block_1_5' title="bbox 320 1933 953 2018">
    <p class='ocr_par' dir='ltr' id='par_1_5' title="bbox 320 1933 953 2018">
     <span class='ocr_line' id='line_1_14' title="bbox 320 1933 953 2018; baseline -0.009 -18"><span class='ocrx_word' id='word_1_80' title='bbox 320 1941 467 2001; x_wconf 79' lang='lat' dir='ltr'><strong>sauciavit</strong></span> <span class='ocrx_word' id='word_1_81' title='bbox 483 1938 599 1998; x_wconf 82' lang='lat' dir='ltr'><strong>vulnere</strong></span> <span class='ocrx_word' id='word_1_82' title='bbox 618 1935 728 2016; x_wconf 87' lang='lat' dir='ltr'><strong>majore</strong></span> <span class='ocrx_word' id='word_1_83' title='bbox 747 1935 873 2018; x_wconf 79' lang='lat' dir='ltr'><strong>quidem,</strong></span> <span class='ocrx_word' id='word_1_84' title='bbox 899 1933 953 1995; x_wconf 86' lang='lat' dir='ltr'><strong>sed</strong></span> 
     </span>
    </p>
   </div>
   <div class='ocr_carea' id='block_1_6' title="bbox 208 2042 951 2130">
    <p class='ocr_par' dir='ltr' id='par_1_6' title="bbox 208 2042 951 2130">
     <span class='ocr_line' id='line_1_15' title="bbox 208 2042 951 2130; baseline -0.009 -23"><span class='ocrx_word' id='word_1_85' title='bbox 208 2059 212 2068; x_wconf 95' lang='lat'>&#39;</span> <span class='ocrx_word' id='word_1_86' title='bbox 321 2045 405 2106; x_wconf 84' lang='lat' dir='ltr'><strong>baud</strong></span> <span class='ocrx_word' id='word_1_87' title='bbox 423 2044 605 2130; x_wconf 86' lang='lat' dir='ltr'><strong>periculoso;</strong></span> <span class='ocrx_word' id='word_1_88' title='bbox 648 2044 736 2102; x_wconf 83' lang='lat' dir='ltr'><strong>etr&#39;ctm</strong></span> <span class='ocrx_word' id='word_1_89' title='bbox 763 2044 864 2128; x_wconf 79' lang='lat' dir='ltr'><strong>polles</strong></span> <span class='ocrx_word' id='word_1_90' title='bbox 879 2042 951 2122; x_wconf 55' lang='lat' dir='ltr'><strong>⁴ejus</strong></span> 
     </span>
    </p>
   </div>
   <div class='ocr_carea' id='block_1_7' title="bbox 321 2147 950 2340">
    <p class='ocr_par' dir='ltr' id='par_1_7' title="bbox 321 2147 950 2340">
     <span class='ocr_line' id='line_1_16' title="bbox 321 2147 950 2228; baseline -0.008 -16"><span class='ocrx_word' id='word_1_91' title='bbox 321 2167 365 2213; x_wconf 89' lang='lat' dir='ltr'><strong>est</strong></span> <span class='ocrx_word' id='word_1_92' title='bbox 390 2153 548 2212; x_wconf 83' lang='lat' dir='ltr'><strong>sauciatus.</strong></span> <span class='ocrx_word' id='word_1_93' title='bbox 592 2148 664 2210; x_wconf 87' lang='lat' dir='ltr'><strong>Cum</strong></span> <span class='ocrx_word' id='word_1_94' title='bbox 677 2170 744 2208; x_wconf 82' lang='lat' dir='ltr'><strong>vero</strong></span> <span class='ocrx_word' id='word_1_95' title='bbox 758 2152 874 2208; x_wconf 84' lang='lat' dir='ltr'><strong>comites</strong></span> <span class='ocrx_word' id='word_1_96' title='bbox 887 2147 950 2228; x_wconf 84' lang='lat' dir='ltr'><strong>ejus</strong></span> 
     </span>
     <span class='ocr_line' id='line_1_17' title="bbox 324 2255 950 2340; baseline -0.006 -24"><span class='ocrx_word' id='word_1_97' title='bbox 324 2279 418 2340; x_wconf 71' lang='lat' dir='ltr'><strong>regem</strong></span> <span class='ocrx_word' id='word_1_98' title='bbox 441 2256 582 2316; x_wconf 69' lang='lat' dir='ltr'><strong>uidissent</strong></span> <span class='ocrx_word' id='word_1_99' title='bbox 612 2255 759 2316; x_wconf 87' lang='lat' dir='ltr'><strong>cadentem</strong></span> <span class='ocrx_word' id='word_1_100' title='bbox 769 2298 782 2324; x_wconf 81' lang='lat'><strong>,</strong></span> <span class='ocrx_word' id='word_1_101' title='bbox 812 2278 842 2314; x_wconf 86' lang='lat' dir='ltr'><strong>se</strong></span> <span class='ocrx_word' id='word_1_102' title='bbox 862 2276 950 2339; x_wconf 87' lang='lat' dir='ltr'><strong>super</strong></span> 
     </span>
    </p>
   </div>
   <div class='ocr_carea' id='block_1_8' title="bbox 321 2360 969 2462">
    <p class='ocr_par' dir='ltr' id='par_1_8' title="bbox 321 2360 969 2462">
     <span class='ocr_line' id='line_1_18' title="bbox 321 2360 969 2462; baseline -0.009 -36"><span class='ocrx_word' id='word_1_103' title='bbox 321 2381 384 2426; x_wconf 83' lang='lat' dir='ltr'><strong>eum</strong></span> <span class='ocrx_word' id='word_1_104' title='bbox 416 2361 598 2444; x_wconf 72' lang='lat' dir='ltr'><strong>conjecerunt</strong></span> <span class='ocrx_word' id='word_1_105' title='bbox 627 2361 792 2443; x_wconf 77' lang='lat' dir='ltr'><strong>gladiisque</strong></span> <span class='ocrx_word' id='word_1_106' title='bbox 824 2360 969 2462; x_wconf 55' lang='lat' dir='ltr'><strong>confossix</strong></span> 
     </span>
    </p>
   </div>
   <div class='ocr_carea' id='block_1_9' title="bbox 322 2467 953 2877">
    <p class='ocr_par' dir='ltr' id='par_1_9' title="bbox 322 2467 953 2877">
     <span class='ocr_line' id='line_1_19' title="bbox 322 2467 951 2533; baseline -0.01 -1"><span class='ocrx_word' id='word_1_107' title='bbox 322 2485 399 2533; x_wconf 88' lang='lat' dir='ltr'><strong>sunt.</strong></span> <span class='ocrx_word' id='word_1_108' title='bbox 460 2472 579 2532; x_wconf 81' lang='lat' dir='ltr'><strong>Interea</strong></span> <span class='ocrx_word' id='word_1_109' title='bbox 608 2471 700 2528; x_wconf 82' lang='lat' dir='ltr'><strong>evasit</strong></span> <span class='ocrx_word' id='word_1_110' title='bbox 729 2467 951 2527; x_wconf 85' lang='lat' dir='ltr'><strong>Waldemarus.</strong></span> 
     </span>
     <span class='ocr_line' id='line_1_20' title="bbox 323 2577 952 2646; baseline -0.006 -10"><span class='ocrx_word' id='word_1_111' title='bbox 323 2577 495 2646; x_wconf 62' lang='lat' dir='ltr'><strong>Thalamus,</strong></span> <span class='ocrx_word' id='word_1_112' title='bbox 527 2599 590 2636; x_wconf 89' lang='lat' dir='ltr'><strong>eum</strong></span> <span class='ocrx_word' id='word_1_113' title='bbox 614 2599 645 2636; x_wconf 89' lang='lat' dir='ltr'><strong>se</strong></span> <span class='ocrx_word' id='word_1_114' title='bbox 674 2597 775 2635; x_wconf 88' lang='lat' dir='ltr'><strong>rursus</strong></span> <span class='ocrx_word' id='word_1_115' title='bbox 800 2577 952 2643; x_wconf 73' lang='lat' dir='ltr'><strong>erexisset,</strong></span> 
     </span>
     <span class='ocr_line' id='line_1_21' title="bbox 322 2681 952 2765; baseline -0.008 -21"><span class='ocrx_word' id='word_1_116' title='bbox 322 2700 436 2749; x_wconf 88' lang='lat' dir='ltr'><strong>tantum</strong></span> <span class='ocrx_word' id='word_1_117' title='bbox 460 2684 548 2743; x_wconf 82' lang='lat' dir='ltr'><strong>ictum</strong></span> <span class='ocrx_word' id='word_1_118' title='bbox 578 2683 644 2764; x_wconf 77' lang='lat' dir='ltr'><strong>regi</strong></span> <span class='ocrx_word' id='word_1_119' title='bbox 668 2681 784 2742; x_wconf 87' lang='lat' dir='ltr'><strong>Canuto</strong></span> <span class='ocrx_word' id='word_1_120' title='bbox 819 2683 952 2765; x_wconf 73' lang='lat' dir='ltr'><strong>inpegit,</strong></span> 
     </span>
     <span class='ocr_line' id='line_1_22' title="bbox 322 2785 953 2877; baseline -0.006 -27"><span class='ocrx_word' id='word_1_121' title='bbox 322 2807 355 2850; x_wconf 89' lang='lat' dir='ltr'><strong>ut</strong></span> <span class='ocrx_word' id='word_1_122' title='bbox 369 2804 458 2877; x_wconf 86' lang='lat' dir='ltr'><strong>caput</strong></span> <span class='ocrx_word' id='word_1_123' title='bbox 482 2788 524 2848; x_wconf 86' lang='lat' dir='ltr'><strong>ad</strong></span> <span class='ocrx_word' id='word_1_124' title='bbox 542 2787 646 2848; x_wconf 84' lang='lat' dir='ltr'><strong>collum</strong></span> <span class='ocrx_word' id='word_1_125' title='bbox 668 2807 757 2868; x_wconf 86' lang='lat' dir='ltr'><strong>usque</strong></span> <span class='ocrx_word' id='word_1_126' title='bbox 775 2785 953 2870; x_wconf 69' lang='lat' dir='ltr'><strong>distenderet.</strong></span> 
     </span>
    </p>
   </div>
   <div class='ocr_carea' id='block_1_10' title="bbox 216 2892 953 2978">
    <p class='ocr_par' dir='ltr' id='par_1_10' title="bbox 216 2892 953 2978">
     <span class='ocr_line' id='line_1_23' title="bbox 216 2892 953 2978; baseline -0.012 -19"><span class='ocrx_word' id='word_1_127' title='bbox 216 2965 219 2978; x_wconf 51' lang='lat'>‚</span> <span class='ocrx_word' id='word_1_128' title='bbox 321 2899 407 2958; x_wconf 80' lang='lat' dir='ltr'><strong>Alius</strong></span> <span class='ocrx_word' id='word_1_129' title='bbox 432 2915 561 2978; x_wconf 83' lang='lat' dir='ltr'><strong>quoque,</strong></span> <span class='ocrx_word' id='word_1_130' title='bbox 596 2894 709 2952; x_wconf 77' lang='lat' dir='ltr'><strong>nomine</strong></span> <span class='ocrx_word' id='word_1_131' title='bbox 735 2892 953 2962; x_wconf 83' lang='lat' dir='ltr'><strong>Hialrnsoidar,</strong></span> 
     </span>
    </p>
   </div>
   <div class='ocr_carea' id='block_1_11' title="bbox 245 2997 951 4036">
    <p class='ocr_par' dir='ltr' id='par_1_11' title="bbox 245 2997 949 3498">
     <span class='ocr_line' id='line_1_24' title="bbox 323 2997 949 3084; baseline -0.006 -22"><span class='ocrx_word' id='word_1_132' title='bbox 323 3002 469 3064; x_wconf 86' lang='lat' dir='ltr'><strong>Canutum</strong></span> <span class='ocrx_word' id='word_1_133' title='bbox 484 3000 639 3060; x_wconf 79' lang='lat' dir='ltr'><strong>sauciavit.</strong></span> <span class='ocrx_word' id='word_1_134' title='bbox 680 2997 744 3058; x_wconf 76' lang='lat' dir='ltr'><strong>Rea</strong></span> <span class='ocrx_word' id='word_1_135' title='bbox 759 2997 865 3060; x_wconf 87' lang='lat' dir='ltr'><strong>cadens</strong></span> <span class='ocrx_word' id='word_1_136' title='bbox 874 3022 949 3084; x_wconf 87' lang='lat' dir='ltr'><strong>pro·</strong></span> 
     </span>
     <span class='ocr_line' id='line_1_25' title="bbox 322 3101 948 3192; baseline -0.005 -25"><span class='ocrx_word' id='word_1_137' title='bbox 322 3107 417 3168; x_wconf 80' lang='lat' dir='ltr'><strong>rubuit</strong></span> <span class='ocrx_word' id='word_1_138' title='bbox 422 3129 518 3192; x_wconf 90' lang='lat' dir='ltr'><strong>prope</strong></span> <span class='ocrx_word' id='word_1_139' title='bbox 528 3107 669 3165; x_wconf 84' lang='lat' dir='ltr'><strong>canrirntrn</strong></span> <span class='ocrx_word' id='word_1_140' title='bbox 668 3101 843 3187; x_wconf 84' lang='lat' dir='ltr'><strong>fumarium.</strong></span> <span class='ocrx_word' id='word_1_141' title='bbox 871 3105 948 3164; x_wconf 81' lang='lat' dir='ltr'><strong>Haec</strong></span> 
     </span>
     <span class='ocr_line' id='line_1_26' title="bbox 322 3204 948 3295; baseline -0.008 -22"><span class='ocrx_word' id='word_1_142' title='bbox 322 3228 393 3273; x_wconf 84' lang='lat' dir='ltr'><strong>sane</strong></span> <span class='ocrx_word' id='word_1_143' title='bbox 411 3211 443 3272; x_wconf 91' lang='lat' dir='ltr'><strong>in</strong></span> <span class='ocrx_word' id='word_1_144' title='bbox 465 3205 652 3295; x_wconf 78' lang='lat' dir='ltr'><strong>paucissimis</strong></span> <span class='ocrx_word' id='word_1_145' title='bbox 672 3204 824 3270; x_wconf 79' lang='lat' dir='ltr'><strong>differunt</strong></span> <span class='ocrx_word' id='word_1_146' title='bbox 842 3230 858 3270; x_wconf 88' lang='lat' dir='ltr'><strong>a</strong></span> <span class='ocrx_word' id='word_1_147' title='bbox 879 3229 948 3270; x_wconf 86' lang='lat' dir='ltr'><strong>nar-</strong></span> 
     </span>
     <span class='ocr_line' id='line_1_27' title="bbox 321 3313 949 3398; baseline -0.006 -19"><span class='ocrx_word' id='word_1_148' title='bbox 321 3316 441 3380; x_wconf 81' lang='lat' dir='ltr'><strong>ratione</strong></span> <span class='ocrx_word' id='word_1_149' title='bbox 466 3315 591 3380; x_wconf 82' lang='lat' dir='ltr'><strong>Saxonis</strong></span> <span class='ocrx_word' id='word_1_150' title='bbox 600 3335 610 3394; x_wconf 84' lang='lat'>3</span> <span class='ocrx_word' id='word_1_151' title='bbox 647 3313 794 3376; x_wconf 87' lang='lat' dir='ltr'><strong>nonnulla</strong></span> <span class='ocrx_word' id='word_1_152' title='bbox 818 3313 949 3398; x_wconf 90' lang='lat' dir='ltr'><strong>plenius,</strong></span> 
     </span>
     <span class='ocr_line' id='line_1_28' title="bbox 245 3421 722 3498; baseline -0.01 -11"><span class='ocrx_word' id='word_1_153' title='bbox 245 3495 247 3498; x_wconf 18' lang='lat'>¹</span> <span class='ocrx_word' id='word_1_154' title='bbox 322 3423 381 3486; x_wconf 84' lang='lat' dir='ltr'><strong>alia</strong></span> <span class='ocrx_word' id='word_1_155' title='bbox 395 3421 516 3486; x_wconf 80' lang='lat' dir='ltr'><strong>brevius</strong></span> <span class='ocrx_word' id='word_1_156' title='bbox 532 3431 722 3484; x_wconf 85' lang='lat' dir='ltr'><strong>enarrantur.</strong></span> 
     </span>
    </p>

    <p class='ocr_par' dir='ltr' id='par_1_12' title="bbox 320 3523 951 4036">
     <span class='ocr_line' id='line_1_29' title="bbox 369 3523 951 3614; baseline -0.007 -23"><span class='ocrx_word' id='word_1_157' title='bbox 369 3532 466 3592; x_wconf 79' lang='lat' dir='ltr'><strong>¹Attts</strong></span> <span class='ocrx_word' id='word_1_158' title='bbox 566 3528 720 3614; x_wconf 70' lang='lat' dir='ltr'><strong>fenestras</strong></span> <span class='ocrx_word' id='word_1_159' title='bbox 745 3523 951 3606; x_wconf 81' lang='lat' dir='ltr'><strong>reserantibus]</strong></span> 
     </span>
     <span class='ocr_line' id='line_1_30' title="bbox 321 3633 951 3719; baseline -0.006 -22"><span class='ocrx_word' id='word_1_160' title='bbox 321 3633 437 3697; x_wconf 87' lang='lat' dir='ltr'><strong>Scribit</strong></span> <span class='ocrx_word' id='word_1_161' title='bbox 461 3635 563 3697; x_wconf 79' lang='lat' dir='ltr'><strong>Stena</strong></span> <span class='ocrx_word' id='word_1_162' title='bbox 586 3633 725 3719; x_wconf 66' lang='lat' dir='ltr'><strong>aggonis</strong></span> <span class='ocrx_word' id='word_1_163' title='bbox 746 3633 871 3718; x_wconf 87' lang='lat' dir='ltr'><strong>(Script.</strong></span> <span class='ocrx_word' id='word_1_164' title='bbox 891 3653 951 3695; x_wconf 93' lang='lat' dir='ltr'><strong>rer.</strong></span> 
     </span>
     <span class='ocr_line' id='line_1_31' title="bbox 322 3735 951 3828; baseline -0.003 -24"><span class='ocrx_word' id='word_1_165' title='bbox 322 3745 401 3804; x_wconf 88' lang='lat' dir='ltr'><strong>Dan.</strong></span> <span class='ocrx_word' id='word_1_166' title='bbox 416 3735 430 3802; x_wconf 91' lang='lat' dir='ltr'><strong>l</strong></span> <span class='ocrx_word' id='word_1_167' title='bbox 446 3765 477 3828; x_wconf 88' lang='lat' dir='ltr'><strong>p.</strong></span> <span class='ocrx_word' id='word_1_168' title='bbox 494 3737 569 3825; x_wconf 71' lang='lat'><strong>69),</strong></span> <span class='ocrx_word' id='word_1_169' title='bbox 590 3739 806 3804; x_wconf 87' lang='lat' dir='ltr'><strong>catholicianos</strong></span> <span class='ocrx_word' id='word_1_170' title='bbox 828 3741 890 3804; x_wconf 85' lang='lat' dir='ltr'><strong>sive</strong></span> <span class='ocrx_word' id='word_1_171' title='bbox 904 3761 951 3802; x_wconf 88' lang='lat' dir='ltr'><strong>sa·</strong></span> 
     </span>
     <span class='ocr_line' id='line_1_32' title="bbox 322 3845 951 3924; baseline -0.003 -14"><span class='ocrx_word' id='word_1_172' title='bbox 322 3849 435 3910; x_wconf 87' lang='lat' dir='ltr'><strong>tellites</strong></span> <span class='ocrx_word' id='word_1_173' title='bbox 449 3847 608 3924; x_wconf 84' lang='lat' dir='ltr'><strong>Svenonis,</strong></span> <span class='ocrx_word' id='word_1_174' title='bbox 627 3845 782 3908; x_wconf 83' lang='lat' dir='ltr'><strong>exstinctis</strong></span> <span class='ocrx_word' id='word_1_175' title='bbox 796 3847 951 3909; x_wconf 87' lang='lat' dir='ltr'><strong>luminari·</strong></span> 
     </span>
     <span class='ocr_line' id='line_1_33' title="bbox 320 3953 951 4036; baseline -0.008 -19"><span class='ocrx_word' id='word_1_176' title='bbox 320 3955 394 4036; x_wconf 89' lang='lat' dir='ltr'><strong>bns,</strong></span> <span class='ocrx_word' id='word_1_177' title='bbox 425 3957 575 4019; x_wconf 89' lang='lat' dir='ltr'><strong>Caantnm</strong></span> <span class='ocrx_word' id='word_1_178' title='bbox 595 3953 791 4016; x_wconf 83' lang='lat' dir='ltr'><strong>interemisse.</strong></span> <span class='ocrx_word' id='word_1_179' title='bbox 839 3955 951 4014; x_wconf 77' lang='lat' dir='ltr'><strong>Narrat</strong></span> 
     </span>
    </p>
   </div>
   <div class='ocr_carea' id='block_1_12' title="bbox 1009 1401 1664 4042">
    <p class='ocr_par' dir='ltr' id='par_1_13' title="bbox 1009 1401 1644 2216">
     <span class='ocr_line' id='line_1_34' title="bbox 1010 1401 1643 1487; baseline 0.005 -27"><span class='ocrx_word' id='word_1_180' title='bbox 1010 1413 1095 1462; x_wconf 85' lang='lat' dir='ltr'><strong>tanto</strong></span> <span class='ocrx_word' id='word_1_181' title='bbox 1113 1403 1261 1485; x_wconf 88' lang='lat' dir='ltr'><strong>majorem</strong></span> <span class='ocrx_word' id='word_1_182' title='bbox 1283 1401 1445 1467; x_wconf 87' lang='lat' dir='ltr'><strong>comitibus</strong></span> <span class='ocrx_word' id='word_1_183' title='bbox 1467 1422 1576 1487; x_wconf 77' lang='lat' dir='ltr'><strong>regam</strong></span> <span class='ocrx_word' id='word_1_184' title='bbox 1593 1404 1643 1463; x_wconf 89' lang='lat' dir='ltr'><strong>in·</strong></span> 
     </span>
     <span class='ocr_line' id='line_1_35' title="bbox 1012 1507 1641 1594; baseline 0.005 -25"><span class='ocrx_word' id='word_1_185' title='bbox 1012 1519 1168 1588; x_wconf 80' lang='lat' dir='ltr'><strong>auterent3</strong></span> <span class='ocrx_word' id='word_1_186' title='bbox 1199 1509 1254 1572; x_wconf 69' lang='lat' dir='ltr'><strong>secl</strong></span> <span class='ocrx_word' id='word_1_187' title='bbox 1282 1510 1334 1573; x_wconf 89' lang='lat' dir='ltr'><strong>nbi</strong></span> <span class='ocrx_word' id='word_1_188' title='bbox 1361 1530 1449 1594; x_wconf 76' lang='lat' dir='ltr'><strong>reges</strong></span> <span class='ocrx_word' id='word_1_189' title='bbox 1481 1507 1641 1586; x_wconf 76' lang='lat' dir='ltr'><strong>sedebant,</strong></span> 
     </span>
     <span class='ocr_line' id='line_1_36' title="bbox 1009 1615 1643 1694; baseline 0.005 -19"><span class='ocrx_word' id='word_1_190' title='bbox 1009 1615 1067 1676; x_wconf 86' lang='lat' dir='ltr'><strong>alis</strong></span> <span class='ocrx_word' id='word_1_191' title='bbox 1094 1635 1217 1680; x_wconf 82' lang='lat' dir='ltr'><strong>accensa</strong></span> <span class='ocrx_word' id='word_1_192' title='bbox 1246 1630 1333 1680; x_wconf 88' lang='lat' dir='ltr'><strong>erant</strong></span> <span class='ocrx_word' id='word_1_193' title='bbox 1362 1615 1535 1694; x_wconf 84' lang='lat' dir='ltr'><strong>luminaria3</strong></span> <span class='ocrx_word' id='word_1_194' title='bbox 1571 1615 1643 1678; x_wconf 79' lang='lat' dir='ltr'><strong>hee</strong></span> 
     </span>
     <span class='ocr_line' id='line_1_37' title="bbox 1011 1719 1642 1802; baseline -0.006 -14"><span class='ocrx_word' id='word_1_195' title='bbox 1011 1719 1225 1788; x_wconf 86' lang='lat' dir='ltr'><strong>Waldemarus</strong></span> <span class='ocrx_word' id='word_1_196' title='bbox 1241 1723 1404 1802; x_wconf 85' lang='lat' dir='ltr'><strong>prosiliens</strong></span> <span class='ocrx_word' id='word_1_197' title='bbox 1428 1721 1575 1800; x_wconf 68' lang='lat' dir='ltr'><strong>cxcnmit,</strong></span> <span class='ocrx_word' id='word_1_198' title='bbox 1605 1733 1642 1784; x_wconf 89' lang='lat' dir='ltr'><strong>at</strong></span> 
     </span>
     <span class='ocr_line' id='line_1_38' title="bbox 1009 1827 1642 1914; baseline 0 -22"><span class='ocrx_word' id='word_1_199' title='bbox 1009 1849 1069 1914; x_wconf 89' lang='lat' dir='ltr'><strong>ope</strong></span> <span class='ocrx_word' id='word_1_200' title='bbox 1083 1829 1279 1892; x_wconf 87' lang='lat' dir='ltr'><strong>tenebrarum</strong></span> <span class='ocrx_word' id='word_1_201' title='bbox 1293 1827 1456 1914; x_wconf 80' lang='lat' dir='ltr'><strong>effugeret</strong></span> <span class='ocrx_word' id='word_1_202' title='bbox 1488 1830 1570 1892; x_wconf 86' lang='lat' dir='ltr'><strong>Hinc</strong></span> <span class='ocrx_word' id='word_1_203' title='bbox 1583 1828 1642 1914; x_wconf 85' lang='lat' dir='ltr'><strong>igi-</strong></span> 
     </span>
     <span class='ocr_line' id='line_1_39' title="bbox 1012 1935 1644 2020; baseline -0.002 -21"><span class='ocrx_word' id='word_1_204' title='bbox 1012 1949 1064 1999; x_wconf 90' lang='lat' dir='ltr'><strong>tur</strong></span> <span class='ocrx_word' id='word_1_205' title='bbox 1078 1935 1250 2016; x_wconf 81' lang='lat' dir='ltr'><strong>carnifices,</strong></span> <span class='ocrx_word' id='word_1_206' title='bbox 1271 1957 1386 1998; x_wconf 85' lang='lat' dir='ltr'><strong>summa</strong></span> <span class='ocrx_word' id='word_1_207' title='bbox 1404 1935 1534 2020; x_wconf 73' lang='lat' dir='ltr'><strong>caligine</strong></span> <span class='ocrx_word' id='word_1_208' title='bbox 1554 1935 1644 1998; x_wconf 80' lang='lat' dir='ltr'><strong>inro-</strong></span> 
     </span>
     <span class='ocr_line' id='line_1_40' title="bbox 1012 2040 1643 2128; baseline 0 -25"><span class='ocrx_word' id='word_1_209' title='bbox 1012 2043 1080 2120; x_wconf 81' lang='lat' dir='ltr'><strong>luti,</strong></span> <span class='ocrx_word' id='word_1_210' title='bbox 1101 2053 1286 2128; x_wconf 84' lang='lat' dir='ltr'><strong>aperuerunt</strong></span> <span class='ocrx_word' id='word_1_211' title='bbox 1306 2040 1466 2121; x_wconf 77' lang='lat' dir='ltr'><strong>fenestrae,</strong></span> <span class='ocrx_word' id='word_1_212' title='bbox 1487 2053 1521 2104; x_wconf 88' lang='lat' dir='ltr'><strong>ut</strong></span> <span class='ocrx_word' id='word_1_213' title='bbox 1535 2061 1643 2126; x_wconf 84' lang='lat' dir='ltr'><strong>perso·</strong></span> 
     </span>
     <span class='ocr_line' id='line_1_41' title="bbox 1011 2145 1304 2216; baseline 0.003 -7"><span class='ocrx_word' id='word_1_214' title='bbox 1011 2147 1067 2210; x_wconf 85' lang='lat' dir='ltr'><strong>nas&#39;</strong></span> <span class='ocrx_word' id='word_1_215' title='bbox 1079 2145 1304 2216; x_wconf 74' lang='lat' dir='ltr'><strong>disnoscerent.</strong></span> 
     </span>
    </p>

    <p class='ocr_par' dir='ltr' id='par_1_14' title="bbox 1009 2253 1664 4042">
     <span class='ocr_line' id='line_1_42' title="bbox 1031 2253 1645 2345; baseline 0.002 -30"><span class='ocrx_word' id='word_1_216' title='bbox 1031 2285 1033 2290; x_wconf 95' lang='lat'>·</span> <span class='ocrx_word' id='word_1_217' title='bbox 1055 2258 1191 2342; x_wconf 77' lang='lat' dir='ltr'><strong>²Ercipit</strong></span> <span class='ocrx_word' id='word_1_218' title='bbox 1200 2259 1391 2316; x_wconf 72' lang='lat' dir='ltr'><strong>semianimem</strong></span> <span class='ocrx_word' id='word_1_219' title='bbox 1404 2253 1546 2334; x_wconf 79' lang='lat' dir='ltr'><strong>Absaton]</strong></span> <span class='ocrx_word' id='word_1_220' title='bbox 1562 2256 1645 2345; x_wconf 75' lang='lat' dir='ltr'><strong>Quae</strong></span> 
     </span>
     <span class='ocr_line' id='line_1_43' title="bbox 1011 2357 1646 2443; baseline -0.008 -21"><span class='ocrx_word' id='word_1_221' title='bbox 1011 2360 1090 2423; x_wconf 86' lang='lat' dir='ltr'><strong>Saxo</strong></span> <span class='ocrx_word' id='word_1_222' title='bbox 1112 2358 1162 2422; x_wconf 90' lang='lat' dir='ltr'><strong>hic</strong></span> <span class='ocrx_word' id='word_1_223' title='bbox 1180 2358 1263 2443; x_wconf 88' lang='lat' dir='ltr'><strong>justo</strong></span> <span class='ocrx_word' id='word_1_224' title='bbox 1283 2360 1406 2423; x_wconf 75' lang='lat' dir='ltr'><strong>brevius</strong></span> <span class='ocrx_word' id='word_1_225' title='bbox 1425 2359 1462 2422; x_wconf 84' lang='lat' dir='ltr'><strong>de</strong></span> <span class='ocrx_word' id='word_1_226' title='bbox 1486 2357 1646 2421; x_wconf 76' lang='lat' dir='ltr'><strong>Absalone</strong></span> 
     </span>
     <span class='ocr_line' id='line_1_44' title="bbox 1010 2464 1646 2550; baseline 0 -22"><span class='ocrx_word' id='word_1_227' title='bbox 1010 2464 1115 2542; x_wconf 90' lang='lat' dir='ltr'><strong>habet,</strong></span> <span class='ocrx_word' id='word_1_228' title='bbox 1139 2468 1205 2530; x_wconf 81' lang='lat' dir='ltr'><strong>haec</strong></span> <span class='ocrx_word' id='word_1_229' title='bbox 1221 2464 1352 2530; x_wconf 78' lang='lat' dir='ltr'><strong>fortasse</strong></span> <span class='ocrx_word' id='word_1_230' title='bbox 1371 2467 1436 2530; x_wconf 88' lang='lat' dir='ltr'><strong>sola</strong></span> <span class='ocrx_word' id='word_1_231' title='bbox 1451 2477 1551 2544; x_wconf 74' lang='lat' dir='ltr'><strong>meat,</strong></span> <span class='ocrx_word' id='word_1_232' title='bbox 1571 2485 1646 2550; x_wconf 67' lang='lat' dir='ltr'><strong>que</strong></span> 
     </span>
     <span class='ocr_line' id='line_1_45' title="bbox 1011 2569 1648 2658; baseline -0.006 -22"><span class='ocrx_word' id='word_1_233' title='bbox 1011 2571 1255 2656; x_wconf 84' lang='lat' dir='ltr'><strong>archiepiscopus</strong></span> <span class='ocrx_word' id='word_1_234' title='bbox 1277 2571 1314 2636; x_wconf 87' lang='lat' dir='ltr'><strong>de</strong></span> <span class='ocrx_word' id='word_1_235' title='bbox 1333 2593 1365 2636; x_wconf 87' lang='lat' dir='ltr'><strong>se</strong></span> <span class='ocrx_word' id='word_1_236' title='bbox 1380 2575 1447 2658; x_wconf 85' lang='lat' dir='ltr'><strong>ipso</strong></span> <span class='ocrx_word' id='word_1_237' title='bbox 1462 2586 1495 2636; x_wconf 86' lang='lat' dir='ltr'><strong>et</strong></span> <span class='ocrx_word' id='word_1_238' title='bbox 1514 2569 1648 2635; x_wconf 88' lang='lat' dir='ltr'><strong>terrori-</strong></span> 
     </span>
     <span class='ocr_line' id='line_1_46' title="bbox 1011 2677 1646 2744; baseline 0.002 -6"><span class='ocrx_word' id='word_1_239' title='bbox 1011 2677 1068 2740; x_wconf 89' lang='lat' dir='ltr'><strong>bus</strong></span> <span class='ocrx_word' id='word_1_240' title='bbox 1084 2678 1165 2740; x_wconf 88' lang='lat' dir='ltr'><strong>illius</strong></span> <span class='ocrx_word' id='word_1_241' title='bbox 1185 2679 1282 2742; x_wconf 84' lang='lat' dir='ltr'><strong>noctis</strong></span> <span class='ocrx_word' id='word_1_242' title='bbox 1300 2681 1413 2744; x_wconf 71' lang='lat' dir='ltr'><strong>Samni</strong></span> <span class='ocrx_word' id='word_1_243' title='bbox 1437 2689 1646 2742; x_wconf 79' lang='lat' dir='ltr'><strong>enarraverat.</strong></span> 
     </span>
     <span class='ocr_line' id='line_1_47' title="bbox 1012 2783 1648 2870; baseline -0.003 -22"><span class='ocrx_word' id='word_1_244' title='bbox 1012 2783 1103 2848; x_wconf 85' lang='lat' dir='ltr'><strong>Hand</strong></span> <span class='ocrx_word' id='word_1_245' title='bbox 1123 2784 1312 2850; x_wconf 82' lang='lat' dir='ltr'><strong>satisfaciant</strong></span> <span class='ocrx_word' id='word_1_246' title='bbox 1336 2787 1456 2865; x_wconf 83' lang='lat' dir='ltr'><strong>lectori,</strong></span> <span class='ocrx_word' id='word_1_247' title='bbox 1478 2785 1648 2870; x_wconf 83' lang='lat' dir='ltr'><strong>quaerenti,</strong></span> 
     </span>
     <span class='ocr_line' id='line_1_48' title="bbox 1014 2890 1647 2966; baseline -0.002 -11"><span class='ocrx_word' id='word_1_248' title='bbox 1014 2913 1069 2956; x_wconf 89' lang='lat' dir='ltr'><strong>cur</strong></span> <span class='ocrx_word' id='word_1_249' title='bbox 1088 2892 1223 2966; x_wconf 76' lang='lat' dir='ltr'><strong>Absalon</strong></span> <span class='ocrx_word' id='word_1_250' title='bbox 1245 2891 1325 2956; x_wconf 83' lang='lat' dir='ltr'><strong>inter</strong></span> <span class='ocrx_word' id='word_1_251' title='bbox 1352 2892 1443 2958; x_wconf 85' lang='lat' dir='ltr'><strong>hasce</strong></span> <span class='ocrx_word' id='word_1_252' title='bbox 1478 2890 1579 2959; x_wconf 77' lang='lat' dir='ltr'><strong>cades</strong></span> <span class='ocrx_word' id='word_1_253' title='bbox 1611 2904 1647 2954; x_wconf 82' lang='lat' dir='ltr'><strong>et</strong></span> 
     </span>
     <span class='ocr_line' id='line_1_49' title="bbox 1010 3000 1650 3088; baseline -0.003 -24"><span class='ocrx_word' id='word_1_254' title='bbox 1010 3002 1130 3086; x_wconf 89' lang='lat' dir='ltr'><strong>quietus</strong></span> <span class='ocrx_word' id='word_1_255' title='bbox 1162 3013 1193 3062; x_wconf 87' lang='lat' dir='ltr'><strong>et</strong></span> <span class='ocrx_word' id='word_1_256' title='bbox 1222 3000 1354 3062; x_wconf 82' lang='lat' dir='ltr'><strong>intactus</strong></span> <span class='ocrx_word' id='word_1_257' title='bbox 1387 3001 1548 3088; x_wconf 79' lang='lat' dir='ltr'><strong>manserit3</strong></span> <span class='ocrx_word' id='word_1_258' title='bbox 1588 3019 1650 3063; x_wconf 86' lang='lat' dir='ltr'><strong>cnr</strong></span> 
     </span>
     <span class='ocr_line' id='line_1_50' title="bbox 1010 3101 1649 3184; baseline -0.002 -15"><span class='ocrx_word' id='word_1_259' title='bbox 1010 3129 1083 3184; x_wconf 91' lang='lat' dir='ltr'><strong>non,</strong></span> <span class='ocrx_word' id='word_1_260' title='bbox 1103 3127 1172 3169; x_wconf 90' lang='lat' dir='ltr'><strong>cnm</strong></span> <span class='ocrx_word' id='word_1_261' title='bbox 1188 3106 1233 3168; x_wconf 84' lang='lat' dir='ltr'><strong>vir</strong></span> <span class='ocrx_word' id='word_1_262' title='bbox 1250 3118 1327 3166; x_wconf 88' lang='lat' dir='ltr'><strong>esset</strong></span> <span class='ocrx_word' id='word_1_263' title='bbox 1350 3101 1552 3182; x_wconf 74' lang='lat' dir='ltr'><strong>Fortissimus,</strong></span> <span class='ocrx_word' id='word_1_264' title='bbox 1582 3127 1649 3168; x_wconf 85' lang='lat' dir='ltr'><strong>una</strong></span> 
     </span>
     <span class='ocr_line' id='line_1_51' title="bbox 1010 3210 1652 3298; baseline -0.003 -22"><span class='ocrx_word' id='word_1_265' title='bbox 1010 3234 1080 3277; x_wconf 89' lang='lat' dir='ltr'><strong>cnm</strong></span> <span class='ocrx_word' id='word_1_266' title='bbox 1094 3232 1167 3298; x_wconf 76' lang='lat' dir='ltr'><strong>rege</strong></span> <span class='ocrx_word' id='word_1_267' title='bbox 1186 3212 1217 3272; x_wconf 90' lang='lat' dir='ltr'><strong>ia</strong></span> <span class='ocrx_word' id='word_1_268' title='bbox 1238 3210 1421 3273; x_wconf 82' lang='lat' dir='ltr'><strong>Thetlernm</strong></span> <span class='ocrx_word' id='word_1_269' title='bbox 1441 3211 1652 3295; x_wconf 85' lang='lat' dir='ltr'><strong>prosiluerit;</strong></span> 
     </span>
     <span class='ocr_line' id='line_1_52' title="bbox 1009 3309 1654 3405; baseline -0.002 -23"><span class='ocrx_word' id='word_1_270' title='bbox 1009 3317 1163 3405; x_wconf 79' lang='lat' dir='ltr'><strong>qnoamdo</strong></span> <span class='ocrx_word' id='word_1_271' title='bbox 1193 3309 1340 3400; x_wconf 81' lang='lat' dir='ltr'><strong>deniqne,</strong></span> <span class='ocrx_word' id='word_1_272' title='bbox 1365 3317 1417 3402; x_wconf 82' lang='lat' dir='ltr'><strong>qui</strong></span> <span class='ocrx_word' id='word_1_273' title='bbox 1438 3317 1497 3380; x_wconf 88' lang='lat' dir='ltr'><strong>toti</strong></span> <span class='ocrx_word' id='word_1_274' title='bbox 1516 3316 1567 3381; x_wconf 85' lang='lat' dir='ltr'><strong>rei</strong></span> <span class='ocrx_word' id='word_1_275' title='bbox 1592 3339 1654 3404; x_wconf 81' lang='lat' dir='ltr'><strong>ge-</strong></span> 
     </span>
     <span class='ocr_line' id='line_1_53' title="bbox 1010 3421 1655 3508; baseline -0.005 -17"><span class='ocrx_word' id='word_1_276' title='bbox 1010 3441 1067 3491; x_wconf 80' lang='lat' dir='ltr'><strong>atae</strong></span> <span class='ocrx_word' id='word_1_277' title='bbox 1081 3424 1277 3504; x_wconf 83' lang='lat' dir='ltr'><strong>interfuisset,</strong></span> <span class='ocrx_word' id='word_1_278' title='bbox 1295 3423 1430 3488; x_wconf 88' lang='lat' dir='ltr'><strong>incertus</strong></span> <span class='ocrx_word' id='word_1_279' title='bbox 1450 3421 1513 3486; x_wconf 77' lang='lat' dir='ltr'><strong>esse</strong></span> <span class='ocrx_word' id='word_1_280' title='bbox 1531 3435 1655 3508; x_wconf 85' lang='lat' dir='ltr'><strong>potue-</strong></span> 
     </span>
     <span class='ocr_line' id='line_1_54' title="bbox 1009 3529 1655 3612; baseline -0.005 -17"><span class='ocrx_word' id='word_1_281' title='bbox 1009 3533 1061 3612; x_wconf 91' lang='lat' dir='ltr'><strong>rit,</strong></span> <span class='ocrx_word' id='word_1_282' title='bbox 1080 3547 1183 3596; x_wconf 89' lang='lat' dir='ltr'><strong>ntrum</strong></span> <span class='ocrx_word' id='word_1_283' title='bbox 1200 3529 1418 3599; x_wconf 84' lang='lat' dir='ltr'><strong>Waldemarns</strong></span> <span class='ocrx_word' id='word_1_284' title='bbox 1443 3552 1481 3592; x_wconf 88' lang='lat' dir='ltr'><strong>an</strong></span> <span class='ocrx_word' id='word_1_285' title='bbox 1503 3531 1655 3592; x_wconf 82' lang='lat' dir='ltr'><strong>Canutns</strong></span> 
     </span>
     <span class='ocr_line' id='line_1_55' title="bbox 1010 3636 1657 3722; baseline -0.003 -22"><span class='ocrx_word' id='word_1_286' title='bbox 1010 3639 1042 3700; x_wconf 89' lang='lat' dir='ltr'><strong>in</strong></span> <span class='ocrx_word' id='word_1_287' title='bbox 1056 3637 1230 3722; x_wconf 83' lang='lat' dir='ltr'><strong>pavimento</strong></span> <span class='ocrx_word' id='word_1_288' title='bbox 1249 3637 1363 3718; x_wconf 85' lang='lat' dir='ltr'><strong>jaceret</strong></span> <span class='ocrx_word' id='word_1_289' title='bbox 1376 3647 1560 3722; x_wconf 83' lang='lat' dir='ltr'><strong>prostratus.</strong></span> <span class='ocrx_word' id='word_1_290' title='bbox 1582 3636 1657 3701; x_wconf 76' lang='lat' dir='ltr'><strong>Sed</strong></span> 
     </span>
     <span class='ocr_line' id='line_1_56' title="bbox 1011 3742 1658 3828; baseline 0.003 -23"><span class='ocrx_word' id='word_1_291' title='bbox 1011 3743 1078 3806; x_wconf 81' lang='lat' dir='ltr'><strong>baec</strong></span> <span class='ocrx_word' id='word_1_292' title='bbox 1091 3742 1191 3814; x_wconf 84' lang='lat' dir='ltr'><strong>omnia</strong></span> <span class='ocrx_word' id='word_1_293' title='bbox 1204 3743 1357 3828; x_wconf 80' lang='lat' dir='ltr'><strong>egregiam</strong></span> <span class='ocrx_word' id='word_1_294' title='bbox 1375 3744 1473 3806; x_wconf 88' lang='lat' dir='ltr'><strong>lucem</strong></span> <span class='ocrx_word' id='word_1_295' title='bbox 1499 3755 1658 3806; x_wconf 85' lang='lat' dir='ltr'><strong>mutuan-</strong></span> 
     </span>
     <span class='ocr_line' id='line_1_57' title="bbox 1012 3849 1662 3938; baseline 0 -26"><span class='ocrx_word' id='word_1_296' title='bbox 1012 3861 1064 3912; x_wconf 87' lang='lat' dir='ltr'><strong>tur</strong></span> <span class='ocrx_word' id='word_1_297' title='bbox 1077 3869 1112 3911; x_wconf 86' lang='lat' dir='ltr'><strong>ex</strong></span> <span class='ocrx_word' id='word_1_298' title='bbox 1127 3849 1253 3912; x_wconf 89' lang='lat' dir='ltr'><strong>historia</strong></span> <span class='ocrx_word' id='word_1_299' title='bbox 1266 3850 1512 3934; x_wconf 79' lang='lat' dir='ltr'><strong>Rnytlingornm,</strong></span> <span class='ocrx_word' id='word_1_300' title='bbox 1529 3851 1562 3912; x_wconf 88' lang='lat' dir='ltr'><strong>iu</strong></span> <span class='ocrx_word' id='word_1_301' title='bbox 1585 3872 1662 3938; x_wconf 77' lang='lat' dir='ltr'><strong>qua</strong></span> 
     </span>
     <span class='ocr_line' id='line_1_58' title="bbox 1014 3951 1664 4042; baseline 0.003 -24"><span class='ocrx_word' id='word_1_302' title='bbox 1014 3955 1081 4018; x_wconf 84' lang='lat' dir='ltr'><strong>baec</strong></span> <span class='ocrx_word' id='word_1_303' title='bbox 1101 3954 1299 4020; x_wconf 74' lang='lat' dir='ltr'><strong>debbaalone</strong></span> <span class='ocrx_word' id='word_1_304' title='bbox 1313 3957 1456 4042; x_wconf 79' lang='lat' dir='ltr'><strong>legantur</strong></span> <span class='ocrx_word' id='word_1_305' title='bbox 1469 3977 1500 4040; x_wconf 90' lang='lat' dir='ltr'><strong>p.</strong></span> <span class='ocrx_word' id='word_1_306' title='bbox 1509 3951 1574 4019; x_wconf 82' lang='lat'><strong>367</strong></span> <span class='ocrx_word' id='word_1_307' title='bbox 1581 3977 1664 4042; x_wconf 69' lang='lat' dir='ltr'><strong>sip:</strong></span> 
     </span>
    </p>
   </div>
   <div class='ocr_carea' id='block_1_13' title="bbox 320 4056 1678 4892">
    <p class='ocr_par' dir='ltr' id='par_1_15' title="bbox 320 4056 1678 4892">
     <span class='ocr_line' id='line_1_59' title="bbox 320 4056 1666 4152; baseline -0.005 -27"><span class='ocrx_word' id='word_1_308' title='bbox 320 4061 513 4140; x_wconf 82' lang='lat' dir='ltr'><strong>Helmoltlns,</strong></span> <span class='ocrx_word' id='word_1_309' title='bbox 536 4061 589 4144; x_wconf 88' lang='lat' dir='ltr'><strong>qui</strong></span> <span class='ocrx_word' id='word_1_310' title='bbox 602 4059 670 4120; x_wconf 86' lang='lat' dir='ltr'><strong>baec</strong></span> <span class='ocrx_word' id='word_1_311' title='bbox 693 4080 755 4122; x_wconf 91' lang='lat' dir='ltr'><strong>non</strong></span> <span class='ocrx_word' id='word_1_312' title='bbox 776 4058 834 4120; x_wconf 89' lang='lat' dir='ltr'><strong>nisi</strong></span> <span class='ocrx_word' id='word_1_313' title='bbox 850 4056 950 4122; x_wconf 85' lang='lat' dir='ltr'><strong>breti·</strong></span> <span class='ocrx_word' id='word_1_314' title='bbox 1011 4065 1162 4135; x_wconf 61' lang='lat' dir='ltr'><strong>Abaton,</strong></span> <span class='ocrx_word' id='word_1_315' title='bbox 1199 4068 1250 4148; x_wconf 77' lang='lat' dir='ltr'><strong>qui</strong></span> <span class='ocrx_word' id='word_1_316' title='bbox 1276 4065 1379 4126; x_wconf 58' lang='lat' dir='ltr'><strong>deinde</strong></span> <span class='ocrx_word' id='word_1_317' title='bbox 1409 4064 1666 4152; x_wconf 57' lang='lat' dir='ltr'><strong>arelu&#39;episcopus</strong></span> 
     </span>
     <span class='ocr_line' id='line_1_60' title="bbox 321 4159 1667 4268; baseline 0.004 -39"><span class='ocrx_word' id='word_1_318' title='bbox 321 4180 368 4229; x_wconf 78' lang='lat' dir='ltr'><strong>let·</strong></span> <span class='ocrx_word' id='word_1_319' title='bbox 390 4167 492 4253; x_wconf 81' lang='lat' dir='ltr'><strong>attigit</strong></span> <span class='ocrx_word' id='word_1_320' title='bbox 517 4165 584 4245; x_wconf 84' lang='lat' dir='ltr'><strong>(lib.</strong></span> <span class='ocrx_word' id='word_1_321' title='bbox 603 4168 615 4228; x_wconf 94' lang='lat' dir='ltr'><strong>l</strong></span> <span class='ocrx_word' id='word_1_322' title='bbox 636 4184 702 4248; x_wconf 81' lang='lat' dir='ltr'><strong>cap.</strong></span> <span class='ocrx_word' id='word_1_323' title='bbox 719 4159 795 4244; x_wconf 75' lang='lat'><strong>84),</strong></span> <span class='ocrx_word' id='word_1_324' title='bbox 825 4167 875 4224; x_wconf 93' lang='lat' dir='ltr'><em>W</em></span> <span class='ocrx_word' id='word_1_325' title='bbox 871 4166 951 4226; x_wconf 85' lang='lat' dir='ltr'><strong>alde·</strong></span> <span class='ocrx_word' id='word_1_326' title='bbox 999 4171 1109 4256; x_wconf 84' lang='lat' dir='ltr'><strong>sactus</strong></span> <span class='ocrx_word' id='word_1_327' title='bbox 1135 4186 1202 4240; x_wconf 85' lang='lat' dir='ltr'><strong>est,</strong></span> <span class='ocrx_word' id='word_1_328' title='bbox 1231 4167 1425 4256; x_wconf 78' lang='lat' dir='ltr'><strong>baudsuerat</strong></span> <span class='ocrx_word' id='word_1_329' title='bbox 1449 4171 1480 4229; x_wconf 84' lang='lat' dir='ltr'><strong>in</strong></span> <span class='ocrx_word' id='word_1_330' title='bbox 1498 4169 1667 4268; x_wconf 58' lang='lat' dir='ltr'><strong>trsclt&#39;nep,</strong></span> 
     </span>
     <span class='ocr_line' id='line_1_61' title="bbox 321 4273 1669 4360; baseline -0.005 -25"><span class='ocrx_word' id='word_1_331' title='bbox 321 4273 835 4359; x_wconf 78' lang='lat' dir='ltr'><strong>marumjortiusexsilientemlumen</strong></span> <span class='ocrx_word' id='word_1_332' title='bbox 850 4279 951 4332; x_wconf 77' lang='lat' dir='ltr'><strong>excru-</strong></span> <span class='ocrx_word' id='word_1_333' title='bbox 1009 4301 1072 4338; x_wconf 75' lang='lat' dir='ltr'><strong>cum</strong></span> <span class='ocrx_word' id='word_1_334' title='bbox 1087 4276 1145 4336; x_wconf 73' lang='lat' dir='ltr'><strong>lae</strong></span> <span class='ocrx_word' id='word_1_335' title='bbox 1163 4293 1344 4360; x_wconf 66' lang='lat' dir='ltr'><strong>gererentur.</strong></span> <span class='ocrx_word' id='word_1_336' title='bbox 1394 4277 1448 4338; x_wconf 71' lang='lat' dir='ltr'><strong>Ille</strong></span> <span class='ocrx_word' id='word_1_337' title='bbox 1464 4275 1669 4342; x_wconf 62' lang='lat' dir='ltr'><strong>Waldema.</strong></span> 
     </span>
     <span class='ocr_line' id='line_1_62' title="bbox 321 4377 1670 4452; baseline 0.004 -12"><span class='ocrx_word' id='word_1_338' title='bbox 321 4381 399 4441; x_wconf 70' lang='lat' dir='ltr'><strong>ruse.</strong></span> <span class='ocrx_word' id='word_1_339' title='bbox 441 4381 518 4442; x_wconf 73' lang='lat' dir='ltr'><strong>Haec</strong></span> <span class='ocrx_word' id='word_1_340' title='bbox 535 4379 636 4444; x_wconf 86' lang='lat' dir='ltr'><strong>omnia</strong></span> <span class='ocrx_word' id='word_1_341' title='bbox 654 4377 731 4441; x_wconf 85' lang='lat' dir='ltr'><strong>bene</strong></span> <span class='ocrx_word' id='word_1_342' title='bbox 746 4377 827 4440; x_wconf 88' lang='lat' dir='ltr'><strong>inter</strong></span> <span class='ocrx_word' id='word_1_343' title='bbox 852 4395 884 4439; x_wconf 82' lang='lat' dir='ltr'><strong>se</strong></span> <span class='ocrx_word' id='word_1_344' title='bbox 900 4393 952 4437; x_wconf 88' lang='lat' dir='ltr'><strong>co·</strong></span> <span class='ocrx_word' id='word_1_345' title='bbox 1011 4406 1043 4441; x_wconf 91' lang='lat' dir='ltr'><strong>ro</strong></span> <span class='ocrx_word' id='word_1_346' title='bbox 1066 4406 1096 4442; x_wconf 89' lang='lat' dir='ltr'><strong>se</strong></span> <span class='ocrx_word' id='word_1_347' title='bbox 1121 4381 1279 4442; x_wconf 70' lang='lat' dir='ltr'><strong>addmerat</strong></span> <span class='ocrx_word' id='word_1_348' title='bbox 1289 4425 1301 4452; x_wconf 88' lang='lat'><strong>,</strong></span> <span class='ocrx_word' id='word_1_349' title='bbox 1328 4397 1357 4444; x_wconf 91' lang='lat' dir='ltr'><strong>et</strong></span> <span class='ocrx_word' id='word_1_350' title='bbox 1380 4384 1410 4442; x_wconf 88' lang='lat' dir='ltr'><strong>ei</strong></span> <span class='ocrx_word' id='word_1_351' title='bbox 1430 4396 1498 4442; x_wconf 87' lang='lat' dir='ltr'><strong>crat</strong></span> <span class='ocrx_word' id='word_1_352' title='bbox 1515 4387 1670 4448; x_wconf 78' lang='lat' dir='ltr'><strong>omnium</strong></span> 
     </span>
     <span class='ocr_line' id='line_1_63' title="bbox 320 4475 1673 4563; baseline 0.002 -19"><span class='ocrx_word' id='word_1_353' title='bbox 320 4475 447 4546; x_wconf 76' lang='lat' dir='ltr'><strong>ltoerent.</strong></span> <span class='ocrx_word' id='word_1_354' title='bbox 511 4484 674 4548; x_wconf 81' lang='lat' dir='ltr'><strong>Carnifice&#39;s</strong></span> <span class='ocrx_word' id='word_1_355' title='bbox 709 4481 876 4563; x_wconf 61' lang='lat' dir='ltr'><strong>triclinium</strong></span> <span class='ocrx_word' id='word_1_356' title='bbox 903 4481 949 4543; x_wconf 84' lang='lat' dir='ltr'><strong>ln·</strong></span> <span class='ocrx_word' id='word_1_357' title='bbox 1008 4491 1182 4550; x_wconf 70' lang='lat' dir='ltr'><strong>carissimus.</strong></span> <span class='ocrx_word' id='word_1_358' title='bbox 1231 4487 1367 4548; x_wconf 78' lang='lat' dir='ltr'><strong>Vicerat</strong></span> <span class='ocrx_word' id='word_1_359' title='bbox 1383 4491 1541 4550; x_wconf 84' lang='lat' dir='ltr'><strong>acerrimus</strong></span> <span class='ocrx_word' id='word_1_360' title='bbox 1568 4507 1613 4551; x_wconf 83' lang='lat' dir='ltr'><strong>ee</strong></span> <span class='ocrx_word' id='word_1_361' title='bbox 1634 4496 1673 4554; x_wconf 68' lang='lat' dir='ltr'><strong>in</strong></span> 
     </span>
     <span class='ocr_line' id='line_1_64' title="bbox 320 4587 1675 4662; baseline -0.001 -11"><span class='ocrx_word' id='word_1_362' title='bbox 320 4597 436 4652; x_wconf 77' lang='lat' dir='ltr'><strong>nantes</strong></span> <span class='ocrx_word' id='word_1_363' title='bbox 453 4589 610 4656; x_wconf 74' lang='lat' dir='ltr'><strong>luminatia</strong></span> <span class='ocrx_word' id='word_1_364' title='bbox 634 4592 667 4653; x_wconf 82' lang='lat' dir='ltr'><strong>ltt</strong></span> <span class='ocrx_word' id='word_1_365' title='bbox 689 4591 816 4654; x_wconf 75' lang='lat' dir='ltr'><strong>maxima</strong></span> <span class='ocrx_word' id='word_1_366' title='bbox 839 4587 949 4652; x_wconf 79' lang='lat' dir='ltr'><strong>aetllum</strong></span> <span class='ocrx_word' id='word_1_367' title='bbox 1007 4599 1100 4658; x_wconf 77' lang='lat' dir='ltr'><strong>armis</strong></span> <span class='ocrx_word' id='word_1_368' title='bbox 1118 4592 1285 4656; x_wconf 74' lang='lat' dir='ltr'><strong>tractandis</strong></span> <span class='ocrx_word' id='word_1_369' title='bbox 1302 4592 1521 4654; x_wconf 68' lang='lat' dir='ltr'><strong>audacissimus.</strong></span> <span class='ocrx_word' id='word_1_370' title='bbox 1577 4597 1675 4662; x_wconf 69' lang='lat' dir='ltr'><strong>Cum</strong></span> 
     </span>
     <span class='ocr_line' id='line_1_65' title="bbox 321 4691 1678 4786; baseline 0.004 -28"><span class='ocrx_word' id='word_1_371' title='bbox 321 4697 633 4780; x_wconf 77' lang='lat' dir='ltr'><strong>parteexstinxetnnt,</strong></span> <span class='ocrx_word' id='word_1_372' title='bbox 647 4698 697 4760; x_wconf 82' lang='lat' dir='ltr'><strong>vel</strong></span> <span class='ocrx_word' id='word_1_373' title='bbox 709 4709 744 4761; x_wconf 86' lang='lat' dir='ltr'><strong>ut</strong></span> <span class='ocrx_word' id='word_1_374' title='bbox 758 4693 892 4760; x_wconf 84' lang='lat' dir='ltr'><strong>tenebris</strong></span> <span class='ocrx_word' id='word_1_375' title='bbox 903 4691 948 4758; x_wconf 80' lang='lat' dir='ltr'><strong>la·</strong></span> <span class='ocrx_word' id='word_1_376' title='bbox 1009 4704 1102 4784; x_wconf 80' lang='lat' dir='ltr'><strong>igitur</strong></span> <span class='ocrx_word' id='word_1_377' title='bbox 1123 4723 1220 4761; x_wconf 83' lang='lat' dir='ltr'><strong>rumor</strong></span> <span class='ocrx_word' id='word_1_378' title='bbox 1233 4699 1326 4784; x_wconf 87' lang='lat' dir='ltr'><strong>saras</strong></span> <span class='ocrx_word' id='word_1_379' title='bbox 1340 4715 1531 4786; x_wconf 69' lang='lat' dir='ltr'><strong>spargeretur</strong></span> <span class='ocrx_word' id='word_1_380' title='bbox 1556 4701 1609 4764; x_wconf 80' lang='lat' dir='ltr'><strong>ale</strong></span> <span class='ocrx_word' id='word_1_381' title='bbox 1640 4731 1678 4771; x_wconf 69' lang='lat' dir='ltr'><strong>m</strong></span> 
     </span>
     <span class='ocr_line' id='line_1_66' title="bbox 320 4795 1678 4892; baseline -0.002 -24"><span class='ocrx_word' id='word_1_382' title='bbox 320 4803 406 4868; x_wconf 88' lang='lat' dir='ltr'><strong>cinus</strong></span> <span class='ocrx_word' id='word_1_383' title='bbox 440 4817 613 4886; x_wconf 84' lang='lat' dir='ltr'><strong>tegeretur,</strong></span> <span class='ocrx_word' id='word_1_384' title='bbox 650 4805 697 4869; x_wconf 85' lang='lat' dir='ltr'><strong>rel</strong></span> <span class='ocrx_word' id='word_1_385' title='bbox 726 4815 760 4868; x_wconf 87' lang='lat' dir='ltr'><strong>nt</strong></span> <span class='ocrx_word' id='word_1_386' title='bbox 787 4802 979 4866; x_wconf 68' lang='lat' dir='ltr'><strong>horrorems</strong></span> <span class='ocrx_word' id='word_1_387' title='bbox 1010 4811 1209 4889; x_wconf 72' lang='lat' dir='ltr'><strong>antespasto,</strong></span> <span class='ocrx_word' id='word_1_388' title='bbox 1230 4829 1326 4869; x_wconf 87' lang='lat' dir='ltr'><strong>omnes</strong></span> <span class='ocrx_word' id='word_1_389' title='bbox 1350 4807 1406 4879; x_wconf 86' lang='lat' dir='ltr'><strong>illi,</strong></span> <span class='ocrx_word' id='word_1_390' title='bbox 1424 4795 1540 4892; x_wconf 58' lang='lat' dir='ltr'><strong>&#39;painel</strong></span> <span class='ocrx_word' id='word_1_391' title='bbox 1561 4819 1678 4876; x_wconf 67' lang='lat' dir='ltr'><strong>comt.</strong></span> 
     </span>
    </p>
   </div>
   <div class='ocr_carea' id='block_1_14' title="bbox 0 0 1767 5460">
    <p class='ocr_par' dir='ltr' id='par_1_16' title="bbox 0 0 1767 5460">
     <span class='ocr_line' id='line_1_67' title="bbox 0 0 1767 5460; baseline 0 0"><span class='ocrx_word' id='word_1_392' title='bbox 0 0 1767 5460; x_wconf 95' lang='lat' dir='ltr'><strong> </strong></span> 
     </span>
    </p>
   </div>
  </div>
 </body>
</html>
