<?xml version="1.0" encoding="UTF-8"?>
<!DOCTYPE html PUBLIC "-//W3C//DTD XHTML 1.0 Transitional//EN"
    "http://www.w3.org/TR/xhtml1/DTD/xhtml1-transitional.dtd">
<html xmlns="http://www.w3.org/1999/xhtml" xml:lang="en" lang="en">
 <head>
  <title>
</title>
<meta http-equiv="Content-Type" content="text/html;charset=utf-8" />
  <meta name='ocr-system' content='tesseract 3.04.00' />
  <meta name='ocr-capabilities' content='ocr_page ocr_carea ocr_par ocr_line ocrx_word'/>
</head>
<body>
  <div class='ocr_page' id='page_1' title='image "./historiadanica01velsgoog_0145.png"; bbox 0 0 3524 5460; ppageno 0'>
   <div class='ocr_carea' id='block_1_1' title="bbox 358 216 1241 300">
    <p class='ocr_par' dir='ltr' id='par_1_1' title="bbox 358 216 1241 300">
     <span class='ocr_line' id='line_1_1' title="bbox 358 216 1241 300; baseline -0.011 -2"><span class='ocrx_word' id='word_1_1' title='bbox 358 227 431 300; x_wconf 75' lang='lat'><strong>682</strong></span> <span class='ocrx_word' id='word_1_2' title='bbox 687 217 1136 294; x_wconf 72' lang='lat' dir='ltr'><strong>antonntnttnnn</strong></span> <span class='ocrx_word' id='word_1_3' title='bbox 1149 216 1241 292; x_wconf 82' lang='lat' dir='ltr'><strong>XIV.</strong></span> 
     </span>
    </p>
   </div>
   <div class='ocr_carea' id='block_1_2' title="bbox 310 423 1624 1996">
    <p class='ocr_par' dir='ltr' id='par_1_2' title="bbox 310 423 1616 652">
     <span class='ocr_line' id='line_1_2' title="bbox 310 423 1616 530; baseline -0.005 -26"><span class='ocrx_word' id='word_1_4' title='bbox 310 447 405 522; x_wconf 78' lang='lat' dir='ltr'><strong>veut,</strong></span> <span class='ocrx_word' id='word_1_5' title='bbox 428 437 639 530; x_wconf 77' lang='lat' dir='ltr'><strong>procuratis,</strong></span> <span class='ocrx_word' id='word_1_6' title='bbox 652 433 714 530; x_wconf 93' lang='lat' dir='ltr'><strong>qni</strong></span> <span class='ocrx_word' id='word_1_7' title='bbox 737 448 873 530; x_wconf 80' lang='lat' dir='ltr'><strong>otergo</strong></span> <span class='ocrx_word' id='word_1_8' title='bbox 889 444 1054 504; x_wconf 88' lang='lat' dir='ltr'><strong>curarent</strong></span> <span class='ocrx_word' id='word_1_9' title='bbox 1075 426 1291 525; x_wconf 69' lang='lat' dir='ltr'><strong>humeroque</strong></span> <span class='ocrx_word' id='word_1_10' title='bbox 1306 423 1506 527; x_wconf 68' lang='lat' dir='ltr'><strong>retrogradi</strong></span> <span class='ocrx_word' id='word_1_11' title='bbox 1529 423 1616 526; x_wconf 86' lang='lat' dir='ltr'><strong>pel-</strong></span> 
     </span>
     <span class='ocr_line' id='line_1_3' title="bbox 313 547 1280 652; baseline -0.007 -25"><span class='ocrx_word' id='word_1_12' title='bbox 313 555 434 627; x_wconf 89' lang='lat' dir='ltr'><strong>lerent.</strong></span> <span class='ocrx_word' id='word_1_13' title='bbox 483 557 595 625; x_wconf 82' lang='lat' dir='ltr'><strong>Teuta</strong></span> <span class='ocrx_word' id='word_1_14' title='bbox 610 551 826 652; x_wconf 87' lang='lat' dir='ltr'><strong>plerumque</strong></span> <span class='ocrx_word' id='word_1_15' title='bbox 842 553 1051 628; x_wconf 69' lang='lat' dir='ltr'><strong>necessitatis</strong></span> <span class='ocrx_word' id='word_1_16' title='bbox 1070 547 1202 634; x_wconf 84' lang='lat' dir='ltr'><strong>fiducia</strong></span> <span class='ocrx_word' id='word_1_17' title='bbox 1218 563 1280 622; x_wconf 81' lang='lat' dir='ltr'><strong>est.</strong></span> 
     </span>
    </p>

    <p class='ocr_par' dir='ltr' id='par_1_3' title="bbox 314 666 1624 1996">
     <span class='ocr_line' id='line_1_4' title="bbox 444 666 1618 774; baseline -0.003 -27"><span class='ocrx_word' id='word_1_18' title='bbox 444 673 692 748; x_wconf 87' lang='lat' dir='ltr'><strong>TuncBarcho</strong></span> <span class='ocrx_word' id='word_1_19' title='bbox 708 673 867 772; x_wconf 87' lang='lat' dir='ltr'><strong>quidam,</strong></span> <span class='ocrx_word' id='word_1_20' title='bbox 882 679 1170 774; x_wconf 84' lang='lat' dir='ltr'><strong>promptissimos</strong></span> <span class='ocrx_word' id='word_1_21' title='bbox 1181 667 1350 744; x_wconf 81' lang='lat' dir='ltr'><strong>Svenooia</strong></span> <span class='ocrx_word' id='word_1_22' title='bbox 1363 666 1475 763; x_wconf 75' lang='lat' dir='ltr'><strong>milet,</strong></span> <span class='ocrx_word' id='word_1_23' title='bbox 1487 669 1537 742; x_wconf 80' lang='lat' dir='ltr'><strong>ab</strong></span> <span class='ocrx_word' id='word_1_24' title='bbox 1547 667 1618 744; x_wconf 77' lang='lat' dir='ltr'><strong>ed·</strong></span> 
     </span>
     <span class='ocr_line' id='line_1_5' title="bbox 314 789 1621 900; baseline -0.004 -29"><span class='ocrx_word' id='word_1_25' title='bbox 314 803 477 872; x_wconf 86' lang='lat' dir='ltr'><strong>versariis</strong></span> <span class='ocrx_word' id='word_1_26' title='bbox 510 793 670 893; x_wconf 90' lang='lat' dir='ltr'><strong>undique</strong></span> <span class='ocrx_word' id='word_1_27' title='bbox 699 799 960 900; x_wconf 73' lang='lat' dir='ltr'><strong>circumventus</strong></span> <span class='ocrx_word' id='word_1_28' title='bbox 990 801 1212 870; x_wconf 79' lang='lat' dir='ltr'><strong>innumeram</strong></span> <span class='ocrx_word' id='word_1_29' title='bbox 1240 817 1388 866; x_wconf 82' lang='lat' dir='ltr'><strong>manum</strong></span> <span class='ocrx_word' id='word_1_30' title='bbox 1417 789 1621 866; x_wconf 72' lang='lat' dir='ltr'><strong>admirabili</strong></span> 
     </span>
     <span class='ocr_line' id='line_1_6' title="bbox 316 899 1618 1014; baseline -0.005 -20"><span class='ocrx_word' id='word_1_31' title='bbox 316 920 414 994; x_wconf 88' lang='lat' dir='ltr'><strong>solus</strong></span> <span class='ocrx_word' id='word_1_32' title='bbox 431 921 557 991; x_wconf 88' lang='lat' dir='ltr'><strong>virtute</strong></span> <span class='ocrx_word' id='word_1_33' title='bbox 572 921 741 993; x_wconf 78' lang='lat' dir='ltr'><strong>sustinuit.</strong></span> <span class='ocrx_word' id='word_1_34' title='bbox 779 918 951 1014; x_wconf 83' lang='lat' dir='ltr'><strong>Tandem,</strong></span> <span class='ocrx_word' id='word_1_35' title='bbox 966 899 1105 992; x_wconf 72' lang='lat' dir='ltr'><strong>obfusis</strong></span> <span class='ocrx_word' id='word_1_36' title='bbox 1121 917 1255 992; x_wconf 84' lang='lat' dir='ltr'><strong>sudore</strong></span> <span class='ocrx_word' id='word_1_37' title='bbox 1268 913 1395 1006; x_wconf 87' lang='lat' dir='ltr'><strong>oculis,</strong></span> <span class='ocrx_word' id='word_1_38' title='bbox 1410 913 1520 1014; x_wconf 86' lang='lat' dir='ltr'><strong>pulso</strong></span> <span class='ocrx_word' id='word_1_39' title='bbox 1536 913 1618 1013; x_wconf 70' lang='lat' dir='ltr'><strong>oly-</strong></span> 
     </span>
     <span class='ocr_line' id='line_1_7' title="bbox 317 1035 1622 1142; baseline -0.002 -27"><span class='ocrx_word' id='word_1_40' title='bbox 317 1067 398 1142; x_wconf 90' lang='lat' dir='ltr'><strong>peo,</strong></span> <span class='ocrx_word' id='word_1_41' title='bbox 422 1041 546 1115; x_wconf 87' lang='lat' dir='ltr'><strong>ambas</strong></span> <span class='ocrx_word' id='word_1_42' title='bbox 573 1041 719 1138; x_wconf 89' lang='lat' dir='ltr'><strong>bipenni</strong></span> <span class='ocrx_word' id='word_1_43' title='bbox 740 1067 868 1116; x_wconf 88' lang='lat' dir='ltr'><strong>manus</strong></span> <span class='ocrx_word' id='word_1_44' title='bbox 883 1044 1057 1131; x_wconf 89' lang='lat' dir='ltr'><strong>inserere,</strong></span> <span class='ocrx_word' id='word_1_45' title='bbox 1087 1041 1291 1140; x_wconf 86' lang='lat' dir='ltr'><strong>promiscue</strong></span> <span class='ocrx_word' id='word_1_46' title='bbox 1323 1037 1460 1112; x_wconf 80' lang='lat' dir='ltr'><strong>caedem</strong></span> <span class='ocrx_word' id='word_1_47' title='bbox 1489 1035 1622 1128; x_wconf 85' lang='lat' dir='ltr'><strong>facere,</strong></span> 
     </span>
     <span class='ocr_line' id='line_1_8' title="bbox 316 1149 1621 1262; baseline -0.002 -25"><span class='ocrx_word' id='word_1_48' title='bbox 316 1164 436 1240; x_wconf 91' lang='lat' dir='ltr'><strong>hostes</strong></span> <span class='ocrx_word' id='word_1_49' title='bbox 452 1191 494 1237; x_wconf 88' lang='lat' dir='ltr'><strong>ac</strong></span> <span class='ocrx_word' id='word_1_50' title='bbox 510 1166 626 1238; x_wconf 85' lang='lat' dir='ltr'><strong>socios</strong></span> <span class='ocrx_word' id='word_1_51' title='bbox 639 1167 740 1262; x_wconf 85' lang='lat' dir='ltr'><strong>juxta</strong></span> <span class='ocrx_word' id='word_1_52' title='bbox 756 1149 869 1254; x_wconf 77' lang='lat' dir='ltr'><strong>ferire,</strong></span> <span class='ocrx_word' id='word_1_53' title='bbox 894 1163 984 1237; x_wconf 90' lang='lat' dir='ltr'><strong>nulli</strong></span> <span class='ocrx_word' id='word_1_54' title='bbox 1003 1172 1157 1262; x_wconf 88' lang='lat' dir='ltr'><strong>propius</strong></span> <span class='ocrx_word' id='word_1_55' title='bbox 1170 1166 1310 1236; x_wconf 87' lang='lat' dir='ltr'><strong>instanti</strong></span> <span class='ocrx_word' id='word_1_56' title='bbox 1327 1183 1488 1260; x_wconf 79' lang='lat' dir='ltr'><strong>parcere·</strong></span> <span class='ocrx_word' id='word_1_57' title='bbox 1539 1163 1621 1254; x_wconf 86' lang='lat' dir='ltr'><strong>Quo</strong></span> 
     </span>
     <span class='ocr_line' id='line_1_9' title="bbox 314 1282 1621 1379; baseline -0.003 -19"><span class='ocrx_word' id='word_1_58' title='bbox 314 1289 405 1376; x_wconf 72' lang='lat' dir='ltr'><strong>riso,</strong></span> <span class='ocrx_word' id='word_1_59' title='bbox 421 1285 687 1379; x_wconf 85' lang='lat' dir='ltr'><strong>Waldemarus,</strong></span> <span class='ocrx_word' id='word_1_60' title='bbox 709 1287 766 1360; x_wconf 89' lang='lat' dir='ltr'><strong>eui</strong></span> <span class='ocrx_word' id='word_1_61' title='bbox 779 1284 892 1360; x_wconf 86' lang='lat' dir='ltr'><strong>multa</strong></span> <span class='ocrx_word' id='word_1_62' title='bbox 915 1307 1039 1359; x_wconf 82' lang='lat' dir='ltr'><strong>secum</strong></span> <span class='ocrx_word' id='word_1_63' title='bbox 1057 1311 1100 1358; x_wconf 88' lang='lat' dir='ltr'><strong>ex</strong></span> <span class='ocrx_word' id='word_1_64' title='bbox 1126 1286 1237 1361; x_wconf 78' lang='lat' dir='ltr'><strong>reteri</strong></span> <span class='ocrx_word' id='word_1_65' title='bbox 1251 1284 1417 1360; x_wconf 84' lang='lat' dir='ltr'><strong>convictu</strong></span> <span class='ocrx_word' id='word_1_66' title='bbox 1431 1282 1621 1356; x_wconf 85' lang='lat' dir='ltr'><strong>familiari-</strong></span> 
     </span>
     <span class='ocr_line' id='line_1_10' title="bbox 318 1404 1623 1507; baseline -0.002 -25"><span class='ocrx_word' id='word_1_67' title='bbox 318 1425 478 1500; x_wconf 85' lang='lat' dir='ltr'><strong>taceret,</strong></span> <span class='ocrx_word' id='word_1_68' title='bbox 501 1410 820 1507; x_wconf 85' lang='lat' dir='ltr'><strong>memoriapriscac</strong></span> <span class='ocrx_word' id='word_1_69' title='bbox 850 1409 999 1482; x_wconf 86' lang='lat' dir='ltr'><strong>caritatis</strong></span> <span class='ocrx_word' id='word_1_70' title='bbox 1022 1423 1166 1482; x_wconf 88' lang='lat' dir='ltr'><strong>evectus</strong></span> <span class='ocrx_word' id='word_1_71' title='bbox 1198 1431 1294 1504; x_wconf 86' lang='lat' dir='ltr'><strong>equo</strong></span> <span class='ocrx_word' id='word_1_72' title='bbox 1327 1406 1427 1480; x_wconf 83' lang='lat' dir='ltr'><strong>ocius</strong></span> <span class='ocrx_word' id='word_1_73' title='bbox 1463 1404 1623 1494; x_wconf 80' lang='lat' dir='ltr'><strong>advolat,</strong></span> 
     </span>
     <span class='ocr_line' id='line_1_11' title="bbox 319 1527 1623 1630; baseline -0.002 -23"><span class='ocrx_word' id='word_1_74' title='bbox 319 1533 482 1607; x_wconf 82' lang='lat' dir='ltr'><strong>extremis</strong></span> <span class='ocrx_word' id='word_1_75' title='bbox 497 1532 599 1603; x_wconf 90' lang='lat' dir='ltr'><strong>amici</strong></span> <span class='ocrx_word' id='word_1_76' title='bbox 615 1530 724 1605; x_wconf 91' lang='lat' dir='ltr'><strong>rebus</strong></span> <span class='ocrx_word' id='word_1_77' title='bbox 740 1530 863 1606; x_wconf 85' lang='lat' dir='ltr'><strong>adesse</strong></span> <span class='ocrx_word' id='word_1_78' title='bbox 878 1532 1036 1630; x_wconf 88' lang='lat' dir='ltr'><strong>cupiens.</strong></span> <span class='ocrx_word' id='word_1_79' title='bbox 1093 1535 1208 1626; x_wconf 86' lang='lat' dir='ltr'><strong>Quem</strong></span> <span class='ocrx_word' id='word_1_80' title='bbox 1222 1527 1363 1602; x_wconf 82' lang='lat' dir='ltr'><strong>barcho</strong></span> <span class='ocrx_word' id='word_1_81' title='bbox 1379 1527 1623 1604; x_wconf 77' lang='lat' dir='ltr'><strong>adversarium</strong></span> 
     </span>
     <span class='ocr_line' id='line_1_12' title="bbox 320 1648 1623 1752; baseline 0.002 -28"><span class='ocrx_word' id='word_1_82' title='bbox 320 1669 428 1742; x_wconf 82' lang='lat' dir='ltr'><strong>ratus,</strong></span> <span class='ocrx_word' id='word_1_83' title='bbox 443 1650 550 1726; x_wconf 83' lang='lat' dir='ltr'><strong>relata</strong></span> <span class='ocrx_word' id='word_1_84' title='bbox 569 1653 713 1752; x_wconf 88' lang='lat' dir='ltr'><strong>bipenni</strong></span> <span class='ocrx_word' id='word_1_85' title='bbox 727 1655 911 1726; x_wconf 87' lang='lat' dir='ltr'><strong>instantem</strong></span> <span class='ocrx_word' id='word_1_86' title='bbox 928 1657 1071 1750; x_wconf 85' lang='lat' dir='ltr'><strong>appetit.</strong></span> <span class='ocrx_word' id='word_1_87' title='bbox 1124 1651 1192 1726; x_wconf 89' lang='lat' dir='ltr'><strong>Sed</strong></span> <span class='ocrx_word' id='word_1_88' title='bbox 1202 1648 1463 1744; x_wconf 80' lang='lat' dir='ltr'><strong>waldemarus,</strong></span> <span class='ocrx_word' id='word_1_89' title='bbox 1481 1677 1623 1750; x_wconf 76' lang='lat' dir='ltr'><strong>procre-</strong></span> 
     </span>
     <span class='ocr_line' id='line_1_13' title="bbox 322 1771 1624 1874; baseline 0.002 -29"><span class='ocrx_word' id='word_1_90' title='bbox 322 1779 384 1873; x_wconf 77' lang='lat' dir='ltr'><strong>pto</strong></span> <span class='ocrx_word' id='word_1_91' title='bbox 402 1798 455 1864; x_wconf 81' lang='lat' dir='ltr'><strong>eo,</strong></span> <span class='ocrx_word' id='word_1_92' title='bbox 472 1777 581 1848; x_wconf 91' lang='lat' dir='ltr'><strong>ictum</strong></span> <span class='ocrx_word' id='word_1_93' title='bbox 596 1781 696 1850; x_wconf 89' lang='lat' dir='ltr'><strong>ocior</strong></span> <span class='ocrx_word' id='word_1_94' title='bbox 707 1777 889 1850; x_wconf 75' lang='lat' dir='ltr'><strong>antevenit.</strong></span> <span class='ocrx_word' id='word_1_95' title='bbox 941 1773 1131 1850; x_wconf 85' lang='lat' dir='ltr'><strong>Mannbrio</strong></span> <span class='ocrx_word' id='word_1_96' title='bbox 1144 1772 1224 1848; x_wconf 91' lang='lat' dir='ltr'><strong>solo</strong></span> <span class='ocrx_word' id='word_1_97' title='bbox 1240 1771 1399 1872; x_wconf 73' lang='lat' dir='ltr'><strong>scapulo</strong></span> <span class='ocrx_word' id='word_1_98' title='bbox 1415 1775 1493 1874; x_wconf 86' lang='lat' dir='ltr'><strong>ejus</strong></span> <span class='ocrx_word' id='word_1_99' title='bbox 1506 1773 1624 1850; x_wconf 78' lang='lat' dir='ltr'><strong>rehe-</strong></span> 
     </span>
     <span class='ocr_line' id='line_1_14' title="bbox 322 1897 1624 1996; baseline 0.002 -29"><span class='ocrx_word' id='word_1_100' title='bbox 322 1914 456 1968; x_wconf 91' lang='lat' dir='ltr'><strong>menter</strong></span> <span class='ocrx_word' id='word_1_101' title='bbox 470 1898 638 1996; x_wconf 87' lang='lat' dir='ltr'><strong>impacto,</strong></span> <span class='ocrx_word' id='word_1_102' title='bbox 656 1899 789 1972; x_wconf 83' lang='lat' dir='ltr'><strong>ferrum</strong></span> <span class='ocrx_word' id='word_1_103' title='bbox 805 1898 941 1974; x_wconf 85' lang='lat' dir='ltr'><strong>excidit.</strong></span> <span class='ocrx_word' id='word_1_104' title='bbox 993 1900 1057 1972; x_wconf 78' lang='lat' dir='ltr'><strong>vix</strong></span> <span class='ocrx_word' id='word_1_105' title='bbox 1071 1897 1253 1972; x_wconf 90' lang='lat' dir='ltr'><strong>hominem</strong></span> <span class='ocrx_word' id='word_1_106' title='bbox 1270 1900 1358 1969; x_wconf 89' lang='lat' dir='ltr'><strong>inter</strong></span> <span class='ocrx_word' id='word_1_107' title='bbox 1373 1911 1426 1970; x_wconf 91' lang='lat' dir='ltr'><strong>tot</strong></span> <span class='ocrx_word' id='word_1_108' title='bbox 1439 1921 1559 1987; x_wconf 77' lang='lat' dir='ltr'><strong>mma,</strong></span> <span class='ocrx_word' id='word_1_109' title='bbox 1575 1911 1624 1972; x_wconf 90' lang='lat' dir='ltr'><strong>tot</strong></span> 
     </span>
    </p>
   </div>
   <div class='ocr_carea' id='block_1_3' title="bbox 323 2017 1736 2117">
    <p class='ocr_par' dir='ltr' id='par_1_4' title="bbox 323 2017 1736 2117">
     <span class='ocr_line' id='line_1_15' title="bbox 323 2017 1736 2117; baseline 0.004 -27"><span class='ocrx_word' id='word_1_110' title='bbox 323 2017 443 2092; x_wconf 83' lang='lat' dir='ltr'><strong>hostes</strong></span> <span class='ocrx_word' id='word_1_111' title='bbox 474 2019 638 2096; x_wconf 81' lang='lat' dir='ltr'><strong>obnixius</strong></span> <span class='ocrx_word' id='word_1_112' title='bbox 667 2027 954 2096; x_wconf 80' lang='lat' dir='ltr'><strong>contranitentem</strong></span> <span class='ocrx_word' id='word_1_113' title='bbox 987 2045 1132 2094; x_wconf 88' lang='lat' dir='ltr'><strong>servare</strong></span> <span class='ocrx_word' id='word_1_114' title='bbox 1161 2019 1288 2117; x_wconf 90' lang='lat' dir='ltr'><strong>potuit.</strong></span> <span class='ocrx_word' id='word_1_115' title='bbox 1375 2019 1450 2094; x_wconf 87' lang='lat' dir='ltr'><strong>Diu</strong></span> <span class='ocrx_word' id='word_1_116' title='bbox 1480 2019 1624 2094; x_wconf 84' lang='lat' dir='ltr'><strong>tandem</strong></span> <span class='ocrx_word' id='word_1_117' title='bbox 1733 2035 1736 2042; x_wconf 86' lang='grc'><strong>“</strong></span> 
     </span>
    </p>
   </div>
   <div class='ocr_carea' id='block_1_4' title="bbox 323 2138 1625 2978">
    <p class='ocr_par' dir='ltr' id='par_1_5' title="bbox 323 2138 1625 2612">
     <span class='ocr_line' id='line_1_16' title="bbox 323 2138 1625 2244; baseline 0.005 -32"><span class='ocrx_word' id='word_1_118' title='bbox 323 2138 544 2233; x_wconf 84' lang='lat' dir='ltr'><strong>obluctatum</strong></span> <span class='ocrx_word' id='word_1_119' title='bbox 566 2141 723 2236; x_wconf 86' lang='lat' dir='ltr'><strong>abducit,</strong></span> <span class='ocrx_word' id='word_1_120' title='bbox 747 2148 968 2240; x_wconf 89' lang='lat' dir='ltr'><strong>invitumque</strong></span> <span class='ocrx_word' id='word_1_121' title='bbox 990 2141 1094 2218; x_wconf 89' lang='lat' dir='ltr'><strong>saluti</strong></span> <span class='ocrx_word' id='word_1_122' title='bbox 1118 2148 1274 2218; x_wconf 82' lang='lat' dir='ltr'><strong>restituit.</strong></span> <span class='ocrx_word' id='word_1_123' title='bbox 1337 2147 1406 2238; x_wconf 89' lang='lat' dir='ltr'><strong>Qui</strong></span> <span class='ocrx_word' id='word_1_124' title='bbox 1430 2161 1625 2244; x_wconf 70' lang='lat' dir='ltr'><strong>poptquam</strong></span> 
     </span>
     <span class='ocr_line' id='line_1_17' title="bbox 323 2263 1624 2366; baseline 0.003 -30"><span class='ocrx_word' id='word_1_125' title='bbox 323 2285 363 2336; x_wconf 84' lang='lat' dir='ltr'><strong>se</strong></span> <span class='ocrx_word' id='word_1_126' title='bbox 380 2263 428 2336; x_wconf 88' lang='lat' dir='ltr'><strong>ab</strong></span> <span class='ocrx_word' id='word_1_127' title='bbox 445 2267 656 2339; x_wconf 86' lang='lat' dir='ltr'><strong>amicissimo</strong></span> <span class='ocrx_word' id='word_1_128' title='bbox 671 2264 813 2340; x_wconf 84' lang='lat' dir='ltr'><strong>salutari</strong></span> <span class='ocrx_word' id='word_1_129' title='bbox 829 2267 991 2364; x_wconf 88' lang='lat' dir='ltr'><strong>captione</strong></span> <span class='ocrx_word' id='word_1_130' title='bbox 1009 2263 1168 2363; x_wconf 85' lang='lat' dir='ltr'><strong>pertrahi</strong></span> <span class='ocrx_word' id='word_1_131' title='bbox 1182 2265 1288 2362; x_wconf 85' lang='lat' dir='ltr'><strong>ridet,</strong></span> <span class='ocrx_word' id='word_1_132' title='bbox 1312 2263 1462 2340; x_wconf 85' lang='lat' dir='ltr'><strong>libenter</strong></span> <span class='ocrx_word' id='word_1_133' title='bbox 1477 2265 1624 2366; x_wconf 88' lang='lat' dir='ltr'><strong>quidem</strong></span> 
     </span>
     <span class='ocr_line' id='line_1_18' title="bbox 324 2385 1625 2488; baseline 0.003 -30"><span class='ocrx_word' id='word_1_134' title='bbox 324 2388 403 2484; x_wconf 87' lang='lat' dir='ltr'><strong>ejus</strong></span> <span class='ocrx_word' id='word_1_135' title='bbox 415 2411 522 2486; x_wconf 90' lang='lat' dir='ltr'><strong>opem</strong></span> <span class='ocrx_word' id='word_1_136' title='bbox 548 2393 708 2486; x_wconf 86' lang='lat' dir='ltr'><strong>excipere</strong></span> <span class='ocrx_word' id='word_1_137' title='bbox 724 2386 825 2480; x_wconf 83' lang='lat' dir='ltr'><strong>dixit,</strong></span> <span class='ocrx_word' id='word_1_138' title='bbox 857 2385 923 2462; x_wconf 90' lang='lat' dir='ltr'><strong>sed</strong></span> <span class='ocrx_word' id='word_1_139' title='bbox 944 2391 1081 2462; x_wconf 86' lang='lat' dir='ltr'><strong>nonita</strong></span> <span class='ocrx_word' id='word_1_140' title='bbox 1099 2389 1151 2462; x_wconf 89' lang='lat' dir='ltr'><strong>uti</strong></span> <span class='ocrx_word' id='word_1_141' title='bbox 1165 2386 1358 2482; x_wconf 82' lang='lat' dir='ltr'><strong>hacrelle,</strong></span> <span class='ocrx_word' id='word_1_142' title='bbox 1393 2403 1434 2462; x_wconf 93' lang='lat' dir='ltr'><strong>ut</strong></span> <span class='ocrx_word' id='word_1_143' title='bbox 1457 2395 1625 2488; x_wconf 76' lang='lat' dir='ltr'><strong>captivo-</strong></span> 
     </span>
     <span class='ocr_line' id='line_1_19' title="bbox 323 2509 1624 2612; baseline 0.003 -30"><span class='ocrx_word' id='word_1_144' title='bbox 323 2535 404 2582; x_wconf 88' lang='lat' dir='ltr'><strong>rum</strong></span> <span class='ocrx_word' id='word_1_145' title='bbox 422 2535 521 2582; x_wconf 87' lang='lat' dir='ltr'><strong>more</strong></span> <span class='ocrx_word' id='word_1_146' title='bbox 538 2509 660 2584; x_wconf 86' lang='lat' dir='ltr'><strong>clunes</strong></span> <span class='ocrx_word' id='word_1_147' title='bbox 674 2514 757 2611; x_wconf 88' lang='lat' dir='ltr'><strong>equi</strong></span> <span class='ocrx_word' id='word_1_148' title='bbox 773 2510 956 2610; x_wconf 90' lang='lat' dir='ltr'><strong>sequendo</strong></span> <span class='ocrx_word' id='word_1_149' title='bbox 972 2509 1110 2584; x_wconf 89' lang='lat' dir='ltr'><strong>soedum</strong></span> <span class='ocrx_word' id='word_1_150' title='bbox 1126 2511 1172 2585; x_wconf 90' lang='lat' dir='ltr'><strong>de</strong></span> <span class='ocrx_word' id='word_1_151' title='bbox 1191 2535 1229 2596; x_wconf 77' lang='lat' dir='ltr'><strong>se</strong></span> <span class='ocrx_word' id='word_1_152' title='bbox 1250 2509 1496 2612; x_wconf 68' lang='lat' dir='ltr'><strong>spectaculum</strong></span> <span class='ocrx_word' id='word_1_153' title='bbox 1510 2511 1624 2586; x_wconf 80' lang='lat' dir='ltr'><strong>saciat.</strong></span> 
     </span>
    </p>

    <p class='ocr_par' dir='ltr' id='par_1_6' title="bbox 324 2631 1625 2978">
     <span class='ocr_line' id='line_1_20' title="bbox 454 2631 1625 2734; baseline 0.003 -29"><span class='ocrx_word' id='word_1_154' title='bbox 454 2633 589 2705; x_wconf 86' lang='lat' dir='ltr'><strong>Verum</strong></span> <span class='ocrx_word' id='word_1_155' title='bbox 604 2656 647 2703; x_wconf 89' lang='lat' dir='ltr'><strong>ex</strong></span> <span class='ocrx_word' id='word_1_156' title='bbox 669 2649 770 2730; x_wconf 87' lang='lat' dir='ltr'><strong>parte</strong></span> <span class='ocrx_word' id='word_1_157' title='bbox 784 2636 911 2708; x_wconf 87' lang='lat' dir='ltr'><strong>Canuti</strong></span> <span class='ocrx_word' id='word_1_158' title='bbox 932 2631 991 2706; x_wconf 89' lang='lat' dir='ltr'><strong>alii</strong></span> <span class='ocrx_word' id='word_1_159' title='bbox 1014 2636 1196 2709; x_wconf 87' lang='lat' dir='ltr'><strong>confestim</strong></span> <span class='ocrx_word' id='word_1_160' title='bbox 1219 2635 1341 2734; x_wconf 82' lang='lat' dir='ltr'><strong>fugam</strong></span> <span class='ocrx_word' id='word_1_161' title='bbox 1365 2634 1518 2727; x_wconf 54' lang='lat' dir='ltr'><strong>taceret</strong></span> <span class='ocrx_word' id='word_1_162' title='bbox 1541 2659 1625 2733; x_wconf 85' lang='lat' dir='ltr'><strong>pars</strong></span> 
     </span>
     <span class='ocr_line' id='line_1_21' title="bbox 324 2749 1624 2856; baseline 0.003 -30"><span class='ocrx_word' id='word_1_163' title='bbox 324 2751 461 2852; x_wconf 89' lang='lat' dir='ltr'><strong>oppido</strong></span> <span class='ocrx_word' id='word_1_164' title='bbox 475 2749 648 2826; x_wconf 88' lang='lat' dir='ltr'><strong>latebram</strong></span> <span class='ocrx_word' id='word_1_165' title='bbox 662 2780 831 2851; x_wconf 85' lang='lat' dir='ltr'><strong>quaerere,</strong></span> <span class='ocrx_word' id='word_1_166' title='bbox 846 2754 1005 2830; x_wconf 90' lang='lat' dir='ltr'><strong>nonnulli</strong></span> <span class='ocrx_word' id='word_1_167' title='bbox 1021 2781 1087 2854; x_wconf 88' lang='lat' dir='ltr'><strong>per</strong></span> <span class='ocrx_word' id='word_1_168' title='bbox 1103 2755 1239 2831; x_wconf 88' lang='lat' dir='ltr'><strong>medias</strong></span> <span class='ocrx_word' id='word_1_169' title='bbox 1253 2759 1332 2856; x_wconf 87' lang='lat' dir='ltr'><strong>ejus</strong></span> <span class='ocrx_word' id='word_1_170' title='bbox 1347 2757 1483 2856; x_wconf 79' lang='lat' dir='ltr'><strong>plateas</strong></span> <span class='ocrx_word' id='word_1_171' title='bbox 1497 2779 1624 2830; x_wconf 84' lang='lat' dir='ltr'><strong>erum-</strong></span> 
     </span>
     <span class='ocr_line' id='line_1_22' title="bbox 324 2875 1625 2978; baseline 0.005 -32"><span class='ocrx_word' id='word_1_172' title='bbox 324 2899 421 2973; x_wconf 87' lang='lat' dir='ltr'><strong>pere.</strong></span> <span class='ocrx_word' id='word_1_173' title='bbox 454 2875 612 2948; x_wconf 84' lang='lat' dir='ltr'><strong>Canutus</strong></span> <span class='ocrx_word' id='word_1_174' title='bbox 626 2878 703 2973; x_wconf 87' lang='lat' dir='ltr'><strong>ipse</strong></span> <span class='ocrx_word' id='word_1_175' title='bbox 720 2903 786 2976; x_wconf 88' lang='lat' dir='ltr'><strong>per</strong></span> <span class='ocrx_word' id='word_1_176' title='bbox 800 2880 1063 2978; x_wconf 85' lang='lat' dir='ltr'><strong>angustissimas</strong></span> <span class='ocrx_word' id='word_1_177' title='bbox 1082 2881 1288 2976; x_wconf 76' lang='lat' dir='ltr'><strong>vieipertes</strong></span> <span class='ocrx_word' id='word_1_178' title='bbox 1303 2903 1398 2978; x_wconf 89' lang='lat' dir='ltr'><strong>equo</strong></span> <span class='ocrx_word' id='word_1_179' title='bbox 1413 2897 1536 2956; x_wconf 81' lang='lat' dir='ltr'><strong>rectus</strong></span> <span class='ocrx_word' id='word_1_180' title='bbox 1550 2883 1625 2954; x_wconf 85' lang='lat' dir='ltr'><strong>eri-</strong></span> 
     </span>
    </p>
   </div>
   <div class='ocr_carea' id='block_1_5' title="bbox 271 2999 1747 3713">
    <p class='ocr_par' dir='ltr' id='par_1_7' title="bbox 271 2999 1747 3713">
     <span class='ocr_line' id='line_1_23' title="bbox 325 2999 1747 3100; baseline 0.006 -34"><span class='ocrx_word' id='word_1_181' title='bbox 325 3003 431 3094; x_wconf 83' lang='lat' dir='ltr'><strong>pitur.</strong></span> <span class='ocrx_word' id='word_1_182' title='bbox 487 2999 672 3095; x_wconf 85' lang='lat' dir='ltr'><strong>Occupati,</strong></span> <span class='ocrx_word' id='word_1_183' title='bbox 706 3001 768 3097; x_wconf 93' lang='lat' dir='ltr'><strong>qui</strong></span> <span class='ocrx_word' id='word_1_184' title='bbox 790 3005 828 3072; x_wconf 88' lang='lat' dir='ltr'><strong>iu</strong></span> <span class='ocrx_word' id='word_1_185' title='bbox 840 3003 959 3075; x_wconf 84' lang='lat' dir='ltr'><strong>vicum</strong></span> <span class='ocrx_word' id='word_1_186' title='bbox 977 2999 1226 3100; x_wconf 80' lang='lat' dir='ltr'><strong>profugerent,</strong></span> <span class='ocrx_word' id='word_1_187' title='bbox 1249 3019 1284 3076; x_wconf 92' lang='lat' dir='ltr'><strong>ct</strong></span> <span class='ocrx_word' id='word_1_188' title='bbox 1308 3005 1345 3076; x_wconf 91' lang='lat' dir='ltr'><strong>iu</strong></span> <span class='ocrx_word' id='word_1_189' title='bbox 1367 3027 1476 3078; x_wconf 87' lang='lat' dir='ltr'><strong>onam</strong></span> <span class='ocrx_word' id='word_1_190' title='bbox 1497 3003 1625 3079; x_wconf 67' lang='lat' dir='ltr'><strong>ndum</strong></span> <span class='ocrx_word' id='word_1_191' title='bbox 1746 2999 1747 3015; x_wconf 56' lang='lat'>¹</span> 
     </span>
     <span class='ocr_line' id='line_1_24' title="bbox 326 3117 1626 3226; baseline 0.007 -37"><span class='ocrx_word' id='word_1_192' title='bbox 326 3119 456 3215; x_wconf 85' lang='lat' dir='ltr'><strong>captivi</strong></span> <span class='ocrx_word' id='word_1_193' title='bbox 476 3117 674 3192; x_wconf 88' lang='lat' dir='ltr'><strong>traduntur.</strong></span> <span class='ocrx_word' id='word_1_194' title='bbox 739 3121 796 3195; x_wconf 82' lang='lat' dir='ltr'><strong>Ad</strong></span> <span class='ocrx_word' id='word_1_195' title='bbox 819 3148 911 3223; x_wconf 89' lang='lat' dir='ltr'><strong>quos</strong></span> <span class='ocrx_word' id='word_1_196' title='bbox 931 3126 1146 3226; x_wconf 83' lang='lat' dir='ltr'><strong>introgresso</strong></span> <span class='ocrx_word' id='word_1_197' title='bbox 1167 3149 1272 3224; x_wconf 80' lang='lat' dir='ltr'><strong>rege,</strong></span> <span class='ocrx_word' id='word_1_198' title='bbox 1311 3125 1439 3218; x_wconf 84' lang='lat' dir='ltr'><strong>Helias,</strong></span> <span class='ocrx_word' id='word_1_199' title='bbox 1463 3127 1626 3223; x_wconf 82' lang='lat' dir='ltr'><strong>Ripensis</strong></span> 
     </span>
     <span class='ocr_line' id='line_1_25' title="bbox 326 3235 1747 3350; baseline 0.006 -39"><span class='ocrx_word' id='word_1_200' title='bbox 326 3241 489 3330; x_wconf 85' lang='lat' dir='ltr'><strong>antistes,</strong></span> <span class='ocrx_word' id='word_1_201' title='bbox 527 3242 788 3342; x_wconf 89' lang='lat' dir='ltr'><strong>circumspectis</strong></span> <span class='ocrx_word' id='word_1_202' title='bbox 810 3247 1003 3337; x_wconf 87' lang='lat' dir='ltr'><strong>omnibus,</strong></span> <span class='ocrx_word' id='word_1_203' title='bbox 1027 3245 1258 3320; x_wconf 90' lang='lat' dir='ltr'><strong>hortulanum</strong></span> <span class='ocrx_word' id='word_1_204' title='bbox 1289 3251 1362 3350; x_wconf 75' lang='lat' dir='ltr'><strong>regi</strong></span> <span class='ocrx_word' id='word_1_205' title='bbox 1385 3235 1626 3322; x_wconf 86' lang='lat' dir='ltr'><strong>aemulandum</strong></span> <span class='ocrx_word' id='word_1_206' title='bbox 1746 3235 1747 3257; x_wconf 54' lang='lat'>¹</span> 
     </span>
     <span class='ocr_line' id='line_1_26' title="bbox 271 3362 1747 3464; baseline 0.007 -31"><span class='ocrx_word' id='word_1_207' title='bbox 271 3447 276 3457; x_wconf 30' lang='grc' dir='ltr'>Ι</span> <span class='ocrx_word' id='word_1_208' title='bbox 326 3362 456 3461; x_wconf 85' lang='lat' dir='ltr'><strong>ajebat,</strong></span> <span class='ocrx_word' id='word_1_209' title='bbox 481 3363 543 3460; x_wconf 90' lang='lat' dir='ltr'><strong>qui</strong></span> <span class='ocrx_word' id='word_1_210' title='bbox 561 3362 705 3438; x_wconf 89' lang='lat' dir='ltr'><strong>utilibus</strong></span> <span class='ocrx_word' id='word_1_211' title='bbox 718 3364 841 3444; x_wconf 86' lang='lat' dir='ltr'><strong>herbis</strong></span> <span class='ocrx_word' id='word_1_212' title='bbox 858 3371 1073 3442; x_wconf 86' lang='lat' dir='ltr'><strong>incrementa</strong></span> <span class='ocrx_word' id='word_1_213' title='bbox 1088 3367 1256 3464; x_wconf 87' lang='lat' dir='ltr'><strong>conciliat,</strong></span> <span class='ocrx_word' id='word_1_214' title='bbox 1282 3375 1393 3448; x_wconf 87' lang='lat' dir='ltr'><strong>noxiis</strong></span> <span class='ocrx_word' id='word_1_215' title='bbox 1417 3372 1538 3445; x_wconf 92' lang='lat' dir='ltr'><strong>locum</strong></span> <span class='ocrx_word' id='word_1_216' title='bbox 1555 3395 1626 3444; x_wconf 89' lang='lat' dir='ltr'><strong>va·</strong></span> <span class='ocrx_word' id='word_1_217' title='bbox 1746 3430 1747 3452; x_wconf 66' lang='lat'><strong>,</strong></span> 
     </span>
     <span class='ocr_line' id='line_1_27' title="bbox 326 3484 1747 3593; baseline 0.008 -34"><span class='ocrx_word' id='word_1_218' title='bbox 326 3486 482 3560; x_wconf 83' lang='lat' dir='ltr'><strong>coesacit.</strong></span> <span class='ocrx_word' id='word_1_219' title='bbox 539 3484 647 3582; x_wconf 89' lang='lat' dir='ltr'><strong>Quod</strong></span> <span class='ocrx_word' id='word_1_220' title='bbox 671 3487 802 3564; x_wconf 89' lang='lat' dir='ltr'><strong>dictum</strong></span> <span class='ocrx_word' id='word_1_221' title='bbox 829 3493 947 3590; x_wconf 88' lang='lat' dir='ltr'><strong>specie</strong></span> <span class='ocrx_word' id='word_1_222' title='bbox 971 3489 1159 3564; x_wconf 88' lang='lat' dir='ltr'><strong>horridum</strong></span> <span class='ocrx_word' id='word_1_223' title='bbox 1193 3495 1224 3564; x_wconf 86' lang='lat' dir='ltr'><strong>ei</strong></span> <span class='ocrx_word' id='word_1_224' title='bbox 1266 3498 1346 3593; x_wconf 90' lang='lat' dir='ltr'><strong>quis</strong></span> <span class='ocrx_word' id='word_1_225' title='bbox 1371 3493 1476 3568; x_wconf 90' lang='lat' dir='ltr'><strong>altius</strong></span> <span class='ocrx_word' id='word_1_226' title='bbox 1510 3507 1628 3566; x_wconf 87' lang='lat' dir='ltr'><strong>mente</strong></span> <span class='ocrx_word' id='word_1_227' title='bbox 1746 3517 1747 3570; x_wconf 63' lang='lat'><em>3</em></span> 
     </span>
     <span class='ocr_line' id='line_1_28' title="bbox 326 3611 1747 3713; baseline 0.008 -33"><span class='ocrx_word' id='word_1_228' title='bbox 326 3611 532 3708; x_wconf 88' lang='lat' dir='ltr'><strong>perspiciat,</strong></span> <span class='ocrx_word' id='word_1_229' title='bbox 576 3633 714 3682; x_wconf 89' lang='lat' dir='ltr'><strong>summa</strong></span> <span class='ocrx_word' id='word_1_230' title='bbox 744 3613 911 3687; x_wconf 86' lang='lat' dir='ltr'><strong>industria</strong></span> <span class='ocrx_word' id='word_1_231' title='bbox 950 3629 1181 3713; x_wconf 83' lang='lat' dir='ltr'><strong>procuratum</strong></span> <span class='ocrx_word' id='word_1_232' title='bbox 1206 3614 1365 3709; x_wconf 85' lang='lat' dir='ltr'><strong>fatentur,</strong></span> <span class='ocrx_word' id='word_1_233' title='bbox 1389 3639 1535 3690; x_wconf 82' lang='lat' dir='ltr'><strong>necesse</strong></span> <span class='ocrx_word' id='word_1_234' title='bbox 1566 3631 1628 3690; x_wconf 84' lang='lat' dir='ltr'><strong>est.</strong></span> <span class='ocrx_word' id='word_1_235' title='bbox 1746 3667 1747 3676; x_wconf 60' lang='lat'><strong>.</strong></span> 
     </span>
    </p>
   </div>
   <div class='ocr_carea' id='block_1_6' title="bbox 326 3730 1747 3972">
    <p class='ocr_par' dir='ltr' id='par_1_8' title="bbox 326 3730 1747 3972">
     <span class='ocr_line' id='line_1_29' title="bbox 326 3730 1747 3846; baseline 0.007 -44"><span class='ocrx_word' id='word_1_236' title='bbox 326 3730 454 3804; x_wconf 82' lang='lat' dir='ltr'><strong>Abcise</strong></span> <span class='ocrx_word' id='word_1_237' title='bbox 470 3739 562 3806; x_wconf 85' lang='lat' dir='ltr'><strong>enim</strong></span> <span class='ocrx_word' id='word_1_238' title='bbox 578 3761 665 3826; x_wconf 88' lang='lat' dir='ltr'><strong>rem,</strong></span> <span class='ocrx_word' id='word_1_239' title='bbox 688 3734 752 3808; x_wconf 87' lang='lat' dir='ltr'><strong>sed</strong></span> <span class='ocrx_word' id='word_1_240' title='bbox 770 3740 914 3834; x_wconf 89' lang='lat' dir='ltr'><strong>copiose</strong></span> <span class='ocrx_word' id='word_1_241' title='bbox 938 3735 1111 3810; x_wconf 88' lang='lat' dir='ltr'><strong>disseruit.</strong></span> <span class='ocrx_word' id='word_1_242' title='bbox 1173 3738 1239 3808; x_wconf 91' lang='lat' dir='ltr'><strong>Cui</strong></span> <span class='ocrx_word' id='word_1_243' title='bbox 1253 3738 1281 3808; x_wconf 92' lang='lat' dir='ltr'><strong>si</strong></span> <span class='ocrx_word' id='word_1_244' title='bbox 1297 3739 1413 3812; x_wconf 89' lang='lat' dir='ltr'><strong>Sveuo</strong></span> <span class='ocrx_word' id='word_1_245' title='bbox 1430 3739 1628 3812; x_wconf 85' lang='lat' dir='ltr'><strong>obsecutus</strong></span> <span class='ocrx_word' id='word_1_246' title='bbox 1746 3823 1747 3846; x_wconf 55' lang='lat'><strong>,</strong></span> 
     </span>
     <span class='ocr_line' id='line_1_30' title="bbox 326 3855 1747 3972; baseline 0.005 -44"><span class='ocrx_word' id='word_1_247' title='bbox 326 3855 460 3948; x_wconf 84' lang='lat' dir='ltr'><strong>inisset,</strong></span> <span class='ocrx_word' id='word_1_248' title='bbox 482 3858 800 3972; x_wconf 83' lang='lat' dir='ltr'><strong>prosectoomncm</strong></span> <span class='ocrx_word' id='word_1_249' title='bbox 825 3859 940 3932; x_wconf 85' lang='lat' dir='ltr'><strong>aemuli</strong></span> <span class='ocrx_word' id='word_1_250' title='bbox 963 3856 1131 3932; x_wconf 89' lang='lat' dir='ltr'><strong>fiduciam</strong></span> <span class='ocrx_word' id='word_1_251' title='bbox 1146 3858 1336 3956; x_wconf 87' lang='lat' dir='ltr'><strong>sepelisset.</strong></span> <span class='ocrx_word' id='word_1_252' title='bbox 1388 3863 1455 3954; x_wconf 89' lang='lat' dir='ltr'><strong>Qui</strong></span> <span class='ocrx_word' id='word_1_253' title='bbox 1468 3861 1553 3934; x_wconf 87' lang='lat' dir='ltr'><strong>licet</strong></span> <span class='ocrx_word' id='word_1_254' title='bbox 1567 3867 1629 3934; x_wconf 90' lang='lat' dir='ltr'><strong>in·</strong></span> <span class='ocrx_word' id='word_1_255' title='bbox 1746 3913 1747 3958; x_wconf 76' lang='lat'>3</span> 
     </span>
    </p>
   </div>
   <div class='ocr_carea' id='block_1_7' title="bbox 325 3980 1747 4080">
    <p class='ocr_par' dir='ltr' id='par_1_9' title="bbox 325 3980 1747 4080">
     <span class='ocr_line' id='line_1_31' title="bbox 325 3980 1747 4080; baseline 0.004 -28"><span class='ocrx_word' id='word_1_256' title='bbox 325 3981 497 4077; x_wconf 79' lang='lat' dir='ltr'><strong>juriacum</strong></span> <span class='ocrx_word' id='word_1_257' title='bbox 512 3988 653 4054; x_wconf 90' lang='lat' dir='ltr'><strong>nomine</strong></span> <span class='ocrx_word' id='word_1_258' title='bbox 672 3980 860 4053; x_wconf 87' lang='lat' dir='ltr'><strong>vindictam</strong></span> <span class='ocrx_word' id='word_1_259' title='bbox 876 4005 897 4052; x_wconf 89' lang='lat' dir='ltr'><strong>a</strong></span> <span class='ocrx_word' id='word_1_260' title='bbox 913 3987 1024 4079; x_wconf 89' lang='lat' dir='ltr'><strong>captis</strong></span> <span class='ocrx_word' id='word_1_261' title='bbox 1038 3983 1177 4080; x_wconf 84' lang='lat' dir='ltr'><strong>exigere</strong></span> <span class='ocrx_word' id='word_1_262' title='bbox 1192 3989 1373 4080; x_wconf 90' lang='lat' dir='ltr'><strong>potuisset,</strong></span> <span class='ocrx_word' id='word_1_263' title='bbox 1390 3983 1437 4056; x_wconf 87' lang='lat' dir='ltr'><strong>ad</strong></span> <span class='ocrx_word' id='word_1_264' title='bbox 1453 3985 1628 4056; x_wconf 89' lang='lat' dir='ltr'><strong>mitiorem</strong></span> <span class='ocrx_word' id='word_1_265' title='bbox 1682 3985 1694 3998; x_wconf 85' lang='lat'>&#39;</span> <span class='ocrx_word' id='word_1_266' title='bbox 1746 3981 1747 3988; x_wconf 57' lang='lat'><em>&#39;</em></span> 
     </span>
    </p>
   </div>
   <div class='ocr_carea' id='block_1_8' title="bbox 219 4091 1630 4452">
    <p class='ocr_par' dir='ltr' id='par_1_10' title="bbox 219 4091 1630 4452">
     <span class='ocr_line' id='line_1_32' title="bbox 327 4091 1630 4206; baseline 0.005 -36"><span class='ocrx_word' id='word_1_267' title='bbox 327 4115 442 4172; x_wconf 90' lang='lat' dir='ltr'><strong>tamen</strong></span> <span class='ocrx_word' id='word_1_268' title='bbox 463 4109 667 4176; x_wconf 87' lang='lat' dir='ltr'><strong>sententiam</strong></span> <span class='ocrx_word' id='word_1_269' title='bbox 692 4105 843 4201; x_wconf 73' lang='lat' dir='ltr'><strong>ingenita</strong></span> <span class='ocrx_word' id='word_1_270' title='bbox 861 4102 927 4175; x_wconf 91' lang='lat' dir='ltr'><strong>sibi</strong></span> <span class='ocrx_word' id='word_1_271' title='bbox 953 4091 1080 4198; x_wconf 84' lang='lat' dir='ltr'><strong>pietate</strong></span> <span class='ocrx_word' id='word_1_272' title='bbox 1102 4102 1277 4200; x_wconf 88' lang='lat' dir='ltr'><strong>deflexus,</strong></span> <span class='ocrx_word' id='word_1_273' title='bbox 1316 4106 1499 4206; x_wconf 86' lang='lat' dir='ltr'><strong>plerisque</strong></span> <span class='ocrx_word' id='word_1_274' title='bbox 1517 4105 1630 4178; x_wconf 42' lang='lat' dir='ltr'><strong>*redi-</strong></span> 
     </span>
     <span class='ocr_line' id='line_1_33' title="bbox 326 4223 1630 4328; baseline 0.007 -37"><span class='ocrx_word' id='word_1_275' title='bbox 326 4223 444 4295; x_wconf 88' lang='lat' dir='ltr'><strong>mendi</strong></span> <span class='ocrx_word' id='word_1_276' title='bbox 458 4233 598 4324; x_wconf 87' lang='lat' dir='ltr'><strong>copiam</strong></span> <span class='ocrx_word' id='word_1_277' title='bbox 615 4223 708 4312; x_wconf 86' lang='lat' dir='ltr'><strong>fecit,</strong></span> <span class='ocrx_word' id='word_1_278' title='bbox 735 4223 897 4324; x_wconf 88' lang='lat' dir='ltr'><strong>aliosque</strong></span> <span class='ocrx_word' id='word_1_279' title='bbox 912 4241 1143 4319; x_wconf 80' lang='lat' dir='ltr'><strong>sacramento,</strong></span> <span class='ocrx_word' id='word_1_280' title='bbox 1158 4225 1247 4303; x_wconf 87' lang='lat' dir='ltr'><strong>alios</strong></span> <span class='ocrx_word' id='word_1_281' title='bbox 1261 4236 1452 4328; x_wconf 87' lang='lat' dir='ltr'><strong>sponsione</strong></span> <span class='ocrx_word' id='word_1_282' title='bbox 1467 4229 1503 4300; x_wconf 91' lang='lat' dir='ltr'><strong>iu</strong></span> <span class='ocrx_word' id='word_1_283' title='bbox 1518 4225 1630 4300; x_wconf 87' lang='lat' dir='ltr'><strong>iidem</strong></span> 
     </span>
     <span class='ocr_line' id='line_1_34' title="bbox 219 4345 1630 4452; baseline 0.006 -38"><span class='ocrx_word' id='word_1_284' title='bbox 219 4369 223 4382; x_wconf 57' lang='lat'><strong>⁴</strong></span> <span class='ocrx_word' id='word_1_285' title='bbox 327 4359 499 4442; x_wconf 82' lang='lat' dir='ltr'><strong>acceptos,</strong></span> <span class='ocrx_word' id='word_1_286' title='bbox 514 4365 629 4422; x_wconf 87' lang='lat' dir='ltr'><strong>morte</strong></span> <span class='ocrx_word' id='word_1_287' title='bbox 645 4345 816 4420; x_wconf 91' lang='lat' dir='ltr'><strong>mulctare</strong></span> <span class='ocrx_word' id='word_1_288' title='bbox 832 4371 957 4446; x_wconf 85' lang='lat' dir='ltr'><strong>passos</strong></span> <span class='ocrx_word' id='word_1_289' title='bbox 974 4373 1045 4440; x_wconf 79' lang='lat' dir='ltr'><strong>pon</strong></span> <span class='ocrx_word' id='word_1_290' title='bbox 1063 4365 1124 4423; x_wconf 91' lang='lat' dir='ltr'><strong>est</strong></span> <span class='ocrx_word' id='word_1_291' title='bbox 1176 4355 1230 4424; x_wconf 84' lang='lat' dir='ltr'><strong>Er</strong></span> <span class='ocrx_word' id='word_1_292' title='bbox 1244 4351 1378 4452; x_wconf 89' lang='lat' dir='ltr'><strong>quibus</strong></span> <span class='ocrx_word' id='word_1_293' title='bbox 1395 4349 1500 4425; x_wconf 87' lang='lat' dir='ltr'><strong>binos</strong></span> <span class='ocrx_word' id='word_1_294' title='bbox 1526 4349 1630 4425; x_wconf 91' lang='lat' dir='ltr'><strong>dun-</strong></span> 
     </span>
    </p>
   </div>
   <div class='ocr_carea' id='block_1_9' title="bbox 323 4671 1636 4867">
    <p class='ocr_par' dir='ltr' id='par_1_11' title="bbox 323 4671 1636 4867">
     <span class='ocr_line' id='line_1_35' title="bbox 372 4671 1636 4770; baseline 0.011 -36"><span class='ocrx_word' id='word_1_295' title='bbox 372 4673 551 4753; x_wconf 66' lang='lat' dir='ltr'><strong>&#39;Confestim</strong></span> <span class='ocrx_word' id='word_1_296' title='bbox 563 4673 676 4758; x_wconf 78' lang='lat' dir='ltr'><strong>sogam</strong></span> <span class='ocrx_word' id='word_1_297' title='bbox 695 4673 814 4758; x_wconf 85' lang='lat' dir='ltr'><strong>facere]</strong></span> <span class='ocrx_word' id='word_1_298' title='bbox 838 4676 943 4770; x_wconf 70' lang='lat' dir='ltr'><strong>Prasii·</strong></span> <span class='ocrx_word' id='word_1_299' title='bbox 1004 4676 1082 4740; x_wconf 79' lang='lat' dir='ltr'><strong>viter</strong></span> <span class='ocrx_word' id='word_1_300' title='bbox 1107 4692 1324 4746; x_wconf 76' lang='lat' dir='ltr'><strong>commemoret</strong></span> <span class='ocrx_word' id='word_1_301' title='bbox 1346 4679 1415 4744; x_wconf 76' lang='lat' dir='ltr'><strong>bisi.</strong></span> <span class='ocrx_word' id='word_1_302' title='bbox 1436 4671 1538 4766; x_wconf 76' lang='lat' dir='ltr'><strong>liiytl.</strong></span> <span class='ocrx_word' id='word_1_303' title='bbox 1557 4681 1578 4744; x_wconf 88' lang='lat' dir='ltr'><strong>l.</strong></span> <span class='ocrx_word' id='word_1_304' title='bbox 1603 4703 1636 4748; x_wconf 77' lang='lat' dir='ltr'><strong>e·</strong></span> 
     </span>
     <span class='ocr_line' id='line_1_36' title="bbox 323 4775 1114 4867; baseline 0.01 -29"><span class='ocrx_word' id='word_1_305' title='bbox 323 4798 376 4838; x_wconf 83' lang='lat' dir='ltr'><strong>nm</strong></span> <span class='ocrx_word' id='word_1_306' title='bbox 392 4775 577 4862; x_wconf 73' lang='lat' dir='ltr'><strong>l&#39;ibergense</strong></span> <span class='ocrx_word' id='word_1_307' title='bbox 594 4779 718 4864; x_wconf 87' lang='lat' dir='ltr'><strong>ejusque</strong></span> <span class='ocrx_word' id='word_1_308' title='bbox 737 4781 849 4844; x_wconf 86' lang='lat' dir='ltr'><strong>exitum</strong></span> <span class='ocrx_word' id='word_1_309' title='bbox 873 4779 942 4844; x_wconf 86' lang='lat' dir='ltr'><strong>bre·</strong></span> <span class='ocrx_word' id='word_1_310' title='bbox 1001 4805 1031 4867; x_wconf 88' lang='lat' dir='ltr'><strong>p.</strong></span> <span class='ocrx_word' id='word_1_311' title='bbox 1045 4778 1114 4846; x_wconf 79' lang='grc'><strong><em>358.</em></strong></span> 
     </span>
    </p>
   </div>
   <div class='ocr_carea' id='block_1_10' title="bbox 0 0 1783 5460">
    <p class='ocr_par' dir='ltr' id='par_1_12' title="bbox 0 0 1783 5460">
     <span class='ocr_line' id='line_1_37' title="bbox 0 0 1783 5460; baseline 0 0"><span class='ocrx_word' id='word_1_312' title='bbox 0 0 1783 5460; x_wconf 95' lang='lat' dir='ltr'><strong> </strong></span> 
     </span>
    </p>
   </div>
  </div>
 </body>
</html>
