3582 5466
731 289 948 366 Genusus,
1371 286 1442 362 501

179 503 325 580 stratus
341 502 458 602 pietas
472 525 620 582 mosem
633 501 800 601 prebuit.
859 497 1093 590 Crediderim,
1117 515 1198 574 tunc
1214 505 1315 598 pium
1330 521 1496 575 eruorem

179 624 388 728 parricidali
401 628 615 726 permistum
629 627 801 724 sepsrstis
816 622 961 698 fluxisse
977 623 1176 714 meatibus,
1207 639 1315 722 utque
1332 627 1408 696 sine
1425 619 1497 697 ulls

178 750 380 826 rivulorum
402 753 656 824 communione
679 745 763 822 binc
788 771 941 838 sacrum,
976 745 1060 820 iude
1073 746 1263 824 scelestum
1286 750 1496 844 sanguinem

181 871 338 950 dividuis
356 871 469 946 alveis
492 871 687 944 incessisse.
738 868 951 942 Benedictus
964 849 1144 942 liminibus
1158 873 1373 967 irruptorem
1397 870 1498 942 exci-

181 1001 300 1096 piens,
312 993 401 1068 dum
416 991 556 1066 foribus
569 995 685 1066 acrius
702 1007 920 1090 propugnet,
943 991 1152 1066 occiditur¹.
1211 995 1287 1064 Rex
1305 992 1384 1088 ipse
1407 993 1498 1064 iuter

183 1133 351 1192 eruemus
371 1116 581 1190 imminentis
595 1113 772 1188 violentie
797 1117 965 1214 strepitus
990 1113 1122 1188 fiducia
1153 1117 1373 1190 conscientiae
1401 1141 1499 1188 eun-

183 1241 270 1314 dem
296 1245 423 1314 mentis
458 1236 622 1312 hobitum
648 1240 776 1329 tenuit,
807 1263 927 1336 neque
953 1237 1115 1338 religioni
1141 1243 1301 1334 parcius,
1333 1242 1500 1335 quamsi

182 1361 382 1462 pericrdum
398 1361 550 1450 abesset,
574 1365 722 1450 vacavit,
746 1386 792 1434 ne
807 1358 890 1459 plus
905 1360 955 1433 ab
979 1385 1023 1434 eu
1043 1363 1181 1434 timoris
1198 1383 1310 1456 qutun
1326 1379 1499 1446 coustan-

184 1490 244 1565 riae
257 1485 395 1561 viribus
410 1481 662 1582 indulgeretur.
726 1481 796 1558 Sed
811 1509 856 1556 ne
872 1500 1029 1556 extremo
1047 1481 1194 1578 quidem
1212 1485 1293 1580 ejus
1307 1482 1399 1557 hors
1410 1509 1500 1560 ssu·

185 1611 314 1684 ctiutis
331 1605 450 1684 studio
466 1629 580 1678 vacua
595 1604 671 1679 suit.
729 1609 820 1680 Nom
835 1631 921 1680 oum
935 1611 1103 1704 parietem
1123 1603 1284 1703 undique
1301 1607 1500 1706 apopula-

185 1733 290 1806 ribus·
303 1729 475 1831 perfringi
493 1727 643 1826 (quippe
660 1728 799 1828 ligneus
815 1730 903 1826 erat)
917 1727 1073 1826 ideoque
1087 1730 1329 1826 propinquam
1345 1729 1412 1802 sibi
1429 1755 1501 1806 ne·

188 1881 268 1930 cem
300 1855 440 1928 instsre'
459 1847 774 1944 animadverteret,
799 1855 971 1926 accersito
991 1850 1166 1926 sacerdoti
1182 1851 1359 1926 factorum
1373 1877 1504 1930 arcem

181 1977 383 2066 coufessus,
393 1999 459 2072 per
474 1996 652 2046 summum
669 1976 843 2048 moeroris
860 1975 1503 2076 acerbitatempraeteritteritrsculpas

187 2099 357 2190 absolvit,
370 2096 634 2196 praemiumque
650 2095 718 2172 sibi
738 2099 955 2194 poeniteutise
972 2097 1181 2174 salubritate
1196 2102 1377 2174 conscivit
1402 2103 1503 2187 Ton-

188 2241 269 2300 tum
289 2223 426 2298 enimin
442 2224 639 2294 innocentia
653 2242 718 2292 sua
727 2217 867 2294 fiduciae
877 2237 1096 2318 reposuerat,
1116 2237 1310 2296 utmortem
1318 2223 1503 2322 nonperi-

189 2345 278 2422 culo
306 2362 505 2444 oppressus
528 2342 710 2442 refugere,
751 2339 816 2416 sed
839 2359 935 2414 metu
960 2368 1096 2420 vacuus
1118 2361 1288 2444 oppetere
1314 2343 1503 2419 videretur.

191 2469 289 2562 Quin
306 2467 410 2539 etiam
427 2467 611 2564 propresis
628 2465 794 2561 utrinque
805 2463 959 2540 brachiis
975 2482 1055 2538 onte
1069 2491 1169 2540 erum
1192 2467 1253 2542 fati
1269 2491 1420 2542 securus
1435 2491 1505 2540 oo-
1597 2449 1604 2462 ’

195 2589 339 2684 cubuit3
370 2587 435 2662 ubi
454 2585 544 2662 dum
567 2589 720 2662 rictimae
744 2611 844 2660 more
868 2603 1065 2685 prostratus
1085 2612 1335 2687 percussorem
1370 2612 1506 2686 esspe-

196 2727 287 2804 etet,
310 2711 477 2786 immissos
498 2735 565 2810 per
585 2710 775 2784 fenestram
801 2707 934 2786 lancee
955 2712 1132 2788 mortifico
1156 2714 1255 2811 jactu
1280 2709 1507 2802 confossus,

193 2841 298 2936 pium
330 2833 456 2910 mortis
486 2831 698 2908 sucrificium
732 2831 859 2925 edidit,
900 2833 1126 2934 profusoque
1149 2835 1301 2910 militum
1322 2837 1507 2933 sangvine,

187 2984 302 3036 suum
320 2957 369 3035 sd
382 2955 548 3032 ultimum
564 2958 734 3055 erogarit
793 2959 985 3032 Enimvero
1001 2957 1136 3034 crebris
1159 2958 1323 3058 undique
1342 2955 1421 3031 telis
1434 2981 1507 3056 pe-

188 3085 276 3158 titus
300 3103 435 3180 eorpus
461 3077 644 3154 immobile
663 3081 785 3172 tenuit,
805 3103 872 3154 uec
889 3094 970 3152 aute
986 3079 1080 3174 loco,
1093 3106 1170 3180 quo
1188 3080 1358 3173 cubsbut,
1378 3105 1508 3159 exces-

190 3210 257 3298 sit,
285 3229 396 3305 quum
421 3206 552 3278 feretro
573 3200 802 3278 manderetur
822 3205 1005 3278 extinctus.
1077 3207 1131 3278 Ex
1155 3205 1261 3304 cujus
1283 3206 1510 3284 semotissimis

192 3327 406 3404 vulneribus
422 3324 508 3426 plus
523 3320 647 3423 glories
669 3349 778 3426 quam
800 3330 939 3401 cruoris
957 3325 1101 3402 effluxit
1159 3328 1305 3428 Quippe
1329 3329 1512 3426 presentis

193 3454 280 3528 vitre
300 3456 394 3526 exitu
420 3450 558 3522 initium
575 3446 731 3528 melioris
745 3454 896 3546 accepit,
920 3445 1038 3524 hostili
1054 3447 1191 3548 judicio
1208 3455 1367 3549 punitus,
1390 3449 1512 3528 divino

192 3589 371 3652 servatus.
419 3569 519 3648 Felix
536 3593 661 3647 eorum
678 3570 921 3670 psmctdium,
938 3573 1013 3672 qui,
1029 3596 1139 3672 quem
1155 3576 1372 3650 terrestrium
1394 3574 1512 3648 virtu-

246 3910 450 3972 ¹Benedietus
478 3953 499 3970 ..
530 3903 685 3988 occiditur]
720 3907 842 3972 stiram·
883 3906 1057 3972 scribentes.
1128 3909 1228 3970 Autot-
1265 3924 1339 3969 vero
1378 3903 1514 3968 historie

195 4011 361 4081 Benedicti
390 4009 603 4078 fortitudinem
630 4025 662 4076 et
698 4025 828 4077 mortem
883 4011 1134 4097 lluytlingorum,
1155 4011 1208 4097 qui
1234 4013 1329 4076 mults
1355 4011 1414 4074 sliu
1433 4011 1516 4074 leetu

196 4131 357 4184 ausuum
375 4119 545 4206 predicunt
563 4121 654 4184 etism
666 4120 830 4184 AEluotbus
886 4117 1059 4204 dignissima
1075 4118 1112 4182 de
1125 4120 1239 4184 ultimis
1255 4117 1365 4184 &nuti
1376 4113 1449 4180 fetis
1470 4129 1517 4180 st-

195 4229 236 4307 (l.
252 4245 280 4288 e.
298 4249 364 4312 esp.
378 4223 435 4307 30)
457 4239 489 4290 st
504 4226 630 4290 historia
652 4225 834 4310 lluytliugo-
888 4226 971 4304 tulit,
989 4226 1022 4288 in
1034 4225 1081 4304 iis,
1102 4247 1172 4314 quse
1188 4223 1226 4290 de
1244 4226 1309 4289 ictu
1324 4223 1449 4288 mortali
1460 4243 1517 4310 per

195 4355 271 4400 rom
285 4331 331 4419 (p
342 4329 504 4414 stt-278).
888 4331 1060 4416 Eyriudum
1093 4329 1211 4396 Bifrsm
1239 4333 1360 4396 Csuuto
1389 4330 1421 4394 in
1448 4331 1517 4414 ipso

216 4503 221 4510 .
249 4444 397 4508 'Lanam
417 4485 441 4504 ..
455 4440 543 4524 jactu
563 4436 729 4528 confossus]
753 4440 834 4504 Con·
890 4441 987 4505 cboro
1003 4439 1082 4503 elem
1095 4438 1181 4500 illuto
1197 4434 1303 4516 affert,
1318 4437 1469 4502 minorem
1482 4433 1518 4500 fi·

198 4547 340 4612 sentiunt
354 4569 423 4610 eum
442 4547 557 4610 Nostro
581 4545 745 4612 AEluntbut
766 4564 831 4630 esp.
889 4546 959 4612 dem
972 4545 1082 4610 mereri
1095 4542 1225 4609 videtur
1268 4547 1334 4610 Res
1354 4545 1397 4608 Vl
1412 4539 1520 4608 iduum

198 4655 306 4718 ΧΧΙΧ
330 4665 362 4716 et
383 4665 473 4718 sutor
499 4651 636 4716 historie
658 4652 833 4736 rusrtyriss·
889 4650 1095 4716 Julisrumdie
1108 4652 1237 4718 Veseris
1249 4651 1366 4715 occisus
1377 4661 1425 4714 est
1438 4669 1519 4714 suus

202 4759 298 4826 tionis
318 4759 429 4826 Csuuti
449 4757 575 4846 (snspt
600 4779 661 4824 rer.
677 4763 757 4824 ileu.
771 4758 833 4826 tol
891 4753 973 4822 1086
984 4757 1094 4838 (setim
1113 4761 1193 4826 nist.
1212 4756 1247 4823 sf
1260 4761 1369 4822 Dsnm.
1393 4747 1474 4818 ll).
1489 4775 1519 4838 p

200 4867 289 4950 1111».
308 4861 397 4946 324),
427 4884 531 4950 regem
553 4867 649 4929 lutere
663 4867 833 4948 tenesmum
891 4862 976 4944 703).
