3524 5460
381 305 459 379 670
695 305 871 378 HISTOR.
884 307 993 378 DAN.
1008 301 1147 378 uuna
1164 307 1263 380 XIV..

330 511 537 589 Lundcnses
553 515 761 614 absumpsit.
827 519 942 616 Super
956 514 1036 590 haee
1052 517 1172 590 omnia
1186 518 1311 617 fugam
1334 523 1496 615 capessit
1557 521 1629 592 De·
1748 525 1750 544 ¹

330 637 425 728 inde,
437 637 548 712 veluti
563 639 673 712 rebus
690 640 857 711 inSeania
870 663 1000 738 parum
1018 639 1166 714 feliciter
1179 638 1481 739 provenientibus,
1498 638 1630 714 bellum

317 763 366 840 ,in
380 761 592 834 Sialandiam
614 760 788 853 transfert,
813 761 994 836 fortunam
1019 762 1101 836 loco
1127 779 1267 835 mutare
1289 767 1450 860 cupiens.
1500 761 1569 836 Ubi
1586 765 1629 838 ab

327 883 466 973 incolis,
484 883 628 990 llikonis
654 883 801 957 ductum
828 887 977 977 secutis,
1003 885 1102 983 apud
1122 886 1331 991 Bytbinganr
1355 886 1517 956 amnem¹
1538 883 1630 960 bello

331 1006 754 1099 vinnainflattandiam
778 1009 938 1080 excurrit
998 1011 1052 1080 Ex
1077 1035 1150 1107 qua
1171 1033 1315 1083 rursum
1335 1005 1630 1104 Sialandiampe-
1747 1039 1748 1046 ¹

329 1147 416 1224 tens,
440 1153 521 1204 cunr
540 1157 582 1203 ex
596 1129 808 1229 agrestibus,
825 1131 1012 1202 antistitem
1040 1135 1075 1202 in
1091 1134 1168 1204 vico
1190 1129 1377 1204 llamltisa²
1402 1155 1540 1204 moram
1565 1127 1631 1202 ba-

253 1248 257 1258 ’
328 1257 425 1347 bere,
442 1268 683 1353 cognosceret,
696 1268 801 1324 noem
816 1257 938 1325 tacitus
954 1259 989 1325 in
1007 1255 1129 1326 vicinia
1145 1259 1282 1330 mansit.
1338 1256 1395 1326 De
1409 1255 1514 1352 cujus
1527 1253 1631 1326 cubi-

304 1397 310 1407 ·
329 1377 410 1453 culo
428 1380 557 1450 certior
572 1401 636 1472 per
652 1379 864 1447 matutinum
877 1376 956 1472 ejus
984 1375 1140 1449 officium
1156 1379 1281 1469 factus,
1303 1379 1393 1450 ostio
1411 1376 1558 1448 militem
1576 1376 1632 1448 iu-

327 1499 410 1575 uehi
426 1499 539 1598 jubet.
594 1495 648 1569 Ad
664 1499 769 1594 eujus
785 1499 963 1570 tuitionem
981 1517 1231 1596 procurrentes
1245 1499 1453 1572 cubicularii
1477 1500 1512 1571 in
1539 1497 1633 1570 limi-

328 1651 374 1696 ne
387 1620 616 1694 trucidantur.
667 1621 816 1692 Antiates
835 1622 924 1717 ipse,
949 1635 1115 1694 extremae
1131 1627 1347 1696 necessitatis
1369 1617 1536 1719 periculis
1560 1618 1632 1690 ob-

328 1771 465 1821 sessum
484 1742 673 1830 sentens,
691 1741 861 1840 religione
877 1742 982 1814 saluti
998 1746 1206 1842 postposita,
1231 1740 1404 1818 cervicem
1422 1759 1523 1818 scuto
1538 1741 1632 1816 sub-

325 1871 418 1966 jecit,
449 1865 620 1964 adituque
645 1864 787 1938 bostem
810 1867 936 1963 insigni
950 1890 1072 1964 pugna
1099 1866 1304 1964 probibuit,
1334 1865 1470 1940 clericis
1489 1867 1634 1954 interim,

328 1994 442 2089 quiet
463 1987 695 2088 epistolarum
709 1989 787 2085 ejus
800 2004 835 2058 et
848 1987 969 2060 annuli
984 2013 1107 2062 euram
1121 1987 1317 2080 habebant,
1342 1987 1535 2062 convulsas
1554 2009 1632 2082 pte-

328 2141 374 2188 ne
402 2117 530 2212 januas
556 2111 702 2183 admoto
731 2108 961 2208 pulvinorum
995 2111 1142 2184 cumulo
1166 2113 1454 2210 reprimentibus.
1527 2113 1634 2208 Igitur

328 2235 444 2311 ecdem
459 2236 611 2324 olavus,
638 2237 721 2331 quia
744 2240 851 2306 armis
875 2259 947 2306 non
972 2241 1128 2333 poterat,
1161 2235 1313 2307 flammis
1338 2232 1543 2308 attentabat
1597 2237 1635 2302 tt

328 2359 498 2458 pontifex,
513 2381 595 2429 ense
610 2381 718 2454 quam
736 2361 806 2455 igni
825 2360 987 2430 consumi
1002 2360 1197 2455 speciosius
1213 2375 1321 2450 ratae,
1336 2354 1545 2432 conserendi
1555 2379 1634 2428 cum

328 2482 444 2554 Olavo
479 2484 651 2554 sermonis
675 2505 800 2578 pacem
829 2480 1010 2580 efflagitat,
1042 2456 1270 2578 benignaque
1294 2481 1374 2578 ejus
1400 2481 1635 2578 promissione

326 2605 497 2693 firmatus,
513 2619 650 2678 exserto
667 2603 952 2700 foribus'capite,
968 2603 1170 2676 trucidatur.
1225 2605 1335 2700 Igitur
1356 2601 1500 2694 Olavus,
1525 2599 1636 2675 ultio-

267 2772 270 2778 =
326 2753 408 2799 nem
426 2723 614 2823 parricidio
632 2741 854 2814 consecutus,
878 2725 1007 2822 cupide
1029 2732 1064 2795 in
1080 2724 1175 2798 littus
1193 2723 1367 2815 deutera,
1400 2740 1512 2822 utque
1528 2725 1635 2797 navi-

327 2853 384 2949 gia
398 2853 531 2920 tacitus
547 2844 713 2936 deseruit,
729 2851 774 2918 ita
789 2853 949 2920 concitus
968 2847 1093 2920 eadem
1114 2851 1288 2946 repetivit,
1313 2861 1395 2920 ante
1409 2847 1496 2946 fuga
1516 2861 1552 2920 et
1565 2873 1635 2918 na-

308 2973 506 3070 '‘vigatione
522 2993 620 3060 usus,
637 2994 746 3065 quam
763 2995 822 3042 rex
838 2977 1006 3044 nuncium
1021 2972 1111 3062 facti,
1127 2974 1189 3070 qui
1211 2987 1294 3043 tunc
1310 2975 1345 3042 in
1368 2971 1494 3055 tima
1508 2995 1637 3044 niora-

326 3095 445 3182 batur,
462 3094 646 3191 acciperet.
700 3095 947 3193 Quo‘cognito‚
966 3099 1149 3167 Romanus
1164 3097 1307 3167 antistes
1321 3095 1549 3170 acerbissima
1565 3093 1637 3168 ad—

327 3239 451 3288 versus
470 3238 554 3286 cum
578 3217 799 3288 execratione
821 3243 928 3310 usus,
955 3224 1088 3292 caeteris
1114 3245 1181 3319 per
1202 3221 1387 3318 Europam
1407 3217 1637 3318 pontificibus

326 3337 486 3414 similiter
508 3343 542 3407 in
558 3339 677 3434 ipsum
704 3340 959 3434 pronunciandi
987 3339 1112 3415 detulit
1140 3358 1362 3440 potestatem.
1425 3323 1638 3416 Mandatum

326 3487 477 3561 quoque
493 3459 736 3532 aduniversos
760 3465 863 3534 lutiae
886 3465 1071 3559 pontifices
1088 3463 1202 3554 dedit,
1229 3482 1266 3536 ut
1288 3471 1474 3538 sententias
1497 3462 1637 3538 adver-

296 3673 301 3683 Χ
326 3611 406 3660 sum
432 3583 640 3681 sacrilegam
660 3585 739 3679 ejus
763 3561 975 3680 impiefatem
999 3583 1120 3662 debita
1145 3586 1450 3660 animadversione
1474 3586 1636 3663 destrin-

325 3706 459 3808 gendus
481 3721 661 3795 curarent,
686 3703 873 3803 indignum
896 3731 965 3780 usu
990 3696 1174 3782 sacrorum
1198 3713 1418 3800 existimans,
1445 3712 1508 3808 qui
1532 3707 1636 3782 cele-

324 3831 427 3903 brem
443 3853 567 3900 eorum
580 3830 777 3899 ministrum
794 3831 1020 3924 oppresserit.
1082 3833 1207 3908 Ericus
1225 3861 1322 3925 vero,
1339 3847 1526 3931 comperto
1542 3830 1636 3904 Ola-

323 3979 409 4026 vum
420 3948 642 4023 Hallandiam
653 3967 786 4046 petere,
801 3951 962 4024 festinato
971 3967 1051 4049 post
1066 3977 1148 4024 eum
1165 3953 1382 4052 pervehitur.
1432 3955 1549 4051 Cujus
1564 3951 1637 4026 ad-

324 4092 431 4150 ventu
450 4073 584 4146 Olavus
600 4071 700 4170 apud
719 4072 956 4147 Aristadium³
979 4075 1142 4148 nunciato
1152 4127 1162 4166 ,
1190 4078 1294 4148 vicini
1313 4083 1432 4175 pontis
1456 4075 1635 4150 beneficio

369 4345 570 4429 ιΒῙιΙιίηςαιη
589 4341 714 4427 amnem]
737 4347 834 4408 Vetus
851 4357 949 4408 trans·
1006 4343 1066 4406 buc
1086 4367 1181 4431 pagus
1210 4344 1242 4406 in
1275 4344 1434 4428 toparchia
1463 4343 1639 4408 Holboensi

324 4449 403 4512 lator
419 4453 545 4514 Saxonis
559 4451 693 4516 Denicus
707 4451 798 4515 vertit
815 4454 947 4514 Buddtit·
1008 4471 1106 4536 prope
1123 4453 1222 4516 lacum
1239 4452 1358 4516 Arres'o'.
1380 4456 1480 4536 Pagus
1492 4453 1547 4516 ille
1561 4450 1638 4516 olim

323 4579 361 4640 ge
383 4561 437 4618 Aa.
479 4555 638 4645 Buddipge
654 4571 700 4621 est
714 4579 809 4643 pagus
823 4558 856 4620 in
876 4558 948 4621 vici·
1007 4555 1167 4640 adpraedia
1188 4560 1323 4645 episcopi
1341 4557 1550 4624 Rosltildensis
1563 4577 1639 4643 per-

323 4660 373 4724 uia
390 4661 527 4730 Hauniae.
1008 4663 1110 4724 tinuit.
1138 4662 1265 4750 (Script.
1284 4689 1342 4730 rer.
1357 4671 1436 4732 Dan.
1455 4671 1517 4734 vol.
1530 4673 1583 4738 vu
1601 4691 1636 4752 p.

1005 4765 1071 4830 51.

373 4872 552 4955 utentum]
580 4875 721 4939 Remliise
750 4876 861 4939 dicitur
892 4875 945 4939 ed·
1048 4769 1270 4957 {Aristomene}
1287 4883 1491 4966 Toparcbiem
1507 4883 1540 4944 iu
1558 4879 1636 4944 unt·
