3524 5460
8 209 10 228 l

8 419 10 442 l

8 449 9 460 t

8 569 10 642 x

521 307 670 382 SVENO
685 309 742 380 ttt.
795 309 1057 384 crassost.
1319 311 1393 388 087

139 543 211 620 quo
226 515 311 618 plus
327 518 454 595 victori
470 517 662 620 placerent,
686 518 876 594 confestim
887 523 1091 604 brunonem
1106 523 1271 622 sapiunt,
1301 523 1444 598 Steno-

138 643 202 734 nis,
215 642 253 714 in
268 637 386 734 brevi,
400 641 534 742 judicio
549 642 848 741 praesentandum.
907 647 1025 736 Quem
1045 643 1162 718 Sveno
1185 643 1349 718 oblatum
1371 644 1444 718 ali-

94 867 98 878 !
138 763 312 864 quamdis
329 763 689 861 brailiarinsbabuit,
713 765 985 840 moxdonatum
1009 763 1110 838 abire
1126 759 1301 865 permittit.
1355 771 1444 862 Quoe

137 913 194 962 res
207 894 239 962 si
256 886 359 987 apud
374 905 623 962 conterraneos
638 889 833 986 suspicioni
848 891 1016 988 primum,
1032 913 1114 962 mox
1132 886 1223 962 cladi
1241 905 1349 988 atque
1364 893 1445 964 exi-

137 1016 185 1084 tio
205 1010 282 1086 luit.
321 1014 437 1084 Fuere
452 1015 544 1084 enim
560 1011 824 1086 interfectorum
840 1013 1048 1111 propinqui,
1065 1011 1128 1110 qui
1144 1009 1337 1104 crederent,
1350 1037 1445 1104 eum,

8 1099 10 1116 Ι
136 1139 291 1232 pecunia
306 1161 328 1206 a
343 1137 504 1209 suenone
520 1138 934 1232 corruptura,sociorum
950 1133 1330 1232 saluteminiquissimo
1346 1136 1442 1210 sub-

139 1259 286 1332 vertisse
301 1256 461 1348 consilio,
478 1253 644 1330 declinati
661 1257 748 1331 belli
768 1271 977 1357 argumento
1003 1255 1079 1334 doli
1101 1261 1345 1357 conjecturam
1365 1275 1443 1334 tra-

138 1375 278 1473 bentes,
302 1403 423 1478 neque
436 1377 533 1454 aliud
549 1379 823 1454 beneficentiam
850 1381 943 1479 regis
974 1403 1083 1477 quarn
1105 1377 1240 1453 fraudis
1255 1385 1445 1482 praemium

139 1503 292 1580 extitisse
309 1517 484 1600 putantes.
538 1503 704 1576 Caicum
723 1501 770 1576 de
781 1501 933 1602 perfidia
948 1502 1043 1576 diem
1059 1499 1243 1595 dixissent,
1274 1528 1444 1578 omnem·

132 1648 215 1729 'qno
224 1626 458 1701 amantionis
472 1649 548 1698 suae
573 1628 645 1700 vim
663 1622 876 1700 validissima
897 1627 977 1725 ejus
997 1623 1202 1698 defensione
1227 1623 1366 1702 elusam
1382 1615 1444 1704 si·

139 1743 272 1840 dorent,
292 1749 464 1822 invictam
481 1749 562 1822 loro
580 1747 714 1822 insidiis
729 1764 919 1851 occupant.

271 1872 400 1962 Sveno,
427 1869 577 1970 perinde
597 1895 639 1944 ac
661 1873 808 1968 privatis
820 1874 893 1970 jam
910 1869 1095 1970 periculis¹
1116 1869 1220 1964 liber,
1233 1867 1281 1944 ad
1299 1870 1445 1969 publica

140 1993 387 2092 propulsanda
409 2002 570 2068 animum
607 1993 751 2068 induxit.
830 1999 937 2068 Locis
964 1992 1108 2068 marinis
1137 2009 1263 2068 natura
1301 1999 1445 2072 munitis

99 2130 103 2141 ‘
141 2115 328 2216 complura
341 2121 531 2215 agrestium
549 2117 713 2218 praesidia
739 2114 909 2190 condidit.
959 2117 1045 2188 bina
1067 2131 1201 2206 castra,
1233 2116 1386 2196 alterum
1407 2126 1445 2193 in

141 2243 275 2332 Fionia,
300 2243 337 2314 in
355 2239 530 2316 sialandia
548 2240 708 2331 alterum,
733 2255 880 2340 propter
892 2237 1025 2314 fretum
1045 2238 1206 2332 molitur,
1229 2267 1314 2341 quar
1339 2246 1445 2342 pira-

143 2366 182 2437 tis
196 2367 328 2459 timori,
353 2365 477 2438 incolis
494 2389 580 2438 vero
597 2364 758 2461 receptui
774 2361 899 2434 forent.
957 2359 1030 2436 Sed
1051 2387 1073 2434 a
1093 2361 1225 2437 Solaria
1251 2378 1445 2464 utramque

142 2485 352 2564 mrulsum
376 2486 550 2585 proditur.
611 2484 751 2558 Bellum
772 2508 855 2556 cum
879 2485 965 2581 ipsis
998 2468 1128 2584 magna
1162 2483 1263 2583 apud
1283 2487 1444 2563 Fioniam

143 2611 397 2738 virtutepessit.
424 2613 589 2702 Quorum
602 2609 781 2707 copiosita
796 2604 929 2697 cecidit,
939 2623 988 2697 nt,
1003 2605 1183 2706 plerisque
1199 2607 1349 2682 militum
1356 2609 1445 2708 pal-

143 2729 513 2831 masierropratrosas
528 2730 755 2821 habentibus,
769 2728 890 2804 media
904 2727 1094 2829 digitorum
1110 2753 1194 2802 caro
1211 2729 1446 2808 crudesceret.

269 2859 328 2931 Eo
344 2869 505 2954 tempore
526 2869 671 2954 propter
686 2859 862 2944 incursus,
895 2856 957 2950 qui
975 2875 997 2924 a
1012 2853 1193 2928 maritimis
1207 2851 1322 2926 crebri
1341 2879 1445 2954 prat-

142 2975 298 3054 donibut
313 2977 522 3070 edebantur,
538 2975 637 3076 apud
647 2974 880 3068 Rosltildiam,
893 2973 1151 3050 Wethemanno
1167 2992 1323 3068 auctore,
1340 2979 1445 3076 pira-

143 3105 208 3174 tica
223 3103 353 3200 etrapit,
379 3103 484 3199 cujus
501 3101 580 3174 baec
595 3097 791 3196 disciplina,
815 3097 853 3172 hi
870 3123 988 3172 mores
1004 3097 1111 3172 luere.
1178 3101 1324 3199 Navigia
1341 3103 1445 3199 p‘ua-

144 3237 189 3296 tat
205 3225 318 3322 magis
334 3223 463 3298 idonea
476 3224 544 3298 sibi
559 3224 638 3296 visa
658 3222 800 3320 absque
814 3224 1030 3322 possessoris
1044 3225 1221 3320 permissu
1240 3223 1446 3301 assumendi

141 3361 354 3444 potentum
376 3343 576 3437 habebant,
609 3361 735 3420 octava
752 3350 1004 3444 acquisitorum
1025 3359 1128 3444 parte
1151 3343 1299 3418 naulum
1320 3343 1447 3426 dauri.

140 3473 407 3570 Navigationeat
425 3475 537 3544 orsuri
558 3468 661 3569 apud
677 3468 880 3544 sacerdotes
905 3474 1088 3568 praeteritap
1113 3470 1193 3544 vitae
1217 3466 1359 3566 piacula
1374 3469 1446 3543 dc-

140 3589 350 3690 plorabant,
381 3617 580 3690 eorumque
601 3593 766 3692 religiosa
791 3591 1099 3669 animadversione
1128 3593 1263 3688 puniti,
1297 3591 1447 3692 perinde

140 3739 185 3788 ae
206 3717 323 3788 statim
344 3714 543 3806 decessuri,
582 3715 698 3790 divina
718 3714 836 3788 altaris
859 3714 1052 3786 libamenta
1081 3711 1288 3804 sumebant,
1321 3731 1447 3790 cuncta

140 3843 354 3936 prosperius
370 3857 513 3910 cessura
527 3843 612 3930 rati,
627 3839 658 3911 si
672 3841 737 3910 rite
751 3835 860 3909 deum
878 3853 956 3908 ante
973 3833 1071 3908 bella
1085 3832 1298 3931 placassent.
1352 3841 1446 3910 Par-

138 3987 190 4036 vo
207 3965 335 4035 viatico
348 3977 515 4060 sumpto,
541 3985 648 4034 onera
668 3976 703 4034 et
721 3959 971 4060 impedimenta
993 3956 1169 4045 vitabant,
1201 3975 1382 4032 armatura
1404 3984 1446 4034 ac

138 4083 223 4158 cibo
238 4083 445 4182 simpliciter
461 4085 625 4174 contenti,
651 4081 821 4182 nihilque,
843 4081 944 4183 quod
961 4084 1220 4182 navigationem
1238 4099 1447 4173 moraretur,

137 4201 306 4304 amplexi.
356 4205 478 4280 Multae
497 4205 566 4284 illis
592 4205 719 4304 vigiliae
736 4203 919 4304 multaque
935 4207 1150 4302 parsimonia
1170 4218 1253 4276 erat.
1305 4205 1446 4278 Remo-
1505 4189 1509 4198 ’

134 4351 223 4402 rurn
241 4327 441 4404 manubriis
453 4327 671 4418 considendo
694 4326 801 4402 innixi
834 4353 998 4402 somnum
1035 4325 1238 4426 carpebant
1299 4329 1446 4421 Quoties

135 4467 293 4549 propter
305 4449 421 4525 littora
437 4451 504 4526 illis
519 4454 696 4552 navigatio
714 4468 800 4545 erat,
819 4451 944 4524 eadem
963 4467 1042 4524 ante
1056 4448 1338 4548 speculatoribus
1354 4477 1446 4550 per·-

135 4571 325 4648 lutranda
337 4573 568 4668 mandabant,
584 4601 630 4648 ne
649 4571 738 4674 quid
753 4577 1012 4682 incompertum
1028 4573 1120 4648 sorte
1135 4571 1192 4648 rel
1211 4577 1445 4672 improvisum

190 4843 417 4972 'Praetoria
433 4891 584 4978 puniti]
605 4892 714 4978 supa
733 4893 766 4956 iu
783 4913 836 4958 stta
849 4891 921 4958 edit.
935 4892 1037 4958 omisit
1047 4895 1122 4975 sem.
