3524 5460
412 169 420 202 Ι

495 306 645 376 SVENO
660 307 713 376 lll.
766 305 1140 380 wsLDnnttnttst
1348 303 1417 378 731

174 429 189 464 0

162 511 241 610 pias
258 510 482 606 arbitrantes,
510 532 689 590 armatura
709 539 864 616 propere
885 532 1027 614 sumpta
1053 515 1322 614 lectissimisquc
1349 536 1473 612 equo-

161 657 242 706 rum
260 641 473 728 conscensis,
496 635 592 710 bello
612 663 651 714 se
668 655 879 738 praeparant.
936 643 980 711 At
998 653 1191 737 postquam
1204 636 1394 738 inaequalia
1410 635 1473 710 lo-

160 779 203 828 ca
220 759 416 854 permensis
431 777 663 858 prospectum
678 760 846 860 planicies
868 751 985 852 dedit,
1017 759 1133 834 solum
1156 775 1359 835 contuentes
1374 761 1473 832 Hes·-

160 877 334 970 bemum,
355 899 528 980 postcunt
549 886 836 983 promptissimos
860 881 1027 983 dirigunt.
1088 883 1229 978 Quibus
1253 882 1323 975 illc,
1337 879 1473 954 volucri

158 999 249 1075 fisus
268 1027 385 1101 equo,
409 1021 507 1079 tanto
530 985 639 1080 semet
670 1007 855 1080 intervallo
881 1007 1067 1104 surripuit,
1099 1022 1138 1078 ut
1161 1003 1337 1080 interdum
1361 1005 1473 1103 quieti

158 1122 414 1199 descendendo
429 1127 638 1202 consuleret.
691 1132 856 1228 Cumque
873 1130 1089 1202 insecutores
1108 1129 1236 1204 frustra
1252 1151 1290 1200 se
1306 1129 1386 1224 ejus
1401 1151 1472 1198 oc·-

159 1250 345 1345 cupationi
369 1249 524 1326 inhiasse
543 1257 810 1350 conspicerent,
836 1249 1035 1350 alloquium
1057 1253 1166 1350 ipsius
1185 1250 1254 1324 sub
1276 1249 1360 1324 fidei
1378 1274 1473 1346 pro-

159 1375 328 1446 missione
342 1377 479 1450 eminus
502 1374 734 1449 vociterando
756 1373 967 1472 deposcunt.
1025 1375 1136 1472 Negat
1152 1397 1278 1446 eorum
1298 1398 1337 1446 se
1352 1370 1472 1444 collo-

159 1499 245 1596 quia
269 1489 522 1597 suscepturum
546 1497 772 1588 Hesbernm,
806 1495 907 1595 quod
929 1494 1070 1570 lubrica
1101 1495 1173 1570 fide
1203 1498 1363 1571 serotinis
1395 1521 1473 1570 csse

158 1619 383 1716 temporibus
402 1622 652 1710 consueverint,
679 1619 888 1694 taceusstme
908 1619 958 1692 eis
980 1619 1187 1718 perfidiam,
1214 1643 1323 1719 quam
1339 1644 1473 1693 receu—
1551 1670 1553 1674 -

159 1739 423 1816 tchoskildiae
439 1759 632 1838 patrarant,
652 1741 849 1842 objectans.
908 1745 962 1816 Ex
981 1742 1117 1842 quibus
1133 1747 1277 1816 Petrum
1294 1741 1473 1836 duntaxat,
1574 1740 1576 1746 ’

156 1867 371 1965 cognomine
393 1863 551 1955 Thema,
576 1869 733 1966 antiquae
754 1869 930 1941 societatis
946 1865 1079 1940 fiducia
1101 1882 1247 1963 accepta
1264 1860 1354 1954 fide,
1379 1891 1473 1963 pro-

158 1987 243 2084 pius
259 1986 432 2060 accedere
447 2013 588 2086 passus,
614 2013 697 2060 curn
715 2013 824 2087 super
841 1987 1071 2078 Waldemaro
1089 1987 1257 2087 pluribus
1274 2005 1472 2088 rogaretur,

155 2105 289 2208 reliqui
313 2114 404 2184 inter
428 2135 468 2185 sc
495 2111 598 2208 equis
620 2109 666 2182 de
688 2109 860 2186 industria
895 2126 1144 2186 concurrentes
1170 2107 1313 2184 insidias
1345 2111 1377 2182 ci
1402 2112 1472 2184 sub

154 2233 413 2308 exercitationis
442 2231 665 2307 simulatione
685 2232 895 2312 tendebant.
965 2237 1067 2306 Tunc
1091 2237 1233 2306 Petrum
1254 2233 1472 2323 liesbctnus,
1584 2285 1586 2292 ·

156 2353 249 2453 quid
263 2358 372 2429 animi
386 2359 494 2430 sociis
509 2372 611 2447 esset,
626 2355 808 2430 advertere
825 2357 990 2457 postulat.
1044 2355 1106 2428 llle
1119 2355 1228 2427 fidem
1243 2380 1346 2428 suam
1364 2381 1470 2428 com·-

153 2475 357 2553 militonum
381 2479 534 2579 perfidia
554 2475 797 2579 quassandum
820 2483 969 2568 veritus,
996 2480 1151 2553 obversa
1168 2477 1279 2568 basta,
1301 2479 1471 2553 confixu-

153 2625 239 2674 rum
254 2625 313 2693 se,
343 2607 404 2702 qui
425 2605 462 2674 iu
481 2602 707 2676 Hesbernum
731 2605 906 2691 irruisset,
931 2602 1112 2674 exclamat.
1176 2603 1338 2693 Quorum
1362 2601 1469 2676 frau-

153 2721 242 2796 dem
273 2725 481 2801 Hesbernus
511 2752 578 2828 per
608 2742 781 2830 angustos
820 2724 1020 2800 diverticuli
1046 2747 1208 2798 recessus
1240 2744 1470 2823 praepropere

153 2849 277 2946 pontis
303 2847 494 2949 cujusdam
521 2849 667 2924 transitu
695 2851 949 2947 praecucurrit,
981 2852 1202 2946 intentasque
1226 2846 1327 2920 latori
1353 2845 1470 2922 hastas

150 2971 318 3071 cuspidis
332 2997 407 3050 suae
423 2972 663 3050 frustrabatur
678 2973 834 3070 objectu.
888 2974 1083 3068 Quumque
1099 2993 1162 3043 eos
1175 2967 1367 3044 identidem
1382 2971 1470 3071 dig·-

148 3095 212 3168 nis
227 3093 387 3194 perfidiae
401 3099 569 3172 conviciis
585 3095 764 3187 affecisset,
788 3092 915 3192 procul
932 3091 1015 3166 iude
1029 3091 1217 3166 discedens
1235 3093 1361 3167 obvios
1381 3093 1472 3168 forte

150 3217 426 3312 commilitones,
435 3205 489 3292 'de
502 3219 658 3293 hostium
674 3222 890 3292 insecutione
902 3214 1057 3305 edoctos,
1071 3217 1286 3316 propinquis
1303 3223 1369 3290 via
1385 3219 1470 3291 iru-

149 3338 286 3414 ticibus
307 3327 514 3430 occultavit,
540 3365 583 3414 ac
606 3343 769 3439 protinus
792 3342 871 3439 ipse
891 3365 988 3438 equo
1012 3339 1164 3415 desiluit.
1238 3343 1306 3433 Qui
1328 3367 1413 3414 vero
1433 3345 1469 3416 iu

147 3463 237 3562 ejus
260 3465 460 3561 captionem
484 3462 722 3552 intenderant,
747 3459 909 3536 nondum
935 3460 1004 3536 hac
1029 3487 1094 3561 spe
1118 3462 1298 3562 deposita,
1323 3491 1470 3540 cursum

151 3583 315 3684 dirigere
345 3586 631 3684 perseverabant.
694 3586 834 3680 Quibus
857 3585 918 3658 ille
949 3583 1078 3683 procul
1103 3589 1302 3684 conspectis
1332 3613 1468 3688 equum
1561 3605 1571 3626 '

146 3705 281 3798 insilit,
305 3711 458 3810 ejusque
472 3709 584 3785 latera
604 3710 738 3784 crebris
755 3707 802 3782 de
819 3707 990 3782 industria
1009 3707 1219 3782 verberibus
1237 3708 1469 3802 attundendo,

143 3829 239 3904 ficto
263 3855 409 3905 cursum
430 3831 558 3907 labore
580 3831 740 3906 contem.
793 3836 904 3930 Igitur
919 3835 1387 3930 insequentes,‹conccptam
1406 3838 1468 3905 in·-

142 3952 363 4050 tercipiendi
379 3957 457 4054 ejus
471 3980 575 4053 spem
591 3957 717 4054 majori
733 3959 921 4028 conamine
935 3971 1202 4052 prosequentes,
1219 3955 1335 4027 acrius
1354 3979 1468 4051 equos

141 4100 283 4177 urgere
307 4093 511 4176 caeperunt,
536 4075 636 4152 hand
664 4077 774 4154 dubie
791 4078 838 4152 ab
862 4075 1025 4151 hostibus
1045 4075 1231 4176 capiendi,
1256 4079 1322 4148 nisi
1340 4075 1468 4150 insidi·
1503 4057 1506 4066 ’

139 4201 286 4274 antium
295 4196 454 4298 quidam,
467 4202 718 4300 expectationis
728 4203 925 4300 impatiens,
935 4202 1150 4300 pernimiam
1171 4199 1381 4274 occursandi
1398 4227 1470 4273 cu-

138 4321 311 4427 pidinem
336 4324 436 4400 ocius
452 4323 599 4400 latebris
621 4326 805 4424 erupisset.
866 4327 990 4422 ltaque
1015 4348 1057 4398 cx
1079 4327 1185 4400 unius
1200 4347 1380 4422 procursu
1395 4322 1468 4396 da-

135 4469 229 4524 tum
245 4445 312 4520 sibi
335 4445 542 4524 insidiarum
557 4445 725 4522 indicium
738 4446 982 4534 existimantes,
1007 4445 1054 4522 ad
1069 4449 1186 4522 socios
1201 4447 1352 4548 impigre
1370 4445 1468 4520 rela-

135 4569 346 4661 hennam,
369 4569 481 4646 aliem
496 4571 711 4668 impatientia
727 4593 837 4667 quam
858 4595 924 4644 sua
939 4569 1163 4668 providentia
1182 4571 1366 4646 feliciores
1418 4575 1469 4642 lta

136 4691 385 4784 Hcsbcrnus,
407 4693 473 4765 nisi
487 4687 667 4766 sociorum
682 4692 924 4792 imprudentia
938 4697 1120 4786 vetuisset,
1146 4694 1336 4769 calliditate
1350 4695 1466 4794 perfi-

134 4817 247 4892 diam
281 4813 374 4890 ultus
399 4816 533 4891 fuisset.
603 4821 670 4891 Per
703 4844 812 4917 quem
848 4811 1099 4892 Waldcmarus
1129 4816 1250 4895 hostes
1285 4821 1468 4892 imminere
