3524 5460
385 301 459 374 ane
706 299 881 390 msroa.
897 299 1004 368 oxa.
1020 301 1158 372 iruna
1174 302 1265 374 xiv.

334 512 481 585 venienti
499 506 697 580 Slesvicum
714 513 801 605 regi,
826 511 1037 599 memoratis,
1063 534 1147 605 quae
1161 535 1230 606 pro
1247 533 1292 582 eo
1312 506 1469 582 fideliter
1480 533 1532 582 :ac
1552 523 1618 582 stre

332 657 405 706 uue
421 647 588 731 gesserat,
622 655 704 702 cum
734 631 1009 728 exprobratione
1034 630 1195 727 perfidiae
1210 629 1339 728 ,palam
1368 629 1509 728 objecit.
1536 678 1539 687 ‹
1570 635 1642 704 Ne*

333 757 441 857 ganti,
464 755 500 822 in
521 777 606 826 eum
629 777 652 823 a
674 777 713 826 se
740 751 934 824 crudeliter
962 775 1042 823 esse
1062 753 1288 844 consultum,
1315 749 1503 850 susceptos
1518 757 1642 849 apices,

333 877 500 954 abscissis
524 874 684 948 indicum
706 873 904 964 vocabulis,
921 873 1084 948 ostendit.
1144 878 1347 948 Meminisse
1361 873 1493 949 deinde
1516 891 1642 966 monet,

334 1019 374 1077 ut
395 1003 616 1099 praeeipuam
642 1000 674 1070 ei
694 995 951 1070 bellicosorum
971 1021 1117 1070 manum
1143 999 1400 1089 conciliaverit,
1427 1015 1467 1070 ut
1496 1021 1642 1096 corpure

331 1123 485 1199 adverso
505 1118 600 1194 diras
622 1145 692 1217 pro
715 1143 759 1190 eo
781 1115 906 1215 plagas
921 1127 1112 1217 acceperit,
1137 1137 1176 1194 ut
1198 1144 1320 1195 secum
1348 1124 1523 1220 majorem
1547 1143 1643 1192 sem-

332 1277 399 1352 per
414 1219 573 1322 victorius
588 1265 727 1340 partem
746 1241 899 1328 traxerit,
926 1244 1149 1342 egregiisque
1165 1245 1299 1314 meritis
1325 1245 1398 1316 suis
1419 1243 1542 1343 gratim
1567 1240 1643 1314 locu

333 1373 459 1448 dolum
476 1395 519 1442 ac
534 1364 712 1440 fallaciam
727 1369 879 1463 erogari,
894 1369 1134 1462 conqueritur.
1188 1367 1402 1438 Comitatum
1418 1363 1642 1437 nibilominus

332 1496 534 1596 pollicetur,
550 1487 732 1587 praefatus,
747 1489 919 1574 sciturum
931 1513 1026 1578 eum,
1040 1503 1183 1584 peracta
1199 1486 1336 1579 fraude,
1362 1489 1556 1585 nequitiam
1571 1486 1644 1576 sibi,

334 1645 407 1692 non
438 1633 577 1702 astum,
605 1610 741 1682 effectui
764 1610 880 1683 fuisse.
951 1613 1083 1682 Contra
1116 1611 1232 1681 Sveuo
1254 1612 1496 1707 suspicionem
1530 1607 1643 1682 levare

333 1763 474 1815 summa
499 1731 777 1810 dissimulatione
804 1733 972 1805 tentabat.
1056 1736 1180 1830 Neque
1203 1735 1298 1802 enim
1322 1730 1369 1805 ud
1396 1729 1642 1828 deponendam
1739 1775 1740 1838 q

333 1859 525 1963 perfidiam
548 1871 654 1928 tantae
682 1853 765 1926 fidei
794 1859 928 1930 meritis
946 1853 1077 1926 adduci
1100 1871 1248 1950 poterat.
1307 1852 1555 1928 Irrevocabilis
1577 1856 1643 1926 ita·
1739 1875 1740 1890 ¹

334 2009 407 2082 quc
421 1979 596 2080 propositi
612 1981 807 2076 pertinacia
833 1978 993 2050 Stadium
1011 1975 1194 2066 advectus,
1219 2001 1240 2048 a
1255 1977 1411 2076 praesule
1435 1983 1643 2054 Bremorum

335 2109 503 2179 Hartvico
513 2103 625 2175 domo
642 2107 844 2198 suscipitur.
880 2107 911 2172 A
928 2127 1003 2200 quo
1018 2126 1100 2172 cum
1113 2099 1287 2173 ulterioris
1303 2107 1370 2173 viae
1381 2101 1511 2175 ducem
1528 2129 1643 2203 expo-

335 2243 459 2322 sceret,
484 2250 556 2298 non
573 2227 774 2322 impetrato,
793 2224 1080 2316 waldemarum,
1106 2247 1214 2320 quem
1234 2225 1267 2295 ei
1283 2223 1558 2321 perfamiliarem
1573 2229 1643 2300 sci·

334 2352 429 2440 ebat,
453 2373 581 2449 preces
601 2350 727 2420 iterare
750 2347 939 2446 compellit.
1001 2351 1083 2440 Quo
1108 2346 1268 2445 pontifex
1292 2346 1383 2420 clam
1405 2365 1538 2422 vocato
1562 2351 1645 2449 regii
1739 2415 1740 2418 ,

334 2473 469 2548 consilii
491 2487 735 2544 commentum
767 2473 900 2569 aperit,
931 2470 1130 2556 confessus,
1156 2467 1269 2541 sede
1301 2468 1473 2544 industria
1504 2497 1645 2571 negare,
1739 2473 1740 2498 ¹

334 2593 438 2695 quod
454 2599 485 2666 ei
502 2594 741 2691 perniciosum
759 2592 968 2664 adverteret.
1023 2594 1068 2662 Ut
1081 2580 1203 2661 autem
1219 2598 1292 2690 regi
1311 2593 1516 2668 satisfacere
1535 2595 1643 2668 vide-
1739 2623 1740 2640 ¹

333 2734 445 2809 retur,
471 2713 691 2790 dissimulata
706 2729 898 2812 potestate,
924 2711 1072 2786 ductum
1095 2711 1144 2783 ab
1168 2714 1339 2806 Henrico,
1363 2716 1465 2814 quod
1492 2707 1644 2815 potentia
1739 2801 1740 2804 Ἴ

333 2867 376 2916 ac
398 2839 568 2938 dignitate
583 2854 776 2937 praestaret,
795 2854 999 2910 commonet
1020 2834 1275 2934 expetendum,
1301 2863 1426 2910 verum
1439 2837 1508 2914 lras
1525 2865 1645 2940 preces
1739 2845 1740 2864 ¹

333 2989 402 3038 suo
419 2965 665 3059 Svenonisque
697 2976 735 3034 et
767 2959 983 3032 Waldemari
1006 2960 1435 3058 nuntiocommitteudas.
1505 2964 1647 3055 Quibus

334 3083 509 3158 Hemieus
524 3082 664 3171 auditis,
683 3109 766 3156 cum
783 3098 817 3155 et
832 3083 925 3182 regis
942 3081 1067 3154 dolum
1086 3079 1229 3152 calleret
1244 3097 1277 3152 et
1303 3083 1537 3158 Waldemnro
1556 3111 1646 3159 cua*

335 3205 455 3280 sulere
468 3202 593 3296 vellet,
619 3203 721 3303 quod
738 3229 758 3277 a
775 3229 901 3278 socero
917 3201 1142 3278 commodius
1159 3204 1320 3300 accipere
1340 3225 1485 3303 posset,
1520 3209 1647 3284 frustra
1739 3179 1740 3250 l

334 3332 533 3402 Svenonem
557 3351 579 3397 a
601 3351 641 3399 se
662 3325 821 3427 flagitare
843 3325 1038 3424 respondit.
1106 3321 1317 3398 Abductum
1340 3326 1469 3402 deinde
1494 3331 1648 3404 Walde-
1739 3371 1740 3416 t

334 3449 424 3521 mari
447 3445 622 3545 legatum,
656 3473 764 3546 quam
779 3453 886 3523 noxia
910 3451 1057 3524 mittenti
1077 3465 1256 3548 precetur,
1282 3446 1649 3551 edoces'ipsumque,

334 3574 372 3646 ni
385 3567 524 3663 redeat,
554 3569 654 3667 apud
672 3571 881 3646 Conradum
902 3589 1061 3646 extrema
1076 3595 1268 3669 passurum
1286 3569 1480 3649 denuntiat.
1538 3580 1649 3674 igitur

334 3693 505 3768 Svenonis
519 3693 681 3783 nuntius,
706 3695 924 3793 collegarum
943 3711 1099 3793 utroque
1115 3693 1279 3785 dimisso,
1305 3696 1513 3770 Conradum
1537 3721 1649 3770 acce-

334 3815 421 3890 dens
446 3820 591 3905 nuntiat,
606 3833 793 3914 suspectos
814 3840 936 3914 regem
959 3815 1096 3888 hahere
1121 3821 1358 3914 propinquos
1383 3843 1488 3916 quos,
1505 3819 1650 3919 pridem

332 3940 527 4012 inimicitias
546 3956 767 4028 exercentes,
800 3936 969 4009 connubii
994 3939 1145 4011 recentis
1172 3938 1320 4012 affinitas
1338 3941 1538 4015 concordes
1554 3939 1650 4013 effe-

334 4062 428 4134 cerit.
488 4061 676 4160 Equibus
701 4086 815 4132 unum
834 4064 865 4129 ei
894 4057 1141 4132 fraudulenter
1172 4067 1327 4134 accitum
1365 4065 1401 4134 in
1437 4067 1653 4136 comitatum

334 4187 500 4274 cessisse,
527 4209 638 4282 quem
662 4179 899 4280 apudipsum,
916 4207 1091 4254 novarum
1110 4209 1230 4256 rerum
1253 4203 1368 4278 metu,
1394 4187 1548 4260 vinctum
1570 4183 1653 4254 ha-

333 4305 409 4378 beri
427 4311 558 4404 cupiat.
609 4311 783 4378 Praeterea
810 4301 1031 4402 procedendi
1052 4312 1165 4405 gratia
1192 4307 1423 4404 profectionis
1458 4313 1492 4382 ei
1515 4307 1658 4382 debere

334 4430 496 4526 praestari
512 4427 708 4502 ductorem.
761 4431 952 4520 Quaerente
969 4428 1149 4521 Conrado,
1164 4455 1240 4530 quo
1258 4447 1367 4528 pacto
1386 4455 1509 4532 regem
1526 4457 1656 4504 aemu-

334 4545 392 4620 lus
410 4549 656 4644 comitaretur,
685 4547 796 4621 fidem
821 4551 900 4647 ejus
925 4566 1088 4624 secutum
1114 4555 1269 4626 asseruit.
1330 4557 1435 4627 Tunc
1461 4549 1659 4627 Comedus

334 4670 506 4746 Svenonis
523 4671 708 4744 consilium
733 4689 932 4766 execratur,
957 4671 1128 4746 dedecere
1146 4700 1268 4748 senem
1293 4701 1351 4768 se,
1382 4683 1514 4776 inquit,
1543 4670 1661 4773 quod

330 4794 472 4892 juvenis
490 4793 655 4894 fugisset,
675 4792 868 4868 admittere.
921 4799 1057 4892 Nempe
1076 4792 1238 4870 deforme
1259 4799 1378 4872 vetulo
1402 4822 1498 4890 esse,
1524 4797 1566 4871 de
1583 4797 1660 4866 in-
