3524 5460
375 289 450 366 tos
698 283 877 360 HISTOR.
894 285 1000 358 DAN.
1013 284 1151 358 leEli
1165 284 1269 360 XIV.'

325 501 536 600 conspecta,
560 502 721 573 conversi
736 494 918 594 fugarunt.
967 498 1069 588 Quos
1086 494 1323 596 liudulphus,
1346 503 1545 574 intermissa
1563 523 1629 598 pe-

325 623 439 698 ditum
464 639 599 722 strage,
626 643 711 693 cum
735 619 809 692 suis
833 614 1001 706 adortus,
1021 622 1058 690 in'
1079 643 1202 694 veram
1227 636 1261 694 et
1278 622 1497 720 praecipitem
1514 620 1630 722 lugam

326 747 453 846 coegit
512 741 583 817 Sed
607 742 655 814 ab
672 738 797 814 iisdem
814 739 956 840 longius
975 741 1207 834 insectandis,
1238 742 1341 841 quod
1357 743 1459 842 equis
1479 759 1630 842 praesta-

325 885 422 959 rent,
444 879 650 957 revocatus,
675 863 829 936 admixta
853 865 948 962 regia
964 862 1132 958 cohorte,
1161 865 1296 939 ferrum
1312 863 1358 938 ad
1378 861 1516 964 pedites
1530 881 1631 938 retu-

325 989 375 1070 lit.
433 987 668 1090 Fugientibus
688 1002 784 1060 tanta
809 983 930 1058 adhuc
955 984 1144 1084 praedandi
1168 987 1344 1086 cupiditas
1359 990 1489 1078 inerat,
1512 1002 1552 1060 ut
1566 1011 1630 1060 oc-

325 1115 482 1188 cisorum
526 1110 676 1182 anetum
723 1106 936 1204 corporibus
979 1105 1113 1206 pellem
1156 1109 1361 1184 cursitando
1405 1107 1632 1184 detraherent.

326 1240 508 1330 Quantum
535 1234 571 1306 in
594 1230 736 1304 illorum
759 1229 969 1328 pectoribus
993 1235 1146 1306 avaritiae
1176 1233 1339 1308 clausurn
1362 1247 1552 1332 putemus,
1574 1235 1632 1331 qui

326 1363 417 1432 inter
434 1373 591 1430 exnema
607 1353 783 1454 pericula,
805 1351 952 1450 abjectis
967 1356 1091 1448 armis,
1115 1353 1311 1452 ignobilem
1328 1353 1487 1452 praedam
1513 1369 1547 1428 et
1559 1357 1633 1450 lvi·-

324 1478 373 1554 lia
387 1479 483 1580 fugae
497 1475 759 1577 impedimenta,
780 1501 854 1576 quo
870 1476 997 1550 melius
1012 1477 1078 1550 sibi
1096 1475 1331 1566 consulerent,
1356 1474 1522 1552 deserere
1541 1480 1635 1576 passi

325 1627 398 1678 non
421 1602 526 1676 sunt?
552 1600 754 1673 Paucissimi
771 1623 814 1671 ex
832 1600 882 1672 eis
905 1603 939 1671 iu
953 1598 1051 1673 littus
1065 1597 1198 1698 elapsi,
1229 1625 1295 1699 per
1319 1596 1502 1676 lubricum
1518 1600 1636 1701 pelagi

325 1723 447 1800 nando
473 1728 615 1822 navigia
642 1722 852 1820 petiverunt.
918 1718 1085 1795 Nonnulli
1110 1721 1197 1820 suga
1218 1721 1383 1820 cupidius
1401 1724 1504 1815 inita,
1539 1749 1635 1798 caeco

325 1863 424 1922 mou
438 1845 553 1922 undas
568 1845 742 1944 aggressi,
767 1848 900 1943 passim
916 1843 1102 1916 exanimati
1118 1859 1220 1936 sunt,
1245 1846 1468 1944 praecipitato
1482 1847 1519 1918 in
1538 1871 1635 1922 mare

327 1971 473 2069 spirim,
511 1993 621 2068 quem
643 1966 691 2039 ab
705 1965 806 2040 hoste
829 1991 972 2041 servare
994 1962 1212 2040 studuerant.
1273 1970 1408 2040 Interea
1432 1951 1637 2044 Sclavomm

327 2092 476 2192 equites,
497 2089 598 2163 velut
619 2115 662 2164 ex
693 2086 816 2163 abdito
844 2087 1091 2188 provolantes,
1120 2089 1303 2175 victoriam
1326 2092 1403 2190 regi
1427 2115 1448 2162 e
1469 2092 1636 2166 manibus

326 2239 392 2314 per
406 2211 551 2288 insidias
565 2215 702 2312 eripere
716 2211 947 2286 conabantur.
1005 2215 1113 2312 igitur
1127 2214 1231 2304 Dani,
1246 2210 1333 2286 dum
1348 2210 1395 2286 ad
1409 2213 1518 2288 finem
1532 2241 1636 2316 pug-

326 2361 382 2410 nte
401 2351 611 2436 perventum
627 2350 823 2424 autumant,
848 2332 1009 2433 praelium
1033 2340 1166 2406 iterant.
1229 2336 1392 2427 Quorum
1408 2341 1537 2412 virtute
1553 2341 1637 2412 victi

327 2457 477 2551 setara,
510 2457 595 2558 iuga
614 2455 757 2532 ‘avidius
784 2472 947 2556 sumpta,
972 2456 1063 2531 adeo
1080 2455 1231 2530 salutem
1246 2479 1350 2530 suam
1373 2456 1469 2530 ferro
1484 2459 1636 2535 subtra-

325 2579 414 2656 here
428 2579 636 2682 gestiebant,
671 2597 712 2652 ut
725 2603 791 2676 per
807 2580 989 2652 maritimae
1014 2581 1113 2678 rupis
1133 2577 1248 2654 ardua
1280 2595 1394 2654 semet
1416 2603 1498 2654 cum
1532 2589 1636 2681 equis

326 2701 541 2777 cffoemiuato
564 2725 699 2800 pavore
722 2703 980 2799 praecipitantes
1000 2704 1108 2775 vitam
1131 2700 1281 2794 finirent,
1305 2718 1340 2774 et
1363 2706 1451 2776 inter
1464 2705 1636 2802 scopulos

326 2829 488 2926 spiritum
506 2823 656 2898 deformi
673 2849 867 2922 corporum
883 2829 985 2898 ruiua
1000 2822 1239 2922 deponerent,
1273 2849 1382 2923 quem
1409 2824 1581 2902 audacter
1601 2829 1638 2900 in

326 2951 402 3024 acie
416 2944 639 3048 profundere
659 2944 888 3020 dubitassent.
937 2945 1172 3026 Abdncendis
1194 2953 1302 3048 igitur
1323 2949 1471 3048 navigiis
1494 2947 1546 3024 ob
1574 2955 1637 3024 in-

325 3088 467 3172 gentem
483 3086 672 3144 nautarum
690 3086 845 3168 stragem
867 3095 963 3168 aegre
977 3071 1123 3171 remigia
1136 3070 1385 3168 suppetebant.

456 3192 584 3268 lisdem
601 3189 843 3292 temporibus,
869 3189 988 3266 effusis
1004 3192 1158 3291 piraticae
1182 3191 1351 3286 habenis,
1383 3191 1638 3268 aWandalicis

324 3462 440 3536 raque
464 3435 612 3511 culturae
634 3437 790 3536 expertia
810 3438 965 3534 jacuere.
1033 3434 1212 3510 Sialaudia
1236 3438 1283 3510 ab
1309 3455 1390 3512 ortu
1424 3454 1459 3512 et
1485 3437 1640 3514 meridie

325 3557 484 3634 marcida
505 3561 575 3633 situ
595 3561 754 3634 vastitate
785 3557 959 3656 torpebat
1016 3556 1199 3658 Siquidem
1218 3563 1412 3660 agrestium
1433 3563 1540 3660 inops
1561 3587 1641 3660 pa-

324 3687 401 3757 triae
416 3682 495 3756 loeo
513 3680 746 3780 praedonibus
761 3681 837 3756 fuit.
892 3665 1025 3756 Fioniae
1050 3679 1138 3756 nihil
1153 3680 1334 3758 residuum
1349 3699 1480 3782 praeter
1494 3709 1641 3783 paucos

219 3899 223 3904 Ι
322 3803 458 3880 incolas
472 3810 621 3904 piratica
635 3805 776 3880 fecerat.
835 3803 992 3899 Falstria,
1007 3807 1123 3902 spatio
1138 3829 1249 3902 quarn
1265 3808 1394 3882 virtute
1412 3811 1642 3909 contractior,

323 3927 519 4002 incolarum
537 3926 738 4002 fortitudine
761 3931 941 4026 parvitatis
955 3927 1087 4000 damna
1108 3927 1294 4025 pensabat
1347 3931 1492 4028 Quippe
1511 3930 1643 4004 tribu-

323 4053 401 4124 tarii
413 4051 537 4151 ignara
552 4054 649 4151 jugi,
675 4065 857 4148 autpaeto
876 4049 1018 4126 hostem
1049 4066 1111 4124 aut
1127 4049 1262 4124 viribus
1284 4049 1533 4126 submovebat.
1589 4059 1645 4128 At

323 4171 514 4265 Lalandia,
550 4179 688 4249 tametsi
717 4171 877 4246 Falstriae
908 4172 1103 4271 granditate
1133 4189 1335 4273 praestaret,
1366 4197 1495 4272 pacem
1516 4191 1647 4250 tamen

324 4298 494 4394 pensione
508 4295 662 4396 petebat.
715 4297 851 4370 Caetera
867 4299 1007 4374 vastitas
1024 4311 1229 4397 occuparat
1289 4299 1415 4396 Itaque
1429 4322 1503 4370 non
1516 4302 1652 4394 armis,

207 3395 213 3420 ,
324 3314 459 3390 finibus
473 3313 640 3390 Eidoram
654 3338 770 3412 usquc
791 3337 914 3388 omnes
932 3339 998 3412 per
1014 3319 1187 3388 orientem
1203 3321 1270 3392 vici
1287 3315 1410 3392 incolis
1436 3315 1539 3392 vidui
1563 3343 1637 3392 ru-
1748 3361 1749 3364 π

370 4540 477 4602 ¹Vr'cti
488 4535 601 4618 Satara]
622 4536 672 4602 Ad
695 4537 774 4602 ltauc
792 4533 830 4600 de
849 4537 948 4602 Slavia
1004 4539 1176 4604 domesticis.
1209 4541 1330 4600 'Fertur
1348 4551 1444 4600 tarsen
1464 4561 1513 4600 eos
1531 4541 1563 4602 t'rr
1586 4541 1655 4604 Se·
1748 4581 1749 4584 =

326 4640 484 4706 victoriam
505 4646 637 4732 respexit
657 4643 838 4712 Helmoldus
861 4645 914 4708 lib.
935 4647 950 4706 Ι
1007 4645 1094 4708 laude
1112 4647 1352 4728 strngcmoat'ma
1364 4659 1490 4729 tempore
1507 4647 1655 4728 quodam

323 4767 391 4832 cap.
411 4745 452 4812 70
474 4747 522 4812 bis
547 4751 664 4816 verbis:
693 4755 846 4816 Slaaorum
854 4751 952 4836 sarias
1005 4754 1191 4838 percussisse.
1228 4743 1328 4826 (Cufr.
1348 4747 1596 4836 llnytliugasaga
1616 4777 1657 4838 p.
1748 4809 1749 4828 ,

324 4838 422 4920 minui
426 4859 533 4919 restitit
549 4850 679 4936 (Svein),
691 4862 805 4945 pretiis
822 4863 952 4920 irretitus
1010 4850 1096 4932 359).
