3538 5460
357 285 434 362 tto
682 279 1140 380 mammantibus
1158 281 1234 356 XV.
1281 287 1284 295 '

308 510 485 586 curent,
510 491 636 570 sedilia
653 489 861 584 habebant,
887 490 1045 583 fortuna,
1067 515 1143 568 non
1156 491 1331 593 dignitate
1345 489 1512 568 locorum
1529 513 1655 568 neum.

308 619 553 698 distribuente.
604 615 681 691 lllic
704 613 875 690 exaudire
890 629 965 688 erat
980 611 1213 690 Tbeutonum
1231 639 1340 692 voces
1364 615 1521 690 formam
1540 615 1638 714 rogis

307 758 551 840 stamramque
574 739 796 829 mirantium
844 760 939 834 quos
970 753 1065 812 tanta
1093 737 1228 814 visemli
1254 742 1336 840 ejus
1363 735 1544 838 cupiditas
1566 762 1636 812 ce-

309 881 422 968 perat,
436 881 489 957 ut,
504 888 591 936 cum
599 859 748 936 sedendi
764 859 963 934 humilitas²
976 859 1146 952 obstaret,
1162 862 1253 936 alter
1266 842 1411 936 alterius
1429 862 1637 936 consoenais

307 988 467 1065 bu'meris
485 983 673 1083 productis
697 982 798 1058 illum
824 979 1027 1056 cervicibus
1050 984 1300 1083 inspectarent.
1361 987 1469 1058 Hunc
1491 1007 1636 1083 regem,

306 1109 407 1188 hunc
424 1109 631 1200 dominum,
652 1104 750 1180 buno
764 1105 917 1204 imperio
935 1103 1085 1203 dunum
1100 1105 1447 1195 resecationem
1465 1104 1637 1206 walum

307 1235 664 1326 homuncionemqne
680 1252 820 1303 vocare.
852 1225 954 1299 Adeo
972 1225 1156 1304 barbaris²
1176 1255 1261 1306 eum
1276 1227 1454 1304 excellens
1469 1232 1636 1326 corporis

308 1355 453 1432 habitus
472 1348 714 1429 venerabilem
730 1348 893 1422 faciebat.
948 1347 1174 1424 Crediderim
1199 1354 1379 1426 Caesarem
1395 1351 1462 1426 bas
1477 1350 1634 1426 militnm

308 1503 419 1558 voces
440 1472 705 1551 dissimulanter
730 1471 871 1563 tulisse,
903 1495 949 1544 ne
970 1477 1067 1572 regis
1095 1473 1266 1548 laudibus
1292 1473 1424 1548 offendi
1444 1471 1635 1550 videretur.

308 1606 426 1698 Quem
442 1613 529 1699 post
551 1596 725 1670 diutinam
747 1596 908 1670 omnium
930 1593 1223 1690 admirationem,
1257 1599 1384 1697 paucis
1412 1621 1540 1672 secum
1565 1623 1635 1674 ex-

309 1749 458 1824 surgere
489 1724 617 1822 justis,
669 1720 706 1790 in
731 1719 937 1816 proximum
977 1719 1249 1794 tabernaculum
1283 1718 1416 1794 eodem
1457 1720 1636 1794 comitatis

308 1872 439 1953 genere
462 1841 715 1919 deducendum
740 1842 898 1931 curavit,
941 1866 1017 1939 quo
1045 1849 1245 1916 venientem
1271 1841 1386 1916 fuerat
1407 1858 1634 1940 prosecutus.

307 1971 505 2059 illiorum,
537 1967 637 2042 seriis
662 1967 824 2053 omissis,
849 1962 1074 2064 aliquamdiu
1091 1964 1273 2040 benevolo
1294 1963 1531 2064 jucundoque
1549 1989 1634 2037 ser-

240 2161 247 2172 .
308 2117 417 2170 mone
435 2089 626 2178 detentum,
649 2085 696 2160 ad
713 2111 926 2186 vesperam,
958 2102 1202 2188 prosequente
1222 2091 1330 2164 totius
1347 2091 1551 2162 Germaniae
1567 2089 1635 2186 ju-

309 2231 474 2304 ventute,
501 2208 685 2286 discedere
715 2213 894 2309 permisit,
943 2209 1025 2284 luce
1048 2227 1193 2308 postera
1220 2208 1317 2309 apud
1344 2209 1483 2312 sylvam
1510 2211 1634 2310 portui

309 2341 464 2416 ricinum
495 2335 767 2434 opportunioris
802 2332 976 2432 colloquii
1004 2335 1117 2432 gratia
1141 2335 1365 2433 praesentiam
1394 2331 1634 2410 redditurum.

309 2467 447 2538 Interea
461 2456 556 2532 filios
571 2459 709 2556 regiam
723 2481 852 2532 navem
868 2473 1011 2555 petere,
1039 2461 1150 2554 inque
1164 2481 1208 2530 ea
1228 2457 1299 2530 sub
1316 2459 1439 2558 specie
1458 2457 1633 2532 lusitundi

309 2587 440 2658 morari
459 2585 647 2680 praecepit,
664 2580 931 2664 nonsummum
947 2581 1139 2678 pignorum
1154 2577 1317 2654 familiari
1339 2583 1635 2670 conversatione,

308 2709 346 2782 in
364 2720 498 2805 quanto
514 2700 808 2802 regisadventum
823 2719 984 2800 poneret,
1001 2700 1188 2777 ostendere
1204 2707 1363 2801 cupiens.
1404 2707 1460 2777 De
1475 2728 1636 2802 quorum

309 2831 443 2930 nuptiis
465 2823 631 2902 condicto
646 2825 681 2896 in
708 2822 792 2900 loco
819 2827 1037 2899 mentionem
1061 2849 1176 2915 orsus,
1209 2825 1337 2924 majori
1360 2827 1499 2928 triginta
1521 2823 1636 2898 millia
1731 2811 1735 2823 ’

310 2951 495 3043 talentum,
518 2949 647 3024 minori
665 2965 746 3026 octo
764 2947 800 3020 in
818 2947 1030 3022 matrimonii
1050 2945 1294 3024 conditionem
1310 2947 1506 3048 deposcit³.
1541 2952 1635 3042 Quae

331 3327 451 3404 ΗΒ,
474 3349 539 3388 crau
555 3325 677 3388 radendi
703 3321 866 3404 muno]
892 3327 938 3390 lta
1004 3347 1060 3387 rut
1080 3326 1258 3388 instituerat.
1301 3322 1447 3414 Quemvis
1463 3333 1566 3386 antem
1585 3319 1638 3382 di·
1749 3407 1750 3410 Ἴ

308 3432 420 3518 steph.
461 3433 496 3492 la
516 3429 563 3495 ed
582 3451 631 3516 pr.
650 3425 804 3494 omittitur
821 3456 895 3513 cum.
1005 3427 1084 3494 versi
1102 3429 1166 3494 rint
1192 3435 1328 3508 numeri,
1359 3427 1468 3516 quibus
1492 3428 1573 3492 Suo
1599 3437 1635 3490 et

355 3542 368 3576 ²
397 3535 554 3616 Barbaris]
587 3539 674 3602 More
701 3537 879 3603 Graecorum
905 3551 938 3605 et
1004 3535 1159 3599 bruoldua
1174 3535 1410 3621 magnitudinem
1425 3531 1507 3597 dotis
1516 3532 1637 3616 juniori

307 3645 518 3710 Romanorum
535 3662 658 3722 omnes,
679 3645 733 3728 qni
755 3646 823 3724 alia,
843 3659 936 3734 atque
1002 3639 1074 3704 fitia
1095 3643 1259 3726 postulatas
1280 3643 1467 3729 exprimunt,
1484 3637 1569 3704 idem
1587 3651 1638 3704 ta·

307 3751 377 3840 ipsi,
397 3749 499 3836 lingna
515 3749 689 3829 utebantur,
710 3751 865 3816 Barbaros
882 3773 935 3817 vo.
1002 3765 1072 3808 men
1092 3748 1210 3832 argenti
1229 3749 1349 3834 pondus
1369 3748 1515 3812 indicant.
1551 3749 1638 3812 Suo

307 3859 461 3936 mutium,
491 3859 570 3922 Saxo
590 3856 621 3920 b.
642 3856 664 3919 Ι.
688 3857 874 3939 Germanos,
900 3871 935 3922 ut
1000 3853 1081 3917 euim
1102 3855 1324 3938 proculdubio
1343 3855 1383 3922 de
1403 3854 1512 3917 marcis
1532 3852 1637 3937 loqui·

307 3967 380 4032 alita
413 3965 557 4040 Salaros,
587 3959 694 4026 eodem
722 3964 846 4029 nornine
880 3986 934 4048 ap·
1001 3969 1053 4022 tur
1075 3959 1269 4024 mundorum
1291 3961 1497 4035 [ionicorum.
1519 3959 1573 4046 qui
1594 3977 1634 4021 ec

259 4105 266 4116 =
306 4073 414 4161 pellat,
435 4092 499 4137 non
516 4079 681 4132 contemtu.
724 4065 789 4133 Cir.
803 4069 935 4153 Stepha-
1000 4066 1068 4150 ipso
1087 4078 1228 4151 tempore
1248 4067 1280 4130 in
1301 4089 1358 4130 usu
1377 4080 1476 4130 eraut.
1503 4069 1546 4130 At
1565 4063 1634 4148 jux·

307 4177 351 4240 nii
370 4188 433 4240 not.
452 4175 492 4242 ad
511 4193 582 4260 pag.
597 4169 661 4238 290
676 4194 739 4237 tuas
758 4171 907 4239 editionis.
999 4183 1030 4236 tt
1060 4185 1195 4236 mactum
1221 4172 1417 4236 denariorum
1437 4169 1635 4241 Wuldemari

352 4285 520 4368 ’difflata
534 4282 627 4342 utilitia
646 4321 691 4347 ...
706 4279 851 4367 deposcit]
874 4283 935 4346 'Pe-
999 4279 1092 4366 primi
1121 4280 1204 4364 regit
1232 4279 1505 4356 examinationem,
1540 4297 1636 4362 quan

306 4387 364 4452 ttit
378 4399 425 4454 att
438 4384 605 4465 amoinus,
626 4387 676 4464 ΙΙΙ,
691 4381 723 4466 2,
741 4385 820 4466 banc
839 4383 934 4451 fnisse
999 4386 1133 4450 instituit
1158 4382 1374 4468 Lnxdorpbina
1412 4383 1507 4465 (libb.
1534 4381 1638 4448 Salab-
1748 4435 1749 4448 .

301 4499 469 4585 peetrbrtem
484 4500 561 4558 inter
577 4497 780 4580 imperatorem
793 4510 823 4556 et
837 4517 932 4578 regem
998 4491 1068 4556 stu.
1082 4495 1135 4572 11,
1155 4486 1242 4574 714),
1261 4501 1334 4556 octo
1351 4489 1447 4556 milti·
1458 4509 1637 4554 marcarum

306 4601 427 4677 Dato,
455 4617 488 4664 ut
507 4617 634 4686 quatuor
652 4601 746 4662 malitia
766 4621 933 4664 marcarum
998 4597 1090 4682 bajus
1107 4609 1240 4662 monetae
1264 4589 1350 4662 4148
1376 4615 1493 4663 marem
1511 4591 1638 4679 ponde·

306 4707 446 4788 cumfilia
459 4702 607 4787 (juniore)
622 4687 801 4792 persulcant
822 4707 933 4770 librata
998 4703 1041 4768 rit
1065 4704 1258 4770 coloniensis
1279 4703 1479 4768 continebant
1495 4700 1565 4764 talis
1581 4720 1639 4762 ar·

301 4811 433 4902 pondere
447 4811 579 4898 publico,
597 4812 677 4896 quod
696 4812 822 4874 Carolus
841 4814 931 4893 Mag·
998 4812 1095 4896 genti,
1114 4814 1205 4897 quale
1221 4809 1368 4878 Germtm
1386 4821 1419 4876 et
1434 4805 1637 4891 Francos-lli
