3582 5466
674 297 908 370 NICOLAUS.
1320 207 1418 380 51¹9?

137 507 283 582 deetm
297 507 409 606 jusso.
451 509 525 580 Nec
540 501 633 580 dum
647 510 742 580 enim
757 507 850 580 Dani
866 520 1028 580 externas
1040 505 1288 606 obequitando
1307 533 1448 606 pugnas

136 627 313 706 conficere
325 644 509 704 noverant.
562 629 700 702 Verum
716 627 876 726 praelecti
892 627 1025 720 levitas,
1046 631 1208 727 pecuniae
1230 628 1279 704 ab
1294 633 1448 705 Hmrico

135 753 304 851 pectione
327 767 516 850 coempta,
533 748 702 848 cupidius
716 765 897 848 quaestum
921 773 1032 849 quam
1067 751 1257 850 imperium
1278 752 1447 829 intueba-

137 891 201 948 tnr.
252 877 379 972 ltaque
395 871 562 958 Nicolaus
579 871 748 950 Sclavioie
772 875 809 946 in
832 877 968 972 campie
987 897 1138 950 vacuam
1165 877 1266 972 equis
1292 875 1450 976 phalan-

138 1024 219 1098 gem
236 996 399 1096 explicat.
460 1000 562 1070 Tunc
583 994 716 1090 Sclavi,
749 997 886 1096 pedites
908 995 1155 1096 obequitando
1178 997 1313 1072 lassare
1337 1020 1449 1097 quam

138 1145 218 1194 cem
234 1135 309 1194 tota
323 1122 399 1194 acie
416 1143 563 1194 manum
577 1143 765 1194 conserere
780 1121 889 1194 tutius
904 1125 983 1208 rati,
998 1145 1093 1194 nunc
1107 1120 1193 1214 alas,
1204 1145 1299 1194 nunc
1314 1143 1450 1195 cornua

140 1239 433 1318 circumvolando
465 1241 669 1342 eademqne
688 1245 787 1316 varie
811 1241 940 1342 jaculis
963 1240 1170 1319 lacessendo
1203 1242 1360 1342 obliquis
1374 1241 1449 1318 ho-

141 1381 227 1438 stem
251 1364 446 1440 insultibus
467 1363 687 1442 lacerabant.
757 1367 938 1440 Procursu
958 1389 1115 1462 namque
1145 1367 1182 1438 in
1207 1391 1290 1438 cnm
1305 1363 1450 1456 directo,

142 1487 222 1586 fuga
243 1485 526 1581 relmebantur1,
550 1513 616 1562 nec
635 1509 825 1562 recursum
856 1493 1000 1586 segnius
1023 1511 1135 1584 quam
1159 1488 1333 1588 impeturn
1356 1485 1448 1560 ede-
1486 1576 1490 1590 Ι

141 1612 245 1705 bant,
267 1627 562 1712 coenarumque,
588 1613 728 1710 majore
747 1611 844 1686 mole
875 1634 986 1709 quam
1007 1613 1212 1707 pernicitate
1233 1609 1301 1686 sibi
1326 1611 1450 1696 immi-

143 1737 311 1824 nentium,
323 1759 366 1810 ex
383 1732 539 1809 adverso
554 1757 787 1834 congressum
805 1738 967 1822 vitantes,
982 1733 1121 1830 rejectis
1136 1730 1297 1825 lubens,
1315 1730 1450 1810 adrer-

143 1881 203 1932 soe
216 1857 437 1955 premebant,
460 1856 655 1932 terribilem
677 1855 775 1930 bello
792 1857 958 1931 virtutem
979 1853 1099 1928 lurtim
1122 1870 1157 1929 ct
1177 1861 1278 1954 quari
1303 1853 1451 1930 insidia-

142 2007 220 2054 rum
242 1981 432 2067 latrodaiis
454 1995 675 2054 attentantes
759 1981 811 2052 lta
834 1977 950 2052 laxata
981 1975 1236 2078 debilitatoque
1265 1973 1452 2052 Danorurn

143 2109 254 2192 ecies,
288 2105 374 2202 qnia
394 2127 472 2176 rem
489 2105 526 2176 in
547 2099 659 2200 plano
679 2124 810 2199 parum
828 2097 977 2176 feliciter
992 2117 1167 2200 gesserat,
1200 2101 1304 2174 vicini
1325 2105 1452 2176 montis

143 2225 278 2324 editpm
296 2229 502 2323 deceperit,
524 2223 678 2300 salutem
696 2247 811 2314 suam,
825 2247 936 2321 qnam
954 2225 1062 2298 armis
1082 2227 1172 2298 tueri
1186 2223 1371 2322 nequibat,
1384 2222 1452 2298 loci

142 2345 308 2446 prnitbo
324 2353 465 2422 munire
480 2348 653 2446 cupiens,
684 2369 803 2444 eoque
820 2349 943 2442 potita.
969 2350 1107 2420 verticis
1123 2343 1302 2418 beneficio
1321 2345 1452 2442 subje-

143 2487 242 2544 etus
258 2468 399 2546 hostem
418 2493 546 2544 secura
563 2470 759 2567 conspexit.
812 2471 880 2542 Die
896 2483 1052 2570 postera,
1069 2493 1115 2540 ne
1137 2467 1208 2542 loci
1232 2491 1344 2565 qnam
1381 2467 1453 2542 suis

144 2593 277 2668 viribus
302 2595 472 2667 munitior
493 2590 693 2684 videretur,
723 2591 912 2689 ancipitem
945 2591 1063 2690 canapi
1086 2591 1263 2664 fortunam
1290 2603 1452 2687 repetere
1593 2615 1596 2622 ’

145 2741 252 2814 quam
279 2731 382 2792 certo
397 2719 570 2788 montium
593 2729 790 2790 tutamento
806 2711 964 2812 gaudere
990 2713 1123 2788 maluit
1190 2710 1259 2786 Sed
1282 2713 1453 2808 equestris

143 2837 268 2912 rrn'litire
283 2839 448 2938 spiritum
466 2835 645 2938 pedestris
660 2837 754 2914 ferre
770 2861 844 2910 non
860 2842 985 2936 potuit.
1026 2841 1108 2930 Quo
1122 2838 1251 2925 creuit,
1267 2850 1323 2926 ut,
1338 2835 1453 2908 ansis-

144 2983 219 3034 sum
234 2984 368 3058 pugne
383 2958 494 3034 decus
507 2986 720 3058 recuperare
736 2967 893 3050 niteptes,
909 2961 1065 3058 pristinae
1086 2957 1199 3032 cladis
1224 2959 1453 3058 ignominiam

146 3099 283 3180 postera
308 3081 544 3156 cumularent.
596 3081 830 3172 Crediderim,
854 3081 947 3156 hanc
965 3107 1097 3181 pugnae
1118 3081 1296 3158 somenam
1320 3081 1369 3157 ab
1394 3083 1455 3152 iu-

143 3222 420 3280 snumentcrum
441 3210 554 3304 magis
579 3229 692 3303 quam
716 3207 915 3280 animorum
948 3209 1068 3302 inopia
1100 3203 1317 3302 profectam,
1358 3209 1454 3302 quia,

147 3325 461 3407 dumlortitudinis
477 3330 621 3426 spiritus
642 3354 774 3428 parurn
802 3333 942 3402 curiose
967 3329 1082 3426 prima
1111 3325 1243 3402 militiae
1264 3326 1456 3402 commoda

149 3453 405 3550 circumspexit,
427 3475 499 3527 non
515 3467 641 3544 metus,
659 3450 723 3526 sed
738 3452 868 3524 inertiae
885 3473 1012 3546 poenas
1029 3449 1211 3548 pependit,
1227 3475 1365 3550 suaque
1380 3475 1456 3549 po-

147 3574 213 3648 tim
225 3573 438 3676 negligentia
456 3599 569 3674 qnam
585 3573 707 3654 alienis
728 3574 865 3648 viribus
883 3571 1110 3671 proculcatus
1132 3575 1312 3648 occubuit.
1375 3577 1456 3648 Ha·-

147 3695 304 3790 raldus2,
316 3723 357 3772 re
373 3695 510 3772 fortiter
528 3711 638 3796 gesta,
653 3695 745 3770 adeo
762 3701 916 3797 graviter
930 3693 1077 3770 affectus
1093 3697 1267 3794 proditur,
1294 3713 1352 3789 ut,
1365 3725 1455 3796 gra-

145 3816 264 3892 diendi
280 3821 385 3920 inope
421 3818 629 3918 clypeoque
656 3844 678 3892 a
700 3823 774 3894 suis
789 3832 981 3915 exceptus,
1013 3817 1133 3892 alienis
1154 3818 1320 3893 manibus
1342 3837 1457 3892 eastra

145 3959 357 4040 sequeretur.
410 3945 591 4018 Canutus³
613 3967 769 4040 quoque,
784 3969 851 4040 per
866 3965 1045 4016 eumanum
1062 3940 1250 4016 vulnerum
1275 3941 1457 4016 acerbita-

144 4049 214 4138 teni
231 4065 369 4164 pedum
382 4065 544 4140 firmitate
560 4064 733 4157 delectus,
749 4063 1051 4165 promptissimam
1070 4061 1306 4142 militisfidern
1321 4091 1457 4164 erper-

142 4341 313 4426 eppelletnr
331 4341 393 4406 dux
405 4343 459 4406 ille
470 4340 691 4419 stemma,
718 4341 770 4426 qni
834 4359 875 4402 vo
889 4340 1063 4426 neutiquam
1079 4339 1214 4404 diversus
1229 4353 1276 4405 est
1286 4339 1380 4424 (nist.
1395 4363 1457 4428 reg.

140 4469 245 4533 regern
260 4449 429 4535 Signum
443 4473 461 4514 a
473 4461 556 4514 terre
568 4460 671 4512 amota
684 4449 771 4512 rede·
834 4449 966 4532 Norreg.
979 4449 1040 4513 rol.
1052 4449 1090 4510 lll
1106 4470 1137 4531 p.
1152 4443 1239 4530 247).

141 4567 247 4618 nutem
282 4554 446 4641 magnifico
480 4552 599 4639 excepit
629 4553 770 4616 convivio
879 4557 981 4638 ¹Fuga
995 4553 1208 4640 reserebantur]
1222 4557 1405 4641 stephanius
1421 4556 1458 4621 de

141 4659 239 4724 media
265 4675 370 4726 mutate
393 4683 473 4725 anno
498 4658 591 4739 1111,
622 4669 769 4744 regnante
831 4678 886 4720 eno
901 4657 1019 4723 eddidit
1034 4666 1103 4726 cita.

142 4783 215 4849 rege
227 4765 373 4848 Nicolao;
396 4766 562 4851 isigitnra
583 4779 689 4830 noetm
705 4765 769 4832 Eli·
876 4765 1069 4845 ²Heraldus]
1087 4768 1276 4851 Cognomina
1294 4773 1391 4834 Keria.

879 4870 1049 4956 'Cenatusl
1065 4873 1160 4938 Filius
1174 4875 1257 4938 lirici
1270 4875 1359 4938 Boni.
