3582 5466
365 299 441 372 566
716 295 892 366 HISTOR.
907 295 1014 368 DAN.
1029 294 1166 366 LIBER
1185 294 1245 368 xl.

317 504 523 604 tuendaque
550 507 665 603 patria
685 508 789 605 juges
816 503 986 580 excubiae
999 509 1126 603 gessit,
1157 527 1363 604 rerumque,
1385 529 1545 606 querum
1572 507 1624 584 ab

317 628 493 702 infirmam
509 627 628 702 adhuc
644 644 784 702 aetatem
808 629 866 702 vir
884 642 1064 724 spectator
1078 651 1158 702 ease
1185 629 1321 726 potuit,
1346 645 1474 704 auctor
1496 627 1627 706 habem'

317 751 555 852 presumpsit.
608 751 824 844 Quinetiam
849 748 1009 847 juvenile
1035 773 1168 847 corpua
1186 755 1355 828 continuo
1373 777 1444 830 utu
1464 751 1513 836 ed
1526 753 1624 826 helia

317 877 470 975 impigre
484 869 705 947 conficienda
721 895 895 969 armaque
910 871 1055 946 viriliter
1076 871 1283 948 sustinenda
1296 870 1479 965 firmabat,
1503 875 1625 952 fama-.-

316 1021 389 1096 que
401 998 479 1095 ejus
494 994 626 1068 bellica
639 995 674 1068 vi
689 998 724 1066 in
740 1010 876 1068 tantum
891 992 1055 1068 claritatis
1070 999 1227 1086 excessit,
1251 1012 1292 1069 ut
1314 995 1517 1075 redivivum
1539 1023 1626 1072 ma-

315 1123 377 1220 gni
396 1122 525 1192 Canuti
548 1122 711 1219 spiritum
738 1116 990 1215 fortunamque
1021 1114 1128 1190 simul
1151 1142 1234 1190 cum
1263 1119 1417 1192 nominis
1449 1119 1627 1196 uticem

315 1244 566 1318 communione
581 1243 734 1329 sortitus,
759 1237 853 1314 adeo
865 1253 906 1312 ut
920 1237 1041 1311 nullus
1062 1264 1145 1312 eum
1168 1241 1305 1335 paterni
1325 1247 1424 1340 regui
1443 1247 1625 1318 sueconi-

213 1381 216 1390 '
315 1392 386 1442 one
410 1368 610 1464 potiturum
640 1361 848 1461 ambigeret.
921 1365 1046 1460 Neque
1069 1365 1174 1450 euim,
1199 1368 1329 1436 virtute
1350 1364 1424 1459 jam
1451 1383 1626 1458 maturus,

313 1489 444 1564 honori
460 1487 730 1584 intempestivus
747 1483 948 1558 videbatur.
1002 1482 1072 1559 Sed
1087 1509 1154 1557 nec
1169 1471 1390 1559 liberalitatis
1403 1490 1626 1588 spenesejus

315 1611 565 1686 adolescentie
592 1608 713 1682 defuit.
773 1609 888 1704 Cujus
915 1606 1059 1682 fratrem
1081 1606 1300 1699 Haraldum,
1332 1625 1418 1684 natu
1439 1614 1625 1710 majorem,

315 1735 434 1808 obtusi
453 1730 650 1805 admodum
667 1729 796 1822 cordis,
809 1731 900 1802 inter
914 1731 1069 1827 juventoe
1085 1731 1179 1802 initia
1194 1747 1391 1828 perpetuus
1405 1734 1540 1808 inertiae
1556 1759 1625 1812 eo-

315 1879 385 1954 por
402 1879 617 1954 oppressum
633 1853 786 1928 tenebat.

448 1977 609 2050 Tandem
623 1979 832 2067 Svenonem,
848 1975 970 2048 ultima
983 1999 1088 2074 paene
1104 1991 1283 2052 senectute
1298 1977 1514 2072 confectum,
1524 1979 1626 2080 apud

316 2098 586 2197 Sudduthorp¹,
603 2102 798 2174 Juticarum
815 2100 969 2197 partium
996 2095 1185 2196 oppidum,
1198 2097 1290 2176 iehri
1306 2101 1527 2199 implicatum
1551 2102 1625 2176 ad-

315 2249 420 2300 versa
445 2225 607 2320 corporis
629 2220 797 2296 valetudo
825 2224 1007 2321 corripuit.
1067 2224 1136 2314 Qui
1161 2247 1256 2316 cum,
1275 2225 1446 2320 pestifero
1473 2225 1626 2302 humore

315 2361 509 2447 grassante,
525 2344 667 2418 fatalem
684 2343 782 2418 cordi
800 2344 963 2418 dolorem
983 2347 1167 2418 imminere
1184 2364 1430 2444 cognosceret,
1455 2347 1627 2446 parvulas

314 2469 438 2544 adhuc
456 2473 600 2542 extremi
618 2470 762 2567 spiritus
784 2469 955 2567 reliquias
969 2467 1123 2559 trahens,
1148 2493 1171 2542 a
1193 2471 1440 2567 praesentibus,
1469 2495 1509 2546 ae
1522 2474 1625 2546 Rus-

314 2592 437 2666 lriidiae
450 2590 605 2692 sepeliri,
621 2593 754 2690 petivit.
805 2597 877 2666 Ncc
892 2593 1076 2666 ministerii
1090 2617 1215 2674 eorum
1242 2593 1443 2689 promisso²
1468 2609 1625 2672 eonten-

313 2733 386 2807 ωε,
401 2731 624 2792 sacramento
638 2712 749 2786 fidem
764 2716 888 2814 eregit,
938 2713 1122 2812 Siquidem
1134 2713 1203 2788 loci
1221 2713 1314 2791 illius
1324 2715 1461 2814 religio,
1475 2716 1625 2815 regibus

314 2855 454 2914 vetusto
469 2861 571 2910 more
590 2835 741 2928 exculte,
767 2853 807 2910 ut
826 2838 917 2912 vivis
931 2837 1064 2931 sedem,
1095 2842 1143 2912 ita
1158 2837 1232 2910 fato
1249 2839 1376 2916 tunctir
1401 2837 1626 2938 sepulturam

313 2977 486 3060 prestare
500 2975 739 3034 consvererat
780 2961 933 3058 Jamque
950 2964 1043 3062 regie
1060 2987 1196 3061 corpur
1212 2960 1260 3034 ab
1279 2959 1407 3036 iisdem
1422 2960 1544 3059 amplo
1559 2961 1626 3034 su-

313 3107 398 3156 nere
421 3081 554 3155 elatum
569 3081 781 3156 sialandiam
801 3108 920 3182 usque
944 3101 1168 3183 pervenerat,
1188 3109 1272 3158 cum
1296 3090 1453 3183 primum
1467 3082 1626 3160 wilhel-

314 3229 397 3280 mur
413 3211 450 3306 in
467 3229 656 3280 occursum
673 3207 753 3302 ejus
772 3205 937 3280 veniendi
953 3205 1118 3280 mandata
1140 3212 1307 3304 suscepit.
1358 3211 1431 3282 Nec
1453 3222 1626 3301 moratus,

315 3328 364 3403 ad
378 3330 507 3403 urbem
523 3353 633 3403 cursu
652 3328 815 3403 festinato
831 3327 1023 3422 contendit,
1048 3332 1159 3428 inque
1178 3335 1255 3428 ipsa
1262 3331 1436 3406 Trinitatis
1449 3327 1538 3418 oede,
1556 3353 1625 3404 uu-

314 3454 457 3543 ceraitis,
474 3453 539 3550 qui
555 3467 684 3524 terram
701 3450 748 3524 ad
763 3449 919 3525 solidum
934 3452 1109 3542 inderent,
1125 3454 1224 3550 prius
1239 3455 1325 3552 regi,
1333 3451 1462 3528 deiude
1476 3451 1546 3527 ribi
1558 3468 1624 3528 tu-

185 3587 190 3594 '
313 3572 454 3650 mulum
466 3575 578 3648 extrui
592 3573 704 3673 jubet
776 3577 893 3668 Quam
911 3601 1039 3652 vocem
1054 3577 1256 3651 fossoribus
1270 3581 1391 3674 potius
1415 3599 1439 3650 a
1463 3599 1625 3650 moerore

312 3906 408 3993 216),
427 3912 576 3974 Canutum
604 3908 666 3994 jum
688 3923 769 3989 ante,
791 3933 881 3998 quam
903 3912 942 3976 ad
999 3935 1047 3975 um
1061 3924 1151 3974 autor
1164 3912 1301 3976 historiae
1319 3910 1554 3996 Iinytlingorum
1575 3907 1623 3996 (p.

314 4017 460 4080 thronum
481 4011 649 4096 accederet,
670 4018 834 4102 suscepisse
851 4039 941 4104 erpe-
995 4010 1071 4102 214)
1097 4031 1128 4080 et
1142 4019 1304 4081 AElnothus
1319 4019 1352 4081 in
1371 4019 1498 4081 historia
1512 4019 1624 4082 Canuti

314 4120 443 4185 ditiones
456 4121 488 4184 in
497 4123 602 4186 littore
618 4122 757 4185 umtralia
771 4125 939 4188 marisBal-
993 4122 1074 4210 regis
1098 4123 1225 4210 (Script.
1250 4147 1308 4188 rer.
1334 4127 1411 4188 Dan.
1442 4127 1502 4188 vol.
1529 4129 1569 4187 111
1591 4151 1624 4212 p.

310 4226 398 4308 thiei,
419 4226 533 4312 ibique,
555 4218 632 4290 t'este
652 4241 719 4291 rate
741 4229 872 4314 quodam
896 4235 939 4295 is·
994 4227 1055 4292 337
1069 4243 1100 4292 et
1114 4230 1373 4317 nctLangebeitii
1389 4229 1428 4293 ad
1453 4229 1525 4314 loc.)
1547 4234 1622 4294 Sve-

311 4329 415 4414 lundo,
432 4333 534 4396 decem
552 4355 638 4418 reges
653 4334 768 4398 vicisse.
993 4357 1104 4400 nonem
1124 4335 1154 4398 in
1177 4359 1259 4424 pago
1278 4336 1476 4422 Suddathorp
1488 4337 1622 4401 occubu-

359 4435 582 4527 ¹Suddatlmrp]
598 4443 696 4524 Pagus
712 4439 937 4528 uuncSiiderup
992 4443 1049 4506 isse
1063 4441 1209 4507 scribunt.
1232 4444 1373 4510 Suhmim
1387 4445 1547 4530 probavit,
1569 4452 1622 4507 an‘-

312 4543 427 4623 dictus,
456 4543 488 4604 in
508 4545 653 4630 parochia
673 4545 836 4629 tormini,
864 4551 938 4614 olim
995 4572 1067 4614 num
1101 4547 1249 4616 Svenonis
1291 4553 1489 4614 emortualem
1528 4549 1621 4614 fuisse

311 4648 528 4734 Hjortluud,in
542 4652 938 4721 nomarchiaducatuaSlee·
995 4653 1084 4718 1076.

311 4757 439 4820 vicensis
456 4757 618 4844 Apenrade
635 4757 714 4822 dicta
731 4757 840 4838 (Suhm
855 4763 935 4828 Hist.
1037 4768 1050 4800 ²
1069 4760 1231 4844 Promisso]
1252 4765 1296 4825 Ita
1317 4777 1400 4827 recte
1429 4765 1532 4851 posuit
1552 4767 1620 4830 Ste-

312 4863 348 4927 ai
361 4868 470 4928 Duum.
491 4860 513 4928 4
534 4865 572 4930 Ι).
599 4865 630 4928 8.
655 4861 817 4946 458459).
868 4871 934 4934 Eti·
989 4867 1127 4954 pharius.
1150 4869 1207 4936 Ed.
1222 4893 1271 4956 pr.
1286 4869 1380 4936 habet
1399 4877 1494 4936 misso.
