3508 5460
372 287 449 368 834
639 307 644 320 ’
709 295 884 366 HtsTott.
900 291 1005 366 DAN.
1020 299 1157 368 LIBER
1174 300 1263 370 xlv.

323 501 516 570 traxissent
579 499 696 588 Quam
721 495 960 570 conditionem
986 499 1143 574 barbaro
1166 500 1436 598 comprobante,
1471 519 1628 600 acceptas

323 642 447 714 preces
464 617 558 690 illico
575 623 652 715 regi
668 609 832 716 porrexit,
858 626 975 717 eo'que
993 626 1154 719 protinus
1169 620 1237 694 hac
1255 619 1301 692 de
1319 645 1358 692 re
1374 639 1539 697 evocatos
1557 649 1626 722 pu-

323 765 392 840 gna
407 741 584 837 principes
600 739 817 828 consulente,
841 741 988 814 barbari
1004 745 1094 816 votis
1109 742 1339 816 annuendum
1355 743 1546 842 subjunxit,
1571 746 1627 818 di-

323 860 448 952 cendo,
473 859 676 958 oppidanos
692 871 883 962 grassantis
898 862 1049 938 incendii
1064 867 1240 964 impetum
1255 865 1325 938 hoc
1340 865 1531 957 difficilius,
1557 863 1627 968 quo

324 983 475 1073 tardius,
500 991 699 1084 sopituros';
729 986 879 1085 quodsi
901 989 1095 1084 reprimere
1113 987 1340 1084 destitissent,
1367 991 1472 1062 etiam
1492 1011 1626 1066 remoto

321 1107 434 1194 hoste,
460 1109 641 1182 victoriam
655 1112 726 1208 igni
746 1107 901 1182 daturos.
953 1115 1100 1184 Nostros
1121 1137 1225 1200 vero,
1253 1114 1390 1185 tametsi
1408 1117 1484 1185 otio
1504 1113 1626 1187 indul-

243 1219 262 1312 f
321 1247 455 1330 gerent,
481 1229 517 1302 id
536 1233 850 1330 propugnantium·
863 1230 1088 1304 flammarum
1114 1235 1250 1308 viribus
1272 1233 1503 1323 obtenturos,
1530 1237 1627 1336 quod

321 1378 367 1424 ne
386 1354 540 1451 propriis
557 1353 704 1450 quidem
719 1357 858 1452 assequi
877 1355 1078 1432 valuissent.
1131 1354 1240 1449 Quod
1258 1382 1466 1454 quanquam
1489 1358 1537 1431 ad
1555 1359 1625 1432 ho-

321 1499 399 1546 ram
416 1476 522 1548 armis
541 1476 757 1572 abstineant,
784 1484 915 1552 otiosos
938 1477 1188 1552 existimandus
1209 1504 1282 1551 non
1302 1503 1398 1570 esse,
1431 1488 1626 1581 praesertim

322 1596 438 1670 alieno
469 1600 660 1672 ministerio
690 1601 764 1672 sine
794 1599 869 1674 ullo
898 1605 951 1674 sui
979 1601 1180 1676 discrimine
1205 1599 1414 1699 praeliantes.
1475 1607 1628 1680 Probata

323 1719 489 1808 consilio,
514 1745 575 1794 rex
598 1719 799 1819 oppidanos
822 1730 857 1794 in
879 1722 987 1796 fidem
1011 1723 1079 1796 hac
1094 1724 1174 1822 lege
1192 1727 1340 1820 recepit,
1366 1741 1414 1816 ut,
1439 1721 1627 1802 simulacro

322 1847 522 1918 cumomni
547 1868 649 1916 sacra
671 1847 822 1943 pecunia
847 1844 988 1936 tradit0,
1022 1848 1180 1944 captivos
1207 1842 1424 1920 Christianos
1449 1850 1626 1950 ergastulo

254 2045 258 2054 ,
321 1965 492 2040 liberatos
516 1968 655 2067 absque
680 1967 923 2066 redemptione
940 1967 1163 2060 dimitterent,
1188 1971 1379 2067 omniaque
1396 1997 1490 2048 verae
1505 1973 1625 2074 religi-

323 2093 401 2164 onis
423 2107 604 2163 momenta
629 2093 765 2164 Danico
787 2096 857 2164 ritu
888 2089 1102 2165 celebranda
1132 2093 1370 2189 susciperent;
1415 2095 1625 2192 quinetiam
1659 2167 1669 2182 ,

319 2231 359 2289 ut
373 2238 480 2314 agros
494 2237 536 2284 ac
548 2211 730 2286 latifundia
741 2211 892 2287 deorum
906 2217 942 2286 in
955 2212 1254 2288 sacerdotiorum1
1273 2239 1360 2288 usus
1374 2236 1626 2311 converterent,

320 2361 445 2436 seque,
467 2339 605 2435 quoties
619 2361 676 2409 res
695 2352 876 2438 posceret,
902 2340 1046 2411 Danicae
1068 2335 1296 2436 expeditionis
1310 2341 1452 2413 comites
1474 2339 1624 2415 exhibe-

319 2477 408 2549 rent,
424 2486 491 2535 nec
508 2485 668 2559 unquam
677 2461 833 2534 accersiti
849 2464 944 2560 regis
961 2458 1118 2531 militiam
1133 2463 1303 2558 prosequi
1319 2461 1624 2562 supersederent²;

318 2597 489 2680 praeterea
504 2588 683 2656 annuatim
700 2609 741 2656 ex
754 2581 901 2681 singulis
918 2582 1030 2655 bourn
1042 2581 1136 2680 jugis
1152 2581 1402 2682 quadragenos
1418 2589 1620 2685 argenteos³

320 2706 440 2778 tributi
456 2711 600 2778 nomine
618 2705 823 2804 penderent,
847 2705 1065 2804 totidemque
1085 2704 1229 2780 obsides
1247 2711 1283 2779 in
1300 2732 1424 2780 earum
1446 2708 1623 2784 conditio-

319 2855 405 2901 num
420 2827 681 2903 firma'mentum
705 2845 924 2927 praestarent
977 2832 1058 2923 Quo
1082 2826 1217 2918 audito,
1242 2827 1412 2927 populus,
1434 2832 1620 2927 repentinis

320 2949 498 3027 seditionis
511 2952 649 3027 dacibus
668 2951 922 3028 inflammatus*
936 2951 1148 3051 hostilisque
1162 2949 1346 3052 praedaeac
1359 2956 1541 3053 sanguinis
1555 2980 1620 3027 cu-

367 3237 640 3322 ¹Saeerdotiorum]
664 3241 844 3324 stephanius
872 3242 944 3304 scri·
998 3260 1129 3304 marcam
1151 3239 1218 3302 den.
1239 3238 1416 3319 faciebam:
1465 3243 1564 3333 Quum
1584 3259 1618 3302 eo

321 3346 383 3430 psit
402 3347 592 3410 sacerdotum.
996 3358 1137 3431 tempore
1159 3347 1303 3408 Germani
1333 3346 1498 3410 etiamnum
1522 3369 1618 3412 tuone-

366 3455 454 3514 ²Nea
471 3475 595 3535 unqttam
619 3457 754 3514 accersiti
772 3457 849 3536 regis
870 3455 944 3514 maii·
993 3465 1092 3515 tarum
1105 3451 1338 3516 domesticarum
1349 3451 1440 3516 modo
1456 3453 1517 3516 duo
1531 3474 1615 3538 gene·

322 3562 393 3622 tiam
421 3562 562 3646 prosequi
588 3555 820 3644 supersederent]
849 3558 942 3620 Danis
993 3581 1037 3637 ra,
1060 3558 1174 3620 solidos
1187 3578 1295 3622 aureos
1308 3571 1340 3622 et
1355 3558 1497 3623 denarios
1514 3580 1615 3644 argen-

321 3685 405 3741 rero,
426 3662 464 3726 ad
480 3663 598 3744 initium
622 3663 728 3726 saltem
746 3667 833 3749 regni
852 3667 942 3732 Wai·
994 3677 1070 3743 teos,
1087 3663 1245 3744 haberent,
1266 3665 1333 3728 haec
1346 3665 1411 3752 ipsa
1436 3668 1550 3729 metalli
1567 3687 1616 3726 no-

321 3768 445 3849 demari,
461 3768 655 3855 competebat
663 3770 940 3858 jusexpeditionem
994 3772 1075 3834 mine
1098 3771 1170 3834 satis
1196 3770 1454 3835 discernebantur.
1522 3776 1612 3836 Caete

318 3878 510 3963 propositam
523 3877 555 3937 in
569 3875 818 3960 disceptationem
832 3898 940 3941 rocan-
992 3878 1131 3940 rumtale
1142 3877 1289 3942 tributum
1306 3900 1449 3964 agrorum
1461 3880 1528 3941 usui
1540 3900 1614 3964 pre·

321 3984 362 4062 di,
380 3997 469 4069 atque
479 3984 569 4048 etiam
584 3983 789 4062 detrectandi3
815 4006 842 4047 r.
858 4003 940 4046 com·
994 3995 1042 4045 ter
1061 3983 1197 4047 militiam
1215 3985 1418 4070 praestandam
1441 3985 1556 4048 directe
1573 3985 1614 4046 in·

321 4102 413 4150 ment.
430 4107 527 4153 meam
546 4089 583 4154 de
605 4089 750 4154 institutis
771 4089 859 4154 milit.
879 4095 941 4156 Da·
994 4090 1133 4171 junctum
1147 4091 1180 4154 in
1200 4093 1299 4154 Dania
1315 4090 1450 4155 nondum
1464 4091 1616 4178 cognitam

320 4214 429 4256 norum
446 4199 467 4274 1,
482 4190 524 4280 43
537 4217 605 4282 sqq.
999 4210 1072 4260 erat.

365 4303 437 4362 'Ee
454 4308 579 4387 singult's
609 4304 705 4365 boum'
708 4304 793 4386 jugis
815 4304 943 4386 quadra·
1043 4307 1198 4390 *Populus
1221 4309 1379 4392 repenttnis
1400 4307 1552 4368 sedationis
1564 4301 1618 4384 jc-

319 4429 411 4489 genos
422 4405 588 4491 argenteos]
611 4413 653 4471 H.
673 4429 699 4473 e.
718 4428 735 4471 e
755 4411 863 4493 quouis
879 4428 943 4470 ara·
996 4412 1075 4471 cibus
1095 4408 1304 4493 inflammatos]
1334 4414 1376 4474 Ut
1391 4409 1452 4472 hoc
1474 4422 1556 4473 recte
1575 4407 1617 4468 in-

321 4523 372 4573 tro
400 4513 448 4574 rel
467 4531 484 4574 e
505 4524 588 4576 tanta
607 4526 707 4593 terra,
747 4527 860 4600 quanta
880 4534 947 4584 uno,
996 4516 1160 4600 telligatur,
1179 4513 1403 4582 observandum
1420 4527 1477 4592 est,
1495 4515 1618 4578 rusticos

320 4630 424 4680 aratro
440 4618 500 4681 coli
516 4621 611 4700 solet,
634 4619 834 4706 quadraginta
854 4620 945 4684 dena·
996 4642 1051 4708 spe
1063 4622 1187 4707 inprimi
1203 4621 1331 4706 spraedae
1346 4622 1472 4684 allectos
1489 4621 1520 4682 in
1533 4637 1616 4702 expe·

320 4723 383 4787 rios
399 4738 559 4806 argenteos
578 4721 722 4812 (quorum
738 4723 801 4792 240
816 4729 848 4790 in
867 4729 944 4790 Ger·
999 4729 1143 4792 ditionem
1161 4730 1351 4815 propositam
1363 4728 1556 4806 consensisse,
1576 4733 1616 4800 et,
1719 4717 1720 4722 ’

321 4831 419 4898 mania
444 4829 552 4896 libram
574 4831 776 4914 denariorum,
788 4833 821 4896 in
845 4834 943 4898 Dania
999 4835 1136 4900 militiam
1176 4857 1233 4900 suo
1274 4847 1395 4921 sumptu
1432 4841 1613 4919 prestantes,
