3538 5460
411 403 413 414 Ι
531 358 536 366 ,
606 318 611 327 ·
671 289 881 369 cstttws
905 289 970 366 vt·
1008 309 1015 345 ¹
1070 310 1076 321 ·
1350 291 1425 369 utu

153 519 229 582 tem
243 503 435 580 Dsnmom
447 503 601 603 juvenco
625 503 954 602 rirsutcsaparsrs
968 501 1183 601 capientes„
1198 525 1273 582 aon
1291 519 1479 606 κωμη-

156 633 243 704 vor'e
260 627 363 722 ·=tbt,.
386 627 617 727 qao-minus,
630 624 782 724 nauigiis
807 649 832 700 n
857 619 1045 724 mutuom
1065 629 1231 720 moth,
1260 627 1479 728 pollincto

154 771 292 850 nquam
304 743 566 827 descenderent
583 745 753 848 nudaque
771 745 892 848 qrsdu
909 745 1112 826 lustuns-ent.
1150 750 1289 829 ‚Contra
1305 751 1480 851 oppidsni

155 877 192 946 in
206 873 395 973 subjectos
411 871 577 946 cominus
592 868 660 946 telo
675 871 813 971 jecere,
836 867 1055 970 navigioque
1068 876 1256 954 tormentis
1271 873 1402 973 procul
1417 877 1481 954 in·

154 1019 298 1072 ccssecc
318 991 537 1094 coeperunt3
589 1017 748 1094 qaorum
768 996 919 1068 eximios
941 994 1060 1092 jactus
1079 991 1350 1094 oludcrcquam
1363 1002 1481 1072 cxci-

154 1142 245 1218 perc
268 1119 379 1195 uuus
402 1118 630 1193 minitantes.
689 1119 833 1216 Anceps
865 1121 1114 1216 incertumque
1138 1121 1250 1194 vitun
1277 1117 1481 1218 periculum

134 1283 137 1290 ι
154 1255 243 1332 emt,
264 1237 542 1343 pregrandibus
567 1243 661 1316 saxis
674 1239 713 1312 in
728 1255 914 1314 consertas
928 1263 1074 1340 puppes
1088 1239 1318 1336 cudentibnst
1341 1243 1380 1318 in
1394 1241 1482 1344 iuga

154 1385 199 1436 nc
213 1343 454 1438 ceetomone
466 1379 648 1464 contoque
665 1367 831 1463 corporis
850 1377 951 1436 motu
984 1363 1099 1464 magis
1122 1383 1235 1465 quum
1261 1363 1397 1440 inulla
1413 1389 1480 1442 nr-

156 1510 301 1560 morum
316 1511 388 1588 ope
401 1483 693 1562 smssrundornm
709 1488 850 1560 ictuum
873 1482 1076 1560 remedium
1092 1485 1304 1564 ducebatur·
1356 1487 1482 1566 Absa-

153 1607 220 1682 lon
236 1607 358 1684 medio
373 1625 478 1684 tenus
493 1609 862 1710 navigii-proqmsns,
870 1623 992 1708 egesta
1007 1613 1191 1684 tormentis
1205 1609 1482 1696 roboramenta

149 1737 324 1832 corporis
356 1730 593 1806 declinatione
625 1732 784 1808 fallebat.
842 1735 961 1826 Quem
984 1731 1166 1809 burburus
1193 1732 1287 1810 sorte
1313 1735 1482 1836 pmidio

150 1877 326 1956 agressus
348 1871 546 1956 postquam
563 1879 607 1928 cx
623 1856 745 1958 clypei
769 1861 864 1932 notis
877 1860 1041 1956 agnitum
1057 1855 1202 1948 habuit,
1221 1873 1482 1936 tormentorum

152 1975 378 2077 praesidibus
391 2003 504 2054 manu
519 1977 743 2079 significavit,
765 1994 805 2054 nt
822 2004 906 2054 cnm
923 1980 1141 2078 impeterent.
1194 1980 1481 2078 lgituriotcrro-
1520 2025 1523 2052 .

156 2115 264 2198 gatus
284 2101 495 2201 aquodam,
511 2125 556 2174 an
571 2117 802 2200 perspectum
817 2100 980 2194 haberet,
995 2098 1151 2201 qualiter
1164 2101 1284 2214 ippum
1300 2101 1483 2182 lrnrbsrus

156 2220 355 2318 denotaret,
377 2249 504 2300 curam
516 2225 574 2300 sui
589 2220 684 2298 illius
700 2222 820 2296 animo
835 2225 976 2298 insitum
990 2220 1196 2320 respondit,
1231 2222 1361 2300 eodem
1377 2224 1482 2304 ludi-r

157 2343 241 2420 brio
268 2341 412 2422 hostem
433 2364 467 2422 et
490 2347 704 2422 monitorem
727 2344 947 2445 excipiendo.
998 2345 1167 2446 Intrepidi
1187 2347 1297 2422 animi
1320 2345 1482 2446 dixerim,

158 2471 195 2542 in
215 2467 337 2544 medio
366 2467 493 2548 cnlutis
515 2469 719 2548 discrimine
747 2467 910 2569 pericula
940 2491 1009 2544 sun
1036 2469 1166 2567 jococo
1192 2467 1286 2544 dioto
1306 2477 1482 2572 prosequi

156 2589 326 2668 voluisae.
366 2590 470 2668 Adeo
490 2593 728 2668 certissimum
744 2590 961 2668 torotudtm
977 2607 1012 2666 et
1028 2593 1234 2668 oonstnntioe
1245 2596 1481 2692 expetitum-

157 2728 237 2790 tnm
251 2717 441 2792 necessitas
458 2715 590 2792 tribuit.
643 2716 920 2818 Expngnntionc
936 2739 1010 2788 non
1023 2710 1254 2815 procedente,
1277 2741 1373 2794 nova
1390 2717 1481 2794 ado·

156 2833 295 2912 riendaa
317 2837 418 2912 urhis
440 2839 551 2932 ratio,
574 2855 721 2916 cuctorc
740 2840 929 2930 Esberno,
960 2843 1158 2938 excogitata
1181 2853 1244 2912 ost.
1276 2839 1483 2939 'Siquidem

154 2958 331 3035 inusitate
352 2959 604 3060 magnitudinis
617 2965 810 3064 navigium,
832 2963 940 3036 variis
960 2961 1053 3062 iguis
1072 2965 1296 3038 nutrimentis
1313 2961 1483 3063 complc-

158 3097 257 3176 tam,
286 3081 367 3158 solo
386 3099 577 3160 ventorum
601 3083 750 3184 remigio
766 3089 985 3184 opportunis
1000 3081 1169 3168 inccndio
1189 3084 1482 3164 moenibusndi·

157 3205 319 3306 gendum
334 3206 520 3282 curabant
571 3204 681 3304 Quod
692 3205 819 3282 latenti
829 3208 868 3280 in
883 3204 991 3282 undis
1006 3208 1119 3306 stipiti
1134 3205 1287 3298 illisum,
1311 3216 1390 3284 sinc
1405 3210 1483 3288 ull·
1601 3241 1604 3246 ·

158 3327 427 3430 oppidanorum
443 3331 584 3430 jectum
597 3333 756 3432 propriu
774 3351 859 3404 cum
881 3331 1038 3404 moterlo
1052 3327 1256 3410 discrimino
1270 3331 1483 3436 condoqu-

158 3454 221 3528 vit.
273 3456 325 3528 lta
342 3456 458 3554 exigui
477 3450 562 3552 ligni
580 3451 836 3552 impedimento
862 3475 949 3552 spes
971 3453 1122 3552 ingentis
1147 3455 1306 3530 victorio
1331 3455 1483 3536 subrui!

159 3591 217 3650 est
246 3573 477 3675 hostiumque
509 3573 608 3650 salus
630 3573 788 3675 parvulo
810 3574 965 3648 iortonce
995 3591 1181 3651 momento
1205 3575 1256 3653 ub
1278 3580 1484 3656 mutante

156 3699 264 3774 exitio
279 3714 450 3798 protecto.
502 3701 586 3782 Post
605 3695 685 3772 hoc
700 3693 931 3798 Bogiszlarus
954 3697 992 3768 in
1008 3693 1227 3772 dedecorum
1251 3721 1402 3776 suornm
1418 3701 1483 3778 ut-

158 3823 295 3896 tionem
303 3820 409 3898 dolos
419 3814 755 3915 mentescrutctus¹‚
768 3815 959 3906 Absclpnis
972 3815 1193 3920 colloquium
1206 3819 1373 3900 simulato
1383 3825 1492 3926 pacis

157 3943 380 4020 affectatione
393 3969 461 4044 per
477 3943 615 4045 legatos
628 3941 826 4044 poscendo,
840 3965 926 4018 cum
940 3941 1076 4043 ingenti
1088 3946 1249 4044 equitatu
1264 3941 1483 4026 destinattun

158 4070 355 4150 conventui
369 4065 493 4142 locum
508 4069 640 4167 petivit.
666 4069 806 4162 Quem²
824 4065 1079 4144 binisohviam
1093 4065 1161 4142 sibi
1174 4070 1484 4168 navigiissenien-

157 4207 255 4286 tem,
279 4205 320 4265 nt
340 4191 577 4278 continentem
598 4187 824 4283 ascenderet,
851 4189 1072 4282 obsecrnrit,
1103 4187 1332 4268 commodius
1345 4197 1382 4268 in
1395 4209 1483 4270 tco-

210 4483 221 4520 ¹
245 4483 340 4546 Dolor
364 4497 457 4548 utente
477 4477 643 4564 scrutatus]
665 4478 715 4544 Dc
740 4497 792 4544 eo·
904 4475 1038 4566 'QuemJ
1058 4475 1168 4543 ldcnda
1188 4476 1374 4566 typographi
1385 4479 1417 4544 in
1434 4479 1482 4546 cd.

162 4586 234 4654 dent
257 4585 333 4654 dolo
361 4589 437 4655 item
464 4601 573 4655 auctor
598 4587 669 4656 hist.
689 4585 791 4673 llnytl.
858 4582 1081 4672 Stephanium,
1106 4609 1211 4672 quam,
1238 4585 1272 4650 in
1291 4586 1482 4654 lilotciunam
1600 4632 1604 4640 -

161 4695 232 4762 ic.
252 4693 450 4788 concinuit
859 4705 1030 4783 propagate
1053 4705 1109 4794 cst.

216 4822 271 4869 sn.
288 4823 418 4872 ommno.
441 4823 501 4870 atat.
517 4823 575 4870 nnn.
1208 4801 1286 4898 (62)
