3536 5462
645 303 1013 376 wnmnntnttust
1358 300 1431 372 935

130 497 133 507 ’
169 508 302 608 drigis,
335 505 548 601 occludere,
579 535 666 607 pars
699 536 784 586 saxu
805 511 935 610 jactilia
961 508 1126 582 lectitare.
1188 513 1281 584 Tum
1303 507 1482 604 Absalon,

165 629 330 706 hortante
344 633 527 706 seniorum
542 633 670 725 turba,
704 652 767 708 aut
789 632 967 709 obsidioni
995 632 1154 706 minutis
1183 648 1480 731 praeparassent,

165 755 292 854 primis
317 756 573 829 incursantium
594 773 676 830 ante
708 759 858 830 nimium
888 771 925 828 et
950 751 1210 828 intolerabilem
1244 751 1480 828 multitudinis
1552 795 1555 800 ·

164 875 360 954 adventurn
381 879 583 976 oppressis,
608 878 811 972 abscedere,
837 893 999 953 neutram
1015 875 1152 952 consilii
1167 893 1305 976 partem
1321 876 1480 976 probare

163 1025 204 1076 se
225 997 331 1092 dixit,
362 998 465 1096 quod
489 1025 554 1072 neo
586 1019 814 1100 opportunos
844 998 1027 1074 obsidioni
1058 1016 1280 1074 commeatus
1314 997 1479 1086 haberet,

163 1137 199 1196 et
223 1147 264 1197 se
283 1138 423 1219 patrem
444 1126 565 1224 potins
590 1148 702 1222 quam
728 1122 937 1222 praedonem
958 1123 1107 1196 existere
1134 1122 1354 1194 meminisset
1408 1119 1479 1192 Sed

162 1267 284 1344 neque
299 1269 339 1318 se
356 1247 456 1344 pacis
478 1243 657 1336 studium,
682 1249 788 1345 cujus
814 1243 1012 1320 condendae
1036 1267 1147 1320 causa
1171 1241 1375 1334 advenerit,
1398 1239 1477 1316 bu-

162 1393 271 1442 mano
303 1369 473 1468 sangvine
494 1367 738 1467 pollutorum,
772 1385 832 1442 aut
854 1372 932 1467 pias
955 1368 1108 1468 pastoris
1132 1383 1251 1466 partes
1277 1364 1476 1439 truculento

162 1496 382 1590 percussoris
397 1489 519 1564 officio
545 1506 774 1566 mutaturum.
827 1489 935 1564 Malle
952 1515 1060 1581 vero,
1083 1491 1146 1587 qui
1162 1494 1266 1587 primi
1291 1491 1476 1588 irrumpe-

162 1629 258 1704 rent,
291 1613 444 1687 innocue
475 1627 509 1686 et
539 1619 615 1686 siue
647 1612 746 1686 crede
769 1610 1015 1687 deturbandus
1048 1636 1192 1703 curare,
1226 1611 1329 1686 facile
1352 1611 1477 1712 sugam

161 1735 330 1825 daturos,
345 1733 448 1834 quod
463 1734 564 1808 nullo
580 1735 771 1810 fulciantur
787 1737 951 1834 imperio.
1002 1733 1176 1810 Militibus
1191 1732 1321 1809 deinde
1339 1761 1476 1834 quem·-

160 1865 259 1960 piam
283 1855 510 1956 plebeiorum
538 1857 673 1932 violare
695 1856 904 1955 prohibitis,
936 1859 1133 1957 primorum
1152 1882 1292 1957 agmen,
1321 1861 1476 1956 propin-

161 2005 278 2080 quum
293 1978 420 2052 collem
438 1981 511 2053 acie
528 1983 795 2079 occupantium,
811 1980 958 2079 praelata
975 2005 1083 2054 cruce
1098 1978 1265 2072 adortus,
1291 1982 1328 2054 in
1346 1982 1476 2080 proxi-

160 2127 263 2178 mum
288 2127 416 2178 nemus
444 2103 611 2202 reingere
631 2101 767 2204 coiigit',
801 2102 1061 2202 comprehenso
1093 2100 1277 2178 seditionis
1308 2120 1474 2196 auctore,

163 2251 276 2328 quem
305 2249 482 2302 memores
507 2227 690 2324 jussorum
725 2228 882 2324 equites,
914 2229 1021 2298 armis
1044 2229 1250 2324 amictuque
1275 2223 1473 2314 nudatum,

159 2348 309 2451 pulsare
326 2347 495 2422 duntaxat
522 2350 678 2421 contenti
697 2347 805 2422 luere.
859 2349 890 2418 E
910 2347 1045 2446 quibus
1066 2373 1159 2423 unus
1176 2347 1440 2424 confertissimis
1456 2354 1469 2394 ¹

158 2472 315 2548 bostium
330 2468 450 2572 globis
475 2467 667 2544 lascivioris
686 2474 771 2572 equi
795 2470 990 2570 petulantia
1013 2468 1182 2563 adactus,
1207 2470 1288 2544 loco
1311 2470 1474 2570 palustri,

160 2591 410 2696 ignorantibus
433 2593 550 2681 sociis,
575 2617 753 2668 concursu
769 2591 1000 2692 popularium
1019 2591 1236 2670 interficitur.
1285 2598 1337 2668 lta
1351 2593 1475 2668 Absa-

158 2718 221 2792 lon
249 2718 439 2818 agrestium
453 2717 628 2815 impetum
650 2713 795 2790 elusisse
815 2732 1021 2808 contentus,
1044 2715 1144 2792 nullo
1161 2715 1333 2792 hostiliter
1350 2719 1473 2792 immi-

159 2855 283 2931 nente,
316 2838 472 2912 liberum
495 2837 700 2937 repeteudae
725 2838 827 2914 urbis
847 2844 912 2914 iter
932 2837 1077 2930 habuit,
1112 2838 1247 2916 eisdem
1271 2839 1474 2916 avidissima

159 2961 285 3038 imutae
300 2961 498 3061 direptione
518 2966 652 3036 irarum
676 2985 824 3036 suarum
843 2987 1061 3062 procursum
1076 2963 1313 3064 explentibus.
1363 2965 1473 3064 Igitur

160 3085 299 3186 patricii
328 3086 475 3185 spiritus
497 3082 678 3183 pontifex,
712 3100 752 3156 ut
773 3084 1006 3184 tranquillum
1034 3089 1083 3161 ita
1106 3086 1262 3162 salutare
1285 3087 1472 3162 consilium
1505 3065 1511 3074 ⁸

158 3223 319 3298 secutus,
345 3209 511 3306 pietatem
526 3207 668 3282 saevitiae
687 3206 930 3305 praeferendo,
955 3208 1043 3284 dnm
1059 3215 1159 3312 gregi
1179 3210 1362 3311 parcendo
1378 3237 1473 3286 con-

157 3331 261 3422 sulit,
286 3331 369 3430 plus
384 3329 507 3430 gloriae
523 3347 559 3403 et
579 3329 715 3403 virtutis
740 3334 774 3404 in
804 3331 1003 3406 innocentia
1025 3357 1068 3406 ac
1093 3332 1336 3410 moderatione
1361 3361 1472 3434 quam

157 3459 342 3532 laesionum
361 3478 510 3528 suarum
534 3452 666 3548 ultione
684 3455 869 3526 constituit
921 3459 1003 3550 Quo
1026 3458 1173 3530 enimse
1194 3455 1337 3558 longius
1352 3485 1372 3531 a
1388 3459 1471 3533 serri

157 3579 298 3663 licentia
325 3577 485 3667 retraxit,
515 3572 588 3648 hoc
611 3573 789 3674 religionis
811 3572 910 3647 laudi
935 3579 1085 3676 propius
1108 3578 1278 3654 admovit.
1338 3585 1472 3682 Super·
1585 3573 1590 3586 ⁵

157 3701 380 3779 venientibus
406 3696 554 3792 deinde,
589 3721 682 3796 quos
706 3695 753 3770 ad
780 3695 1017 3770 deliniendam
1042 3705 1252 3776 concionem
1278 3701 1470 3794 direxerat,

156 3849 285 3902 eorum
302 3823 485 3898 vocatione
495 3821 665 3921 ⁸queritur
689 3818 947 3919 simplicitatem
962 3843 1065 3894 suam
1079 3820 1151 3895 hnc
1167 3821 1378 3899 discriminis
1393 3851 1471 3902 esse
1510 3877 1515 3884 ·

155 3945 387 4048 perductam,
418 3960 668 4043 percontatus,
705 3968 770 4017 cur
795 3942 1038 4043 improvidum
1059 3969 1098 4020 se
1121 3962 1156 4019 et
1184 3948 1396 4046 imparatum
1421 3947 1471 4021 ad

154 4079 215 4144 re'a
233 4085 325 4143 tanta
342 4065 551 4141 difficultate
573 4066 758 4166 implicitas
783 4091 909 4141 secura
929 4065 1180 4142 mandatorum
1194 4074 1311 4167 specie
1327 4086 1471 4170 pettra-
1525 4087 1528 4092 '

153 4193 244 4268 bere
261 4192 468 4268 voluissent
518 4189 661 4282 Quibus
679 4214 718 4262 se
736 4187 824 4262 nibil
843 4187 913 4264 tale
930 4193 1126 4289 suspicatos
1148 4190 1360 4287 dicentibus,
1385 4193 1470 4268 cul-

153 4339 316 4416 pamque
329 4312 554 4414 negligentiae
568 4309 793 4386 confessione
821 4315 1089 4406 excusantibus,
1103 4317 1277 4389 aestimare
1293 4340 1366 4410 eos,
1382 4317 1469 4417 quid

152 4463 252 4513 nunc
267 4433 443 4538 expediat,
467 4433 583 4534 jubet,
609 4436 829 4535 preteritum
847 4439 1005 4510 errorem
1029 4441 1195 4536 praesenti
1211 4439 1362 4515 consilio
1381 4467 1470 4515 cor-

200 4713 209 4746 ¹
235 4702 478 4794 Consertissitrtr's]
496 4707 541 4772 lta
559 4701 705 4792 Stephon.
749 4706 780 4767 ln
803 4702 849 4768 ed.
873 4727 918 4790 pr.
938 4711 1166 4773 consertt'sstinir.
