3536 5462
344 289 423 364 850
671 285 850 358 HISTOR.
863 285 972 358 DAN.
987 285 1135 358 Lmult
1149 284 1241 360 XIV.

229 565 233 574 .
295 515 348 591 tu,
371 493 556 600 profundo
579 519 619 571 se
643 492 832 592 dederant)
860 508 1055 594 postquam
1075 491 1261 568 barbaros
1277 493 1481 605 nauigium,
1509 494 1617 592 cujus
1755 599 1756 602 Ν

294 623 370 720 jam
384 619 494 694 latera
508 617 670 693 dolabris
687 617 947 718 perfregerant,
971 613 1103 690 insilire
1116 617 1311 716 conspexit,
1337 605 1474 690 v'irtntts
1490 615 1618 715 pristi-
1755 678 1756 714 ,

296 769 364 817 nae
379 768 454 817 non
470 737 618 827 oblitus,
632 739 772 816 ‘viribus
788 738 999 830 recollectis,
1021 735 1137 812 semel
1150 738 1354 838 iterumque
1369 761 1412 814 ac
1424 737 1530 812 tertio
1546 763 1618 811 ex-
1755 729 1756 763 ³

296 883 420 966 ceptus
438 863 588 966 fugauit,
614 861 757 962 telaque
771 863 808 936 in
825 886 866 936 se
879 873 1048 962 congesta
1065 861 1240 936 acerrime
1254 865 1291 934 in
1303 859 1445 951 hostem
1465 861 1620 954 retorsit,

298 987 430 1062 auxilio
446 985 516 1060 sibi
533 1000 685 1080 vertens,
712 982 815 1086 quod
833 986 869 1056 in
886 985 967 1084 ejus
988 985 1186 1083 perniciem
1201 989 1254 1060 vis
1272 981 1387 1059 aliena
1408 983 1619 1060 contulerat.

297 1111 353 1186 Ad
369 1110 531 1185 ultimum
545 1106 721 1182 hebetatis
734 1109 868 1200 neruis,
893 1103 1109 1182 lassitudinis
1121 1106 1297 1181 nimietate
1314 1108 1509 1200 conlectus,
1534 1135 1620 1182 cum

296 1235 416 1336 potius
439 1228 608 1306 debilitati
627 1254 740 1329 quam
755 1227 849 1304 hosti
868 1229 1012 1322 cedens,
1037 1229 1337 1306 resumendamm
1352 1233 1482 1306 virium
1494 1231 1622 1332 gratia,

296 1354 488 1458 paululum
514 1350 670 1453 gradum
690 1351 826 1426 referre
850 1354 1042 1452 coepisset,
1081 1369 1154 1428 tam
1180 1377 1331 1453 grauem
1356 1351 1487 1452 lapidis
1509 1356 1621 1428 ictum

297 1483 415 1581 eapite
429 1480 576 1574 excepit,
596 1490 729 1550 utente
745 1483 902 1578 puppim
918 1502 1013 1576 pene
1029 1478 1200 1552 exanimis
1216 1475 1468 1550 collaberetur.
1501 1478 1623 1569 Quem

297 1628 381 1678 cum
397 1597 555 1691 barbari,
580 1621 777 1676 conscenso
801 1607 959 1703 nauigio,
983 1602 1164 1700 jacentem
1187 1598 1435 1674 obtruncaturi
1459 1624 1620 1674 concere·-

298 1738 434 1816 rerent,
460 1727 590 1798 unicus
618 1726 694 1796 eius
719 1747 851 1818 eomes,
873 1750 956 1798 cum
980 1747 1071 1799 voce
1089 1723 1333 1798 semianimem
1350 1726 1623 1798 suscitare-non

298 1861 441 1947 posset,
473 1843 944 1946 dexteracomprchcnsum
964 1849 1082 1939 erexit,
1108 1845 1262 1946 solaque
1284 1845 1507 1921 consistentis
1523 1852 1623 1919 isna-

297 1973 380 2072 gine
394 1971 621 2070 propinquas
634 1966 793 2044 bostium
809 1987 974 2046 cateruas
992 1969 1132 2069 repulit.
1183 1971 1296 2043 Tanta
1312 1967 1452 2070 quippe
1467 1968 1621 2044 fortitu-

299 2091 389 2166 dinis
403 2094 482 2192 ejus
507 2092 748 2192 experimenta
765 2090 919 2183 fuerant,
941 2108 981 2166 ut
999 2109 1148 2194 aspectu
1168 2117 1244 2167 non
1259 2094 1378 2166 miuus
1393 2115 1505 2192 qnam
1530 2092 1623 2166 viri-

299 2216 371 2291 bus
386 2213 530 2290 hostem
544 2219 730 2290 terreret1.
780 2219 969 2292 Postremo
981 2215 1150 2292 sensibus
1162 2213 1322 2308 redditis,
1344 2217 1512 2292 comitem
1528 2239 1622 2314 per-

300 2354 474 2432 contatus,
500 2363 648 2412 curnam
663 2337 713 2411 ab
730 2364 774 2414 eo
791 2319 1020 2442 fatigaretur,
1043 2351 1241 2440 postquam
1263 2343 1449 2438 nauigium
1472 2336 1621 2415 berba-

253 2483 260 2492 ·
299 2465 349 2538 ris
365 2460 588 2561 completum
609 2459 759 2556 audiuit,
783 2465 934 2563 pristino
955 2462 1063 2534 animi
1085 2465 1220 2561 vigore,
1245 2459 1359 2560 pulsis
1376 2459 1560 2555 omnibus,
1583 2460 1623 2532 in

298 2611 448 2684 proram
469 2591 655 2677 concessit,
679 2609 879 2684 pugnaque
900 2601 1046 2660 strenue
1067 2581 1180 2676 edita,
1204 2609 1300 2678 enm,
1323 2583 1461 2661 viribus
1474 2607 1628 2683 prope-

299 2707 458 2783 modum·
473 2708 684 2808 absumptis,
699 2707 748 2782 ad
763 2707 898 2782 malum
914 2704 1055 2807 regredi
1076 2704 1202 2798 ¹vellet,
1234 2731 1381 2782 rursum
1404 2708 1624 2784 semianimis

300 2829 471 2923 concidit,
506 2833 749 2932 perissetque,
780 2833 818 2902 ni
840 2855 925 2904 eum
951 2826 1205 2930 christophori
1226 2837 1380 2931 remiges
1402 2831 1505 2904 ocius
1527 2853 1625 2902 naue

218 2953 220 2956 ’
299 2971 491 3056 exceptum
507 2969 719 3030 seruassent
751 2957 855 3046 Quae
869 2977 927 3028 res
940 2968 1101 3028 caeteros
1115 2953 1151 3024 in
1166 2951 1290 3028 littoris
1307 2961 1513 3030 accessione
1526 2979 1623 3028 cau-

301 3083 408 3152 tiores
432 3075 558 3152 effecit.
617 3078 675 3149 Eo
697 3101 857 3176 namque
878 3078 1104 3176 prospectius
1124 3076 1357 3170 abstinentes,
1382 3083 1523 3150 eminus
1544 3100 1626 3150 rem

302 3195 424 3272 fundis
445 3197 645 3297 jaculisque
660 3221 814 3297 gessere.
866 3203 911 3272 Et
935 3202 1105 3299 qnoniam
1119 3197 1231 3274 rebus
1245 3198 1393 3279 ulterius
1410 3197 1627 3275 attentandis

173 3385 176 3390 .
302 3323 417 3396 noetis
435 3319 685 3420 propinquitas
707 3321 850 3396 officere
874 3320 1083 3416 videbatur,
1101 3338 1257 3420 'sumpto
1280 3320 1499 3397 differendae
1520 3347 1628 3422 pug-

302 3467 371 3516 nae
397 3441 565 3536 consilio,
590 3466 636 3515 ne
658 3467 731 3542 qua
753 3442 993 3519 barbarorum
1015 3447 1098 3520 ratis
1123 3461 1299 3520 nocturno
1323 3459 1452 3545 portus
1474 3467 1627 3545 egressu

302 3563 524 3642 clandestina
540 3541 646 3666 *tuga
674 3562 912 3661 dilaberetur,
953 3567 1111 3642 excubiis
1137 3566 1406 3644 obseruandum
1434 3565 1632 3642 duxerunt.

302 3689 412 3790 lgitur
433 3686 579 3763 barbari
604 3715 687 3764 cunr
710 3714 750 3764 se
774 3706 891 3765 tantae
915 3691 1037 3767 elassis
1059 3690 1208 3791 objectu
1233 3689 1433 3766 conclusos
1449 3688 1631 3782 viderent,

302 3807 550 3888 lortitudinem
568 3837 611 3886 ex
631 3811 880 3912 desperatione
903 3823 1094 3915 capientes,
1110 3819 1183 3916 jam
1209 3838 1281 3887 non
1298 3811 1346 3888 de
1364 3812 1462 3914 fuga,
1480 3811 1547 3887 sed
1561 3819 1632 3888 vi-

303 3935 415 4010 ctoria
439 3934 595 4034 cogitare
617 3953 845 4035 coeperunt«
881 3941 1007 4038 ltaque
1034 3942 1166 4037 partim
1198 3940 1358 4038 propriis
1388 3937 1635 4035 hostiumque

169 4071 172 4080 ·
303 4058 466 4158 nauigiis,
492 4057 628 4156 quibus
644 4060 749 4158 potiti
766 4059 917 4152 lucrant,
947 4061 1078 4160 partim
1104 4059 1329 4135 siluestribus
1350 4063 1486 4135 truncis
1503 4056 1635 4132 arbo-

304 4185 448 4280 reisque
465 4179 622 4256 molibus
639 4184 871 4258 munitionem
888 4182 937 4256 ed
952 4182 1052 4258 urbis
1075 4187 1185 4258 instar
1199 4182 1399 4272 aedificant,
1423 4181 1534 4254 binos
1548 4177 1636 4251 ha-

304 4301 449 4375 bentem
464 4305 637 4398 introitus,
662 4321 779 4380 arctos
797 4303 996 4380 admodum
1021 4307 1266 4407 angustiisque
1291 4302 1461 4398 difficiles,
1487 4301 1638 4402 quibus

306 4421 387 4518 quis
404 4423 513 4500 veluti
528 4431 676 4526 posticis
697 4427 899 4504 submissus
920 4431 1109 4532 irreperet3
1142 4427 1252 4503 latera
1276 4451 1437 4530 quoque,
1463 4449 1560 4526 quae
1582 4451 1637 4500 ex

208 4613 211 4618 .
306 4545 456 4643 nauigiis
472 4565 736 4650 compegerant,
760 4552 847 4629 velis
866 4554 902 4629 in
925 4547 1139 4655 multiplices
1157 4551 1301 4631 ordines
1318 4547 1531 4642 conuolutis‚
1555 4573 1642 4624 ex·

355 4834 524 4920 ¹Terreret]
543 4837 634 4918 (Erat
656 4857 808 4910 terrerent.
830 4840 905 4929 ttg.)
