3538 5460
360 279 437 354 sm
599 285 600 288 ’
701 275 1002 351 utsrotwstt.
1022 275 1160 352 LIBER
1174 275 1271 354 xvi,

309 503 402 568 stu
425 483 569 588 pneris
594 507 617 560 a
642 485 870 588 principibus
894 491 1035 588 exigere
1060 491 1259 582 eonstituit,
1296 509 1364 587 per
1393 507 1490 585 quos
1514 483 1633 560 mrit-

310 613 409 688 sintis
428 607 732 686 necessitudinum
756 608 889 684 solatiis
915 609 1067 686 orbttus
1092 609 1209 686 inerit.
1270 607 1343 684 Sed
1373 623 1409 684 et
1432 606 1516 682 Alto
1539 609 1631 707 qui-

310 734 417 826 dnm,
449 733 641 810 Tubbonis
663 732 778 828 filius,
803 730 919 832 plenis
931 734 1135 808 temeritatis
1155 731 1309 833 eloquiis
1321 730 1631 834 flagrantissimum

311 856 475 934 uirilibus
498 855 602 932 malis
620 855 734 938 lacem
758 852 992 956 subjiciednt,
1025 858 1185 930 extinotae
1208 874 1244 932 et
1265 857 1342 956 jem
1364 878 1458 954 pene
1479 834 1631 954 sepultae

310 983 467 1056 &aniene
490 975 672 1052 seditionis
695 975 863 1076 reliquias
890 977 1105 1079 suscitando.
1158 979 1275 1078 Cujus
1304 976 1399 1095 tnali'
1410 973 1631 1075 impediendi

310 1103 422 1205 grstia
439 1098 600 1176 Absulon
625 1105 660 1172 in
682 1101 847 1174 scaniam
866 1117 1132 1203 transgressus,
1165 1099 1265 1200 apud
1291 1101 1437 1200 plenum
1459 1097 1633 1200 maligni-
1752 1097 1753 1114 *

310 1227 390 1301 tutis
413 1228 622 1300 concionem
640 1227 799 1298 oratioue
821 1222 969 1300 liberius
991 1251 1103 1324 quom
1119 1223 1300 1300 efficacius
1318 1222 1453 1316 habits,
1473 1247 1497 1294 a
1518 1220 1633 1322 plebe

312 1347 500 1438 deseritur,
525 1345 687 1420 factionis
707 1347 921 1445 principes¹,
937 1346 1046 1422 olium
1063 1345 1297 1422 concionandi
1318 1343 1441 1420 locum
1458 1344 1630 1444 comple-

311 1495 398 1564 xos,
426 1484 574 1570 petente.
637 1471 801 1563 Quorum
826 1485 899 1543 tam
922 1467 1088 1570 petulans
1113 1493 1156 1544 uc
1177 1495 1341 1570 praeceps
1371 1463 1524 1544 uuds'cia
1546 1484 1631 1560 erut,

311 1609 354 1670 ut
376 1595 480 1692 eqris
506 1588 694 1666 insidentes
717 1608 882 1666 cunctam
908 1594 1044 1668 Senuiae
1070 1591 1217 1692 plebem
1246 1591 1295 1668 ttd
1317 1591 1475 1668 eundem
1497 1591 1631 1684 locum,

312 1719 469 1793 semestri
493 1717 611 1814 spatio
633 1718 800 1804 emoto2,
831 1717 936 1813 qussi
958 1716 1101 1790 menda
1124 1715 1297 1791 libertatis
1318 1722 1431 1818 gratia
1458 1733 1632 1792 armatam
1753 1769 1754 1772 κ

313 1837 431 1916 redire
461 1836 534 1913 sub
561 1834 677 1910 edicto
697 1835 878 1934 juberent
930 1839 1021 1931 Qum
1043 1864 1100 1916 res
1124 1838 1297 1916 Absuloui
1320 1836 1539 1914 sialandinn
1565 1865 1630 1914 re-

313 1957 459 2064 petendi
484 1981 637 2032 causum,
654 1956 818 2057 probuit.
870 1958 928 2033 Ob
950 1963 1057 2062 nujus
1078 1983 1259 2038 secessum
1279 1959 1470 2062 populatis
1484 1967 1632 2039 saeritioe

313 2105 515 2185 procursus
541 2081 742 2156 temeritatis
775 2083 996 2160 incrementis
1024 2101 1186 2177 evemus,
1222 2089 1338 2186 inque
1356 2084 1566 2162 Tbordonis
1596 2103 1633 2162 et

313 2205 468 2284 Esberni
491 2220 641 2308 penates
664 2203 809 2298 effusus,
834 2201 1106 2307 eosdemprius
1125 2191 1279 2310 rupinae,
1311 2205 1443 2284 deinde
1463 2205 1632 2284 incendio

362 2571 938 2666 ¹FaernnispnitnpesJAsteritlirant·
1003 2577 1122 2643 seditio
1140 2578 1203 2666 jum
1227 2589 1298 2643 unio
1319 2577 1518 2656 tedtln'erst,
1540 2598 1633 2663 quom

314 2685 379 2750 nius
398 2685 487 2765 (Duo.
509 2684 531 2748 l.
555 2685 619 2760 Vll,
636 2703 662 2746 c.
686 2679 740 2760 1.),
758 2681 863 2753 nescio
878 2703 938 2768 qus
1005 2685 1140 2748 cunutus
1161 2684 1351 2749 resolutis
1373 2681 1473 2748 rediit.
1515 2687 1559 2748 At
1581 2681 1633 2748 ille

313 2792 495 2855 uurtotitrte
512 2790 609 2866 nisus,
626 2785 782 2854 seditionis
800 2801 939 2854 suctores
1004 2811 1063 2875 pro
1087 2791 1142 2854 tsli
1162 2809 1264 2856 rerum
1291 2790 1468 2855 ronditiune
1495 2811 1553 2878 per
1579 2811 1632 2854 ses

314 2919 351 2963 ex
371 2897 531 2961 nobilitate
549 2893 649 2959 fuisse.
691 2895 791 2986 Quem
809 2894 938 2960 lot-tuus
1003 2895 1142 2979 integrus
1160 2915 1279 2960 memes
1298 2909 1383 2960 uerte
1398 2905 1463 2959 non
1481 2896 1633 2960 omisi-et

312 3017 434 3068 secutus
456 3001 654 3080 tltitlsldiut,
672 3023 743 3087 με.
765 2997 836 3082 139,
857 3001 938 3066 idem
1004 3003 1470 3086 SonuiemrsetSjaellsudensrs
1487 3003 1519 3068 iu
1538 3005 1634 3068 tet-bs
1755 3017 1756 3024 ’

316 3107 400 3175 dicit.
1001 3129 1054 3172 sus
1077 3109 1287 3194 obstringere,
1314 3110 1340 3172 si
1364 3109 1424 3174 boo
1443 3111 1634 3196 pennisitsst

360 3219 373 3254 ²
398 3216 539 3277 Sentrstri
558 3218 656 3302 spatio
677 3211 796 3292 eruero]
825 3215 870 3276 ltu
895 3214 939 3277 le·
1001 3227 1086 3278 tants
1107 3215 1265 3280 seditionis
1286 3214 1401 3280 dilutio.
1451 3221 1515 3282 Cur
1536 3217 1633 3280 Abso-

314 3320 398 3406 qitnr
415 3321 445 3382 in
462 3318 601 3382 omuibus
615 3317 806 3382 editionibus.
836 3319 939 3410 Quum
1004 3323 1057 3387 lon
1081 3335 1143 3386 tum
1165 3323 1228 3386 sito
1248 3323 1388 3387 Sosnisttt
1414 3323 1564 3409 reliquit?
1595 3326 1633 3387 Si

317 3447 392 3490 reto
407 3424 566 3488 seditionis
582 3423 938 3510 turturibuspruenldu·
1003 3429 1109 3493 rustici
1138 3442 1209 3514 post
1237 3413 1393 3493 dimidium
1425 3430 1546 3494 demum
1575 3453 1631 3493 sn-

316 3532 369 3596 bio
389 3529 420 3594 in
442 3531 543 3594 uninto
560 3546 648 3608 esset,
667 3529 705 3594 'sd
725 3533 848 3617 inceptu
869 3549 940 3617 pet·-
1003 3557 1077 3600 uum
1096 3537 1261 3600 contenire
1279 3536 1443 3615 debebunt,
1462 3555 1565 3601 nonne
1583 3558 1634 3600 sn·

245 3723 247 3735 ,
314 3637 431 3724 sqenrls
454 3658 492 3702 eo
513 3638 557 3702 uti
577 3651 735 3724 tempore,
757 3659 820 3725 qno
840 3657 938 3724 reguo
1002 3641 1065 3706 tius
1086 3641 1204 3722 luisset,
1224 3644 1490 3730 trobiepistoputu
1507 3643 1550 3706 ibi
1565 3639 1635 3705 'sm-

313 3759 405 3832 espnt
436 3745 540 3810 deesse
569 3745 746 3825 videbun,
784 3745 837 3808 tuli
865 3745 940 3810 dils-
1002 3761 1126 3812 nentem
1140 3749 1179 3813 sd
1193 3749 1253 3813 ritu
1269 3747 1555 3836 propulsandorum
1575 3769 1635 3833 ps·

312 3853 408 3930 dont,
427 3873 487 3939 qus
508 3873 600 3938 quum
622 3849 697 3916 illud
717 3849 788 3916 tnui
806 3864 939 3938 tempus,
1002 3851 1096 3918 rure?
1114 3855 1195 3946 Quid
1208 3855 1329 3919 moltsl
1347 3855 1430 3920 Nibil
1448 3856 1559 3918 nim
1571 3866 1633 3932 est,

313 3959 399 4045 quod
427 3955 465 4022 sd
494 3957 646 4041 agendum
679 3957 865 4043 sptissiumm
890 3968 937 4022 est
1001 3977 1102 4045 neque
1121 3960 1153 4024 lu
1170 3960 1339 4026 Gbeismsri
1358 3957 1556 4047 stupendis,
1577 3978 1634 4022 ss·

313 4065 346 4144 (s
361 4063 463 4130 medio
472 4064 555 4146 ttsjn,
572 4083 665 4149 usque
681 4063 719 4127 sd
734 4063 866 4126 medinm
875 4067 938 4128 No-
1002 4087 1062 4152 qur
1088 4065 1120 4128 in
1140 4067 1277 4130 Ilmntzii
1300 4067 1398 4131 Dsnis
1422 4064 1513 4150 bujut
1532 4083 1633 4128 nora

312 4169 502 4254 rembrsm),
526 4167 639 4233 frustra
656 4168 850 4255 proterisbi,
870 4182 938 4234 tum
1001 4174 1189 4240 mentionem
1205 4173 1292 4253 lieri,
1311 4174 1427 4260 quippe
1442 4173 1496 4260 qui
1516 4171 1549 4234 iu
1567 4168 1639 4234 suis

312 4277 479 4342 moneri
512 4276 676 4360 impurium
703 4277 820 4342 interes
848 4276 937 4344 &ms
1002 4279 1158 4346 oudioibut
1187 4277 1265 4344 illud
1294 4285 1428 4344 semestri
1452 4289 1537 4344 uerte
1565 4295 1635 4342 nott

314 4403 404 4446 mortu
427 4382 572 4470 empleuti
596 4382 832 4467 permittebant,
860 4385 938 4450 nibil
1002 4385 1185 4466 bubuttint,
1211 4387 1373 4472 nullusque
1403 4385 1529 4463 dubito,
1553 4383 1634 4468 quis

314 4485 470 4554 sbmrtliss
490 4489 619 4575 eogitari
638 4501 752 4575 potest.
778 4493 884 4576 Neque
904 4491 938 4556 iu
1002 4493 1067 4579 pro
1080 4492 1142 4558 bne
1161 4493 1256 4556 verbo
1278 4491 1441 4578 legendum
1461 4491 1503 4556 sit
1521 4511 1636 4554 mm

313 4594 527 4680 sequentibus,
554 4595 606 4659 nbi
625 4597 736 4662 seditio
759 4596 825 4662 sine
843 4595 939 4664 inter·
1003 4603 1052 4662 τὺ.
1093 4597 1210 4662 Diuus
1227 4599 1310 4665 suin
1328 4601 1472 4666 minentis
1487 4617 1577 4663 usum
1590 4615 1635 4662 eo

313 4699 460 4788 ruptione
481 4701 650 4786 procedere
673 4697 827 4780 ridetur,⁴
841 4705 938 4770 ullum
1003 4705 1072 4792 ipso
1088 4717 1240 4794 tempore,
1253 4719 1288 4774 nt
1303 4705 1482 4789 nemausis,
1499 4700 1635 4770 inbre·

315 4806 409 4894 buius
436 4805 594 4874 dilstiuuis
618 4808 780 4898 rotimum
799 4823 939 4899 spprret.
1005 4811 1051 4880 ris
1066 4831 1132 4880 otte
1149 4813 1262 4900 potuit.
