3524 5460
687 301 920 374 mentius.
1332 305 1406 380 637

145 533 215 582 oue
227 525 453 602 consereret,
475 509 622 608 per'mde
637 535 680 584 ae
702 509 878 609 religionis
898 509 1061 609 pondere
1082 516 1355 612 propinquitatis
1370 522 1454 592 via-

142 631 267 708 ealem
284 633 516 723 assisteren,
539 651 592 725 et,
623 651 661 708 nt
682 649 849 706 euuetnn
874 633 1099 734 malignitatis
1126 652 1248 712 notam
1268 640 1456 713 madiam

142 752 367 828 simulatione
385 773 631 853 pennu-reret,
647 755 811 854 nihilque
822 753 1002 853 perfidum
1019 773 1081 832 aut
1093 757 1292 834 obeuntum
1309 759 1456 835 volvere
1529 807 1533 820 ·

144 893 352 976 putaretur,
391 879 648 976 iniquissimam
679 875 898 951 molitionem
930 903 1034 954 suam
1072 879 1243 974 insidiosa
1276 879 1456 982 religionis

143 1000 420 1076 adumbratione
437 991 601 1074 notiteait.
664 1001 820 1098 Quippe,
835 1015 1014 1076 eonmaetn
1030 1001 1132 1098 apnd
1146 1001 1359 1078 Sialandiam
1382 1031 1455 1080 no-

143 1123 274 1198 bilium
291 1097 511 1222 inquesita,
543 1126 759 1221 Cauutoque
784 1123 877 1196 eirea
893 1120 1001 1197 dirirri
1020 1122 1146 1198 natalis
1173 1124 1341 1200 solenne²
1361 1153 1454 1211 oon·-

144 1243 290 1320 riaandi
308 1245 422 1345 gratia
460 1244 704 1320 Roskildiam²
732 1259 877 1335 vocato,
910 1267 1023 1318 sacrae
1061 1245 1129 1320 sihi
1164 1253 1456 1350 peregrinationis

144 1391 307 1444 amorem
323 1369 505 1446 incessisse
521 1366 713 1466 perhibuit.
758 1371 932 1440 Praeterea
946 1371 1110 1470 conjugis
1125 1373 1246 1469 ipsum
1260 1397 1303 1446 ae
1316 1373 1456 1452 libero-

145 1517 227 1566 rum
242 1507 399 1566 tutorem
415 1488 564 1582 ordinat,
591 1492 697 1588 eique
712 1488 952 1588 plenissimam
967 1495 1016 1564 rei
1038 1491 1217 1568 lumiliaris
1231 1519 1310 1570 anm
1328 1514 1456 1574 eusto-

145 1612 415 1690 dimmandat'.
465 1613 617 1691 Etforte
630 1629 716 1685 tnnc
736 1611 930 1714 ingiburga
946 1613 1080 1688 aemilii
1106 1617 1342 1714 cognitionem
1362 1643 1456 1694 enn-

145 1739 305 1812 eeinrum
315 1734 453 1813 indicis
469 1733 773 1836 apprehenderat,
797 1740 984 1834 statimque
1003 1741 1138 1826 virum,
1169 1753 1211 1812 ut
1237 1757 1456 1839 praeparatas

146 1861 338 1958 capitisue
355 1864 476 1934 vitaret
490 1858 647 1950 insidiae,
671 1860 786 1934 missis
802 1857 928 1932 literis³
948 1858 1168 1934 monendam
1183 1865 1331 1936 enrauit.
1379 1863 1456 1958 tlte,

145 1983 320 2056 mnrium
333 2007 406 2056 non
420 1999 530 2056 mma
557 1979 848 2080 deprehensionis
871 1981 1078 2056 certitudine
1104 2004 1214 2080 quam
1242 2007 1265 2056 a
1290 1985 1456 2063 muliebri

145 2127 284 2203 pavore
299 2103 500 2202 proiectum
517 2106 728 2196 existimans,
741 2106 972 2180 monitionem
989 2107 1137 2204 respuit,
1160 2131 1273 2204 seque
1294 2133 1367 2183 non
1382 2115 1455 2185 mi·

144 2252 215 2302 nus
234 2225 318 2301 fidei
334 2231 370 2300 in
382 2229 503 2327 Magni
514 2251 632 2325 ¹quam
649 2228 769 2302 uxoris
782 2225 991 2323 praeordiis
1006 2253 1182 2327 reponere
1199 2228 1294 2304 dixit.
1337 2235 1454 2324 Quem

144 2353 178 2424 si
194 2351 337 2426 fortuna
352 2371 457 2448 teque
483 2374 525 2422 ae
546 2349 704 2446 mojana
720 2349 868 2423 oonsilio
882 2355 1054 2424 instruere
1070 2350 1259 2441 voluisset,
1292 2351 1456 2452 objectos

84 2543 86 2548 ,
147 2471 309 2569 perfidiae
324 2469 476 2570 laqueos
489 2471 685 2546 eonsaltins
700 2473 854 2564 vitasset,
873 2497 994 2578 neque
1008 2473 1249 2548 eredulitatem
1266 2498 1369 2550 suam
1384 2475 1455 2550 rti-

144 2619 224 2668 enre
238 2593 462 2694 malignitatis
478 2591 594 2668 hamis
609 2591 865 2692 implicandam
878 2596 1099 2693 praebuisset

278 2721 426 2810 interea,
454 2715 680 2816 magnatibus
705 2715 805 2815 apud
821 2717 1042 2793 Roskildiam
1069 2735 1226 2816 quatuor
1257 2720 1455 2798 solmra'urn

144 2837 222 2914 dies
238 2841 409 2916 mntinao
424 2839 575 2931 feriatis,
597 2841 755 2916 Canutus
771 2863 814 2914 ae
830 2843 1001 2940 Magnus,
1025 2839 1176 2940 publico
1187 2844 1262 2940 jam
1279 2863 1455 2924 conventu

192 3171 202 3204 ¹
216 3168 306 3230 Circa
318 3165 412 3228 diviti
427 3168 538 3228 natalis
560 3165 689 3249 solenne]
706 3167 773 3231 Eti-
830 3171 987 3232 Dite-undet
1002 3173 1120 3232 Kanate
1135 3177 1338 3250 araterrium,
1354 3176 1455 3237 timeres

144 3295 195 3336 sm
211 3270 350 3334 Historia
373 3269 607 3356 iinytlingorum
631 3273 773 3337 observat
831 3277 966 3350 insidias,
988 3277 1075 3340 simul
1089 3280 1177 3338 etiam
1191 3293 1368 3364 exasperato
1381 3303 1454 3340 som-

145 3375 256 3464 pffll,
269 3379 420 3443 canutum
433 3377 470 3441 ad
484 3377 656 3442 convivium
669 3381 774 3444 Jolen·
831 3387 894 3457 nio,
905 3383 1141 3470 quodproetert'tn
1155 3397 1237 3444 nocte
1247 3385 1371 3446 viderat.
1392 3389 1454 3448 Nee

147 3503 183 3548 se
199 3481 279 3567 (iola
294 3483 407 3567 reizln)
421 3483 513 3550 initae
528 3485 700 3548 inritatum.
832 3505 927 3552 tamea
938 3496 986 3551 vir
996 3489 1099 3571 fidelis
1119 3491 1239 3550 retineri
1251 3498 1367 3576 poteri,
1389 3493 1455 3564 sed,

197 3589 403 3674 'Rothidr'ara]
421 3595 520 3656 tutor
533 3590 670 3654 historie
679 3593 774 3674 ttuyt-
832 3600 908 3657 sr'eat
923 3596 1076 3658 laudatum
1086 3595 1204 3676 luerat,
1217 3601 1344 3660 occurrit
1358 3599 1402 3662 ad
1412 3601 1456 3660 lo·

147 3696 306 3782 lingonum
334 3696 370 3780 (l.
390 3698 431 3778 c.)
451 3697 574 3778 aoribit,
600 3697 773 3762 convivium
833 3725 896 3764 enm
913 3703 1037 3786 placiti,
1067 3705 1223 3764 comitatus
1244 3718 1373 3786 quatuor
1389 3721 1455 3767 tart·

145 3803 318 3892 ilingatadii
338 3803 431 3868 inisse
456 3805 603 3882 habitum,
629 3802 683 3868 sed
704 3823 785 3866 curn
833 3823 895 3868 tam
910 3810 989 3868 oria.
1034 3804 1213 3869 Helmoldns
1229 3825 1290 3867 non
1311 3805 1395 3885 dicit,
1408 3809 1454 3870 hr-
1585 3841 1587 3848 ·

145 3915 264 3976 saxone
281 3907 355 3975 feeit
369 3911 524 3976 liebertus
539 3911 576 3974 ab
596 3915 690 3999 Elgin
705 3916 724 3976 l.
746 3935 771 3977 c.
830 3913 991 4000 gibergam
1019 3913 1051 3975 in
1074 3909 1178 3974 eadem
1202 3909 1277 3974 urbe
1301 3931 1337 3974 ae
1358 3915 1455 3976 Canu·

194 4017 382 4102 'ingeborga
404 4061 428 4078 ..
454 4022 549 4080 mritis
571 4018 677 4101 literr's]
698 4023 773 4085 Hel·
830 4032 897 4084 tnnr
922 4019 1048 4105 degisse.
1099 4001 1208 4081 Potuit
1228 4003 1455 4102 qaoqueiogi·

145 4119 268 4185 rnoldns
295 4121 316 4184 1.
337 4142 363 4184 e.
386 4121 428 4184 ita
447 4123 551 4208 pergit
583 4125 615 4188 in
644 4125 771 4192 historia
831 4123 946 4211 burge,
968 4125 1001 4187 in
1018 4122 1128 4189 ricinia
1152 4121 1282 4208 degens,
1313 4123 1455 4187 maritum

144 4229 259 4294 Canuti
272 4227 456 4292 nrrrrandar
471 4233 534 4301 Sed
539 4239 694 4318 pneer'ores
708 4241 772 4298 isroe
830 4221 942 4296 litteris
955 4231 1110 4298 deterrere
1131 4253 1148 4294 a
1166 4229 1335 4315 colloquio,
1358 4243 1456 4296 terro·

144 4339 231 4423 opud
242 4339 507 4420 Konutumfirmoe,
530 4337 613 4425 npad
627 4343 772 4424 Magnum
830 4337 915 4402 ribus
930 4339 1033 4402 noetis
1046 4339 1215 4422 praeteritae
1225 4339 1364 4404 usitata.
1393 4339 1455 4404 Sed

142 4444 223 4506 dolis
237 4445 333 4506 oblito
353 4459 431 4506 sunt.
476 4447 585 4508 Sintia
601 4451 676 4508 emir
690 4453 772 4533 neſs-
831 4443 1013 4508 Helmoldus
1033 4456 1139 4530 aperte
1161 4463 1230 4508 eum
1246 4445 1365 4510 Saxone
1380 4444 1454 4511 feeit

142 4551 358 4615 asmona
375 4553 504 4615 aninum
526 4552 591 4634 cpio
613 4557 772 4638 mergae
831 4562 938 4612 matra
953 4549 1112 4616 hbtoriam
1124 4551 1455 4639 hermoniimque

142 4672 172 4718 er
189 4658 457 4752 urunipmpieiom's
470 4660 547 4723 molo
563 4683 685 4726 uenum
705 4683 773 4721 enn-
831 4655 1035 4740 lngibarssrrn,
1049 4655 1122 4722 dum
1137 4657 1235 4722 eudes
1246 4673 1456 4744 perageretur,

141 4763 271 4834 sitierat,
289 4778 378 4844 rogat
409 4765 556 4826 mum
573 4768 720 4850 Magnus,
740 4783 773 4831 ut
831 4761 864 4823 in
881 4760 988 4826 Rastia
999 4760 1091 4828 suisne
1110 4763 1214 4850 ibique
1229 4763 1327 4830 filium
1344 4765 1454 4833 Valde·

142 4885 282 4930 occurrat
299 4871 347 4932 rili
358 4869 402 4931 ad
423 4872 573 4952 singulare
591 4875 772 4958 colloquebar.
830 4890 947 4936 mitum
961 4870 1115 4958 peperisse
1130 4883 1237 4939 mrral
1250 4869 1393 4958 (μὸὅῆ
