3538 5460
379 323 454 397 96⁶
725 315 901 387 HISTOR.
917 313 1023 384 DAN.
1039 315 1175 385 LIBER
1191 311 1282 385 XVI.

202 531 204 538 ’
328 551 434 636 pater
457 537 493 604 in
517 541 645 602 eo'rnm
667 523 878 624 pectoribus
905 535 1133 621 reposuerat,
1169 519 1374 596 admonitos
1398 545 1503 596 orare
1531 524 1650 618 coepit,
1755 599 1756 630 ᾖ

328 681 393 746 ne,
418 653 612 728 amicorum
635 650 780 722 nomine
803 645 926 719 hostes
950 643 1112 743 agendo,
1152 635 1329 717 creditum
1358 645 1428 718 sibi
1451 643 1649 744 pupillum,

229 815 234 820 ·
328 784 429 854 annis
448 793 483 850 et
505 773 653 848 consilio
671 787 854 861 tenerum,
884 792 995 868 grave
1024 783 1059 840 et
1080 766 1308 840 intolerabile
1333 767 1537 844 bellilonus
1562 791 1650 842 aas·
1755 771 1756 840 I

329 906 448 1001 cipere
479 897 650 996 jubeant,
702 919 862 993 eumque
902 891 973 966 sub
1013 889 1117 964 titulo
1159 888 1300 963 tuendae
1329 889 1503 966 libertatis
1535 911 1648 992 regno

225 1028 233 1052 ⁸
328 1039 469 1113 exuant,
494 1026 557 1118 qui
581 1021 722 1119 potius²
746 1015 960 1091 salutaribus
978 1013 1080 1086 illum
1106 1013 1437 1088 consiliislormare
1455 1041 1553 1088 curae
1576 1013 1650 1086 ha·-

327 1147 457 1238 beam,
487 1144 713 1240 Romanique
734 1142 957 1238 imperatoris
984 1140 1093 1210 curiae
1125 1135 1258 1210 ascribi
1285 1136 1447 1211 deforme
1470 1161 1544 1210 non
1575 1135 1651 1209 du-

328 1287 417 1344 cant.
474 1263 682 1364 Respondet
699 1261 879 1351 Absalon,
902 1257 950 1332 de
970 1284 1009 1333 sc
1030 1259 1186 1334 dubium
1209 1287 1283 1335 non
1303 1285 1400 1350 esse,
1425 1262 1510 1360 qnin
1534 1259 1650 1348 utiles,
1755 1319 1756 1322 ,

329 1397 359 1468 si
392 1407 528 1482 nosset,
561 1393 717 1462 monitus
752 1389 890 1458 Canuto
921 1381 1074 1456 libenter
1109 1383 1213 1456 fuerit
1241 1401 1493 1482 porrecturus,
1526 1407 1649 1482 aquo
1755 1457 1756 1484 χ

329 1519 377 1590 ita
392 1513 754 1590 Caesarisamicitiam
777 1507 894 1605 expeti
912 1505 1007 1600 velit,
1034 1523 1072 1579 ut
1089 1508 1246 1604 propriae
1264 1511 1344 1606 ejus
1366 1510 1559 1606 majestatis
1579 1506 1649 1579 de·
1755 1497 1756 1508 ¹

314 1657 396 1730 ¹cns
420 1635 600 1710 incolume
619 1631 834 1708 servaretur.
886 1633 976 1702 Nam
1001 1627 1331 1722 etWaldemarom,
1354 1630 1535 1705 Frederici
1557 1655 1649 1729 par-

330 1779 381 1836 tes
408 1760 673 1858 amicitiamque
695 1771 872 1846 secutum,
905 1750 993 1825 nibil
1024 1749 1096 1824 fide
1124 1755 1205 1850 ejus
1225 1769 1285 1826 aut
1308 1756 1548 1852 ‘promissione
1574 1752 1649 1826 lal-

329 1885 441 1959 lacius
462 1883 676 1982 repperisse.
728 1875 880 1952 Proinde
903 1875 1072 1949 Sisridurn
1097 1901 1204 1950 nosse
1230 1875 1383 1970 debere,
1408 1880 1548 1952 Canuto
1564 1881 1650 1952 Coe-

330 2010 477 2105 san‘quc
502 2029 647 2102 reqvum
670 1999 843 2100 regnandi
863 2001 923 2099 jus
954 2023 1052 2090 esse,
1084 2024 1204 2098 neque
1229 2005 1365 2074 minore
1391 2023 1477 2074 cum
1498 2000 1651 2074 liberta-

331 2149 368 2206 te
389 2129 486 2204 hunc
509 2130 634 2202 Danici
655 2131 769 2226 regni,
795 2148 905 2222 quarn
931 2121 1034 2194 illum
1060 2125 1214 2196 Romani
1237 2124 1374 2222 imperii
1401 2123 1651 2224 gubernacula

331 2255 552 2328 contineret
602 2253 715 2348 Igitur
736 2245 941 2347 indignante
963 2245 1093 2319 Sisrido
1119 2245 1298 2345 plenaque
1320 2253 1496 2322 minarum
1521 2271 1566 2320 ac
1588 2249 1649 2321 sa·-

330 2393 408 2452 stus
425 2397 597 2472 responsa
619 2369 800 2461 fundente,
824 2374 878 2442 An
901 2385 948 2459 tu,
970 2375 1094 2468 inquit,
1118 2392 1160 2442 ex
1179 2376 1363 2469 temetipso
1377 2373 1531 2444 Daniam
1553 2397 1649 2472 pen..

330 2523 400 2592 aaa,
426 2521 580 2596 eamque
601 2505 642 2568 ut
657 2493 920 2595 Thuringiam³
947 2519 970 2566 a
988 2496 1141 2586 Caesnre,
1168 2517 1250 2566 cum
1275 2493 1383 2584 volet,
1404 2519 1517 2594 qaam
1540 2495 1649 2570 facil-

329 2623 415 2696 lime
434 2621 515 2719 capi
529 2643 638 2720 posse
660 2617 863 2692 existimnst
912 2616 1068 2692 Proinde
1089 2617 1160 2707 abi,
1175 2619 1454 2716 imperatorique
1472 2638 1537 2692 tuo
1558 2647 1649 2720 per·

328 2746 404 2836 fer,
430 2747 619 2818 Danorum
643 2767 764 2840 regem
786 2767 832 2814 ne
856 2742 1036 2814 minimam
1062 2739 1207 2838 quidem
1233 2737 1398 2838 obsequii
1421 2759 1561 2840 partem
1587 2745 1649 2818 di-

329 2871 451 2970 gnitati
475 2869 556 2966 ejus
576 2889 618 2938 ac
634 2870 767 2940 nomini
786 2863 999 2938 delaturum.
1052 2867 1211 2964 Dignum
1232 2862 1302 2937 hoc
1318 2866 1650 2962 contemptu'dine-

329 2994 417 3083 rim,
453 2990 518 3090 qui
539 2991 690 3088 propior
717 2988 832 3076 alieno
856 2990 1009 3086 imperio
1043 3013 1154 3087 quam
1182 2994 1341 3086 propriae
1364 2989 1540 3083 affinitati,
1576 3009 1649 3064 tam

328 3117 481 3186 inrisam
513 3116 661 3186 Danicae
694 3113 847 3186 libertati
867 3087 1103 3210 'legationem
1136 3115 1202 3184 suo
1235 3116 1371 3186 monitu
1400 3111 1649 3188 administrare

328 3237 502 3310 austitmit.
563 3239 626 3309 llis
659 3235 806 3324 auditis,
838 3236 960 3306 Caesar
991 3237 1170 3333 spernenti
1203 3260 1241 3307 se
1272 3238 1368 3335 regi,
1401 3241 1486 3332 quia
1509 3237 1652 3312 bellum

328 3358 508 3458 nequivit,
542 3357 665 3432 odium
687 3358 827 3447 inflixit,
853 3359 985 3448 animo,
1010 3383 1083 3429 non
1103 3357 1199 3429 ferro
1225 3375 1475 3455 contemptum
1498 3360 1653 3436 ulturus.

328 3483 400 3583 Spe
425 3499 544 3556 tamen
570 3479 749 3582 potiendae
777 3483 902 3552 Daniae
935 3503 1008 3552 non
1033 3469 1183 3573 omissa,
1214 3481 1372 3554 civilium
1395 3487 1430 3554 in
1458 3507 1502 3555 ea
1525 3483 1653 3558 malo·-

326 3633 410 3680 rum
432 3622 570 3682 matrim
593 3602 871 3704 exspectandum
883 3603 1079 3704 putabat⁴,
1097 3602 1274 3676 seditione
1294 3602 1476 3680 dividuam
1494 3623 1654 3709 gentem,

338 3887 340 3896 ’
373 3879 385 3914 ¹
412 3859 477 3962 (lai
491 3871 609 3963 potius]
629 3873 708 3953 (Sor.
725 3887 846 3937 mant.
874 3875 954 3958 Quin
1021 3870 1128 3958 gandi,
1165 3871 1393 3940 abner-vationes
1420 3883 1583 3945 nonnullas
1611 3883 1653 3946 ad

321 3986 425 4070 potine
443 4013 488 4038 -ι
505 3983 624 4044 ducant.
642 3976 719 4062 lig.)
1021 3999 1055 4044 ea
1076 3977 1273 4059 illustranda,
1293 4004 1362 4061 quae
1382 3985 1442 4049 hoc
1463 3988 1588 4073 aliisque
1605 3992 1656 4053 lo-

372 4093 385 4128 ²
411 4089 527 4154 Coreto
547 4089 777 4169 Caesareque-n.
794 4084 954 4164 caiatiam]
1021 4087 1063 4151 cis
1087 4087 1191 4150 attulit
1212 4092 1291 4154 Saxo
1318 4091 1358 4155 ad
1382 4093 1437 4157 bas
1464 4096 1654 4178 quaestiones

325 4193 375 4258 De
393 4194 623 4278 questionibus,
645 4214 717 4256 num
737 4192 846 4256 Daniae
866 4211 954 4276 reges
1019 4195 1198 4274 solvendas,
1223 4217 1252 4258 r.
1269 4198 1351 4262 inter
1369 4211 1433 4261 not.
1453 4200 1585 4264 uberior.

327 4301 591 4388 unquam‚'regni
613 4299 721 4362 Daniae
749 4299 888 4376 nomine,
920 4317 953 4360 sa
1066 4305 1078 4339 ³
1104 4305 1307 4388 Tlerabgt‘am]
1336 4305 1445 4389 Stepb.
1475 4309 1510 4368 ln
1531 4308 1578 4371 ed.
1602 4333 1657 4396 pr.

326 4411 454 4472 vasallos
475 4408 668 4493 imperatoria
694 4406 825 4468 Romani
854 4406 953 4467 decla·
1021 4409 1210 4492 Thyringom.

325 4514 477 4594 curarint,
502 4528 534 4580 et
558 4537 631 4577 num
651 4512 800 4597 ejusmodi
820 4513 953 4576 declara·
1065 4519 1079 4551 ⁴
1104 4517 1240 4577 Cabaliam
1261 4519 1291 4576 in
1312 4541 1347 4578 ea
1367 4517 1510 4579 malorum
1527 4562 1536 4578 .
1551 4545 1658 4604 ..pn-

325 4621 383 4698 tio‚
401 4621 426 4682 si
443 4643 547 4685 revera
566 4620 662 4698 facta,
683 4622 724 4683 ita
746 4619 826 4682 sacta
847 4621 895 4698 sit,
916 4631 953 4681 ut
1020 4619 1116 4698 tabat]
1144 4620 1295 4702 Sperabat
1321 4621 1415 4706 igitur
1440 4624 1562 4700 Caesar,
1601 4645 1658 4688 res

326 4729 458 4813 aliquam
479 4729 539 4789 vim
557 4727 669 4790 habere
687 4727 866 4811 posset‘hoc
883 4745 953 4809 reg·
1019 4725 1158 4789 Scanicas
1171 4727 1281 4790 iterum
1297 4729 1500 4792 noratumiri.
1521 4733 1661 4798 Haecle-

325 4855 399 4898 num
423 4845 454 4898 et
479 4846 637 4919 sequentes
665 4831 731 4915 ejus
760 4851 847 4916 reges
874 4831 951 4896 obli·
1018 4833 1099 4916 gatio
1119 4832 1213 4917 igitur
1229 4857 1291 4900 non
1307 4835 1350 4900 ita
1368 4837 1468 4901 multo
1486 4850 1558 4922 post
1578 4837 1658 4902 fini·
