3538 5460
608 304 940 382 wanulttttttus
959 307 984 382 l.
1325 303 1401 384 liiii

139 511 389 590 membrorum
402 509 582 614 supplicia
596 517 784 616 recepturi.
836 509 894 588 Ad
919 511 999 593 haec
1020 509 1135 592 clerus
1158 533 1336 614 responso
1357 538 1452 596 ccu-

139 639 351 713 stantissinre
394 633 497 728 dcto,
541 659 582 712 se
618 661 740 736 neque
771 635 898 710 mortis
934 651 1032 710 metu
1075 659 1194 734 neque
1231 643 1454 736 paupertatis

138 775 314 862 respectu,
339 783 416 859 quo
431 764 551 834 minue
568 762 727 836 antistitis
741 761 799 834 sui
811 761 1000 857 imperium
1007 774 1213 858 perageret,
1230 773 1453 836 cessaturum

139 883 304 956 affirmat.
360 884 452 955 Tam
483 883 544 981 pia
572 899 719 982 tamque
754 881 926 982 religiosa
957 879 1040 954 cleri
1071 880 1267 956 constantin
1298 884 1453 959 evictum

137 1003 282 1103 vulgus,
299 1004 469 1104 precibus
484 1006 598 1080 minas
614 1001 801 1094 mutando,
815 1000 939 1102 quoad
949 1002 1110 1079 Absalon
1128 1005 1311 1080 conveniri
1321 1023 1455 1105 posset,

93 1145 99 1156 ·
136 1129 318 1205 sententiae
332 1124 535 1202 dilationem
549 1128 733 1229 poscebat
785 1125 898 1202 Civile
919 1127 1097 1226 siquidem
1124 1126 1264 1202 bellum
1284 1152 1325 1204 se
1350 1131 1453 1206 exci-
1586 1181 1595 1194 -

136 1265 295 1324 taturum
317 1251 482 1344 timebat,
514 1254 603 1328 siin
623 1248 827 1346 sacerdotes
851 1252 920 1327 sibi
940 1249 1125 1326 nobilitate
1148 1275 1257 1350 pares
1281 1252 1454 1328 animad-
1523 1251 1528 1274 ⁸

139 1389 278 1446 vertere
292 1372 495 1449 studuisset.
539 1377 631 1448 Nam
650 1399 734 1448 cum
753 1375 790 1446 in
807 1376 932 1448 Scania
946 1373 1155 1475 alienigenos
1170 1373 1345 1475 indigenis
1361 1401 1452 1474 per-

137 1498 236 1570 mixti
259 1495 458 1572 sacerdotia
482 1511 662 1596 gererent,
692 1495 848 1594 amplior
868 1513 986 1570 tamen
1010 1497 1228 1598 digniorque
1248 1495 1452 1578 domesticis

135 1621 331 1696 reverentia
351 1619 599 1719 prestabatur.
647 1623 729 1713 Quo
751 1619 918 1696 effectum
942 1634 1013 1710 est,
1044 1635 1086 1694 ut
1107 1625 1294 1720 utriusque
1316 1623 1453 1702 ordinis

137 1767 312 1818 consensu
326 1749 567 1838 mitterentur,
593 1749 655 1843 qni
683 1743 797 1842 justas
813 1741 1131 1818 animadversionis
1153 1739 1313 1822 inducias
1340 1747 1453 1850 flagi-

138 1881 259 1940 tarent.
308 1863 538 1964 Handtaegre
561 1864 611 1938 ab
631 1863 815 1940 Absalone
833 1864 990 1940 ohtentae
1014 1881 1117 1953 sunt,
1149 1865 1234 1966 plus
1256 1865 1450 1950 clementius

136 2013 246 2086 qnam
263 1967 439 2064 severitati
455 1985 719 2088 indulgendum
734 2003 891 2087 putante.
926 1987 1083 2062 Multum
1099 1987 1147 2062 ab
1165 1988 1295 2065 eodem
1312 1997 1452 2095 grata-

137 2137 219 2184 rum
257 2108 487 2186 sacerdotalis
519 2127 634 2186 coetus
674 2115 881 2185 constantim
919 2111 1158 2210 persolutum·
1214 2113 1452 2198 Nihilominus

136 2233 318 2336 populus,
351 2259 435 2308 cum
456 2251 668 2334 contemptu
694 2233 877 2328 beneficii,
894 2218 1091 2334 ‘regiorum
1114 2237 1452 2344 pontificaliumque

135 2358 290 2434 militum
312 2374 459 2458 penates
481 2355 628 2456 publice
652 2356 809 2456 diripere
835 2345 1089 2457 perseveravit
1146 2363 1347 2462 Appetente
1373 2391 1451 2467 pu·-
1475 2369 1477 2374 ’

135 2481 220 2556 bliei
236 2483 360 2582 jejunii
377 2484 560 2581 tempore¹
574 2505 637 2556 rex
652 2481 831 2572 Smniam,
857 2481 933 2578 ejus
947 2477 1209 2583 sialandiaeque
1223 2485 1343 2562 militia
1360 2513 1452 2566 suc-

135 2607 289 2711 cinctus,
312 2603 473 2704 Helsingl
488 2592 655 2679 transitu²
678 2604 786 2703 petit,
809 2603 1051 2677 Fionieusium
1067 2607 1308 2708 latorumque
1331 2616 1452 2688 ccmi-

135 2732 260 2819 tatum,
277 2725 486 2826 obpraehita
503 2725 552 2799 ab
566 2729 616 2800 eis
622 2725 836 2825 jamdudum
850 2724 1012 2800 seditioni
1027 2729 1251 2824 irritamenta,
1266 2751 1452 2832 pertaesus.

136 2848 320 2940 Absalon,
354 2849 404 2922 cb
428 2845 630 2923 chrismatis
654 2850 916 2926 coniectionem
946 2847 1140 2949 pontificali
1172 2851 1295 2930 clficio
1328 2858 1451 2935 admi-

133 2971 375 3065 nistrandam,
416 2969 596 3045 Lundism
632 2972 870 3073 deproperat,
897 2973 962 3046 ubi
989 2995 1129 3072 paucos
1153 2999 1237 3050 cum
1263 3006 1350 3081 rege
1372 2983 1451 3064 dies

133 3096 300 3188 feriatus,
330 3097 448 3170 vicino
462 3121 547 3170 rure
562 3120 602 3170 se
619 3099 765 3196 excepit·
809 3097 886 3168 Hac
902 3093 997 3167 lama
1012 3099 1298 3197 septentrionalis
1313 3107 1451 3188 Scaniae

133 3218 298 3320 populus
319 3243 404 3294 cum
426 3217 727 3296 llallandensibus
748 3219 911 3309 excittrs,
946 3243 1048 3294 more
1077 3225 1213 3320 gentis,
1245 3229 1354 3304 misso
1383 3258 1453 3331 per

133 3367 260 3418 omnes
277 3343 437 3442 stipite³,
458 3341 529 3415 snb
548 3350 671 3442 specie
688 3345 851 3442 petendus
872 3344 1041 3422 libertatis
1068 3343 1155 3420 belli
1177 3348 1319 3426 titulum
1338 3352 1453 3456 fingit,

133 3489 255 3566 eoque
279 3465 380 3540 edicti
404 3489 537 3566 genere
560 3472 755 3540 exercitum
779 3474 963 3543 construit.
1016 3471 1132 3562 Quem
1148 3485 1246 3546 tanta
1273 3473 1453 3554 dementis

134 3605 302 3688 ceperat,
330 3604 370 3663 ut
384 3613 531 3663 manum
547 3613 633 3661 cnm
650 3612 737 3689 rege
755 3611 945 3664 conserere
967 3609 1200 3690 properaret,
1220 3603 1350 3672 summi
1374 3601 1451 3674 im..

135 3716 225 3812 perii
255 3714 348 3790 vires
374 3710 552 3788 lacessere
581 3707 717 3787 nullius
747 3713 880 3814 negotii
909 3712 1153 3792 existimando.
1220 3721 1303 3812 Quo
1333 3747 1397 3798 rex
1429 3747 1452 3798 e

179 4102 761 4194 ¹Pubtr'eiyijuuiirempom]Annilldl.
826 4105 1020 4192 Hclringum,
1042 4107 1070 4172 ei
1087 4127 1201 4174 nomen
1220 4129 1308 4174 tuum
1326 4109 1452 4179 dedra.

825 4247 868 4260 -
887 4217 936 4278 Dc
950 4219 1082 4282 transitu
1100 4236 1201 4282 sermo
1219 4233 1265 4284 eet
1286 4218 1359 4288 ireti
1375 4219 1455 4296 Ore,

180 4313 699 4402 ²Hststugtoamuu11ngendum
715 4320 760 4384 ri·
825 4319 945 4385 cundici
971 4323 1053 4386 iuter·
1076 4325 1293 4413 Helsingoranr
1317 4339 1350 4393 et
1376 4329 1454 4395 Ecl-

129 4419 223 4483 dttttr
242 4425 414 4507 Helsr'ngicc
434 4444 464 4486 v.
484 4427 639 4509 Helsr'rtgc.
680 4427 760 4490 Saxo
824 4425 1052 4514 singulturgum.

130 4528 214 4591 enim
227 4528 508 4613 Helsingoburguns
525 4549 624 4616 unper-
637 4529 761 4594 Helsin·
872 4537 993 4599 'Mum
1007 4561 1063 4624 par
1080 4561 1177 4602 omues
1195 4535 1311 4627 stpits]
1325 4539 1372 4602 Dc
1392 4537 1453 4603 hoc
1522 4541 1524 4547 ’

133 4630 760 4722 gumoppidmsuperiuspagffldllel·
826 4627 914 4706 mcr'e
936 4643 1062 4728 antiquo
1086 4644 1237 4729 populum
1262 4646 1453 4712 convocandi

132 4737 291 4822 siugorum
313 4741 420 4807 unirent
436 4743 583 4830 appellat,
610 4763 759 4831 umquem
825 4745 897 4813 vide
920 4767 1013 4833 snpra
1040 4771 1072 4836 p.
1095 4746 1160 4818 228
1179 4765 1212 4819 et
1237 4765 1295 4820 act
1319 4751 1451 4820 chetim·

135 4864 212 4910 reno
229 4847 348 4932 statuit,
364 4871 457 4915 uuum
478 4851 629 4937 quendam
648 4852 759 4932 tirum,
825 4853 864 4922 td
884 4873 952 4920 earn
972 4856 1084 4924 locam.
