3508 5460
299 321 304 343 “
363 321 436 395 778
680 307 856 390 HISTOR.
870 317 976 388 DAN.
992 313 1129 386 LIBER
1144 315 1235 388 xtv.

310 532 362 606 do
393 555 504 628 quam
536 531 724 602 amicitiam
752 525 899 598 inaniter
921 519 1138 598 blandiendo
1173 521 1383 596 contrahere
1407 521 1523 596 mala·
1585 525 1624 596 ln

311 655 370 729 bis
387 658 515 727 etenim
533 652 660 726 melius
677 677 719 724 ex
736 647 1014 747 reprehensione
1033 647 1084 718 ira
1098 647 1305 745 percipitur,
1331 669 1442 744 quam
1460 671 1503 717 ex
1523 643 1623 718 adu-

312 776 443 848 latione
463 777 572 876 gratia
589 774 805 849 conciliatur.
867 767 1037 861 Absalon,
1052 768 1151 842 band
1169 769 1312 842 fratrem
1327 791 1414 866 rege
1428 765 1623 840 faciliorem

312 897 526 996 intelligens,
551 923 635 970 cum
657 913 824 970 neutrum
846 894 1070 994 aproposito
1089 889 1329 966 revocabilem
1348 907 1516 981 cerneret,
1542 890 1621 964 fra-

311 1024 370 1096 tris
385 1003 502 1094 tanam
524 1018 693 1094 adeundo
711 1043 795 1118 rege
816 1017 951 1091 socium
974 1020 1101 1115 gessit,
1127 1017 1158 1089 si
1179 1013 1266 1113 quid
1284 1014 1346 1086 irae
1360 1039 1405 1087 ex
1423 1011 1526 1087 dictis
1544 1015 1622 1111 ejus

312 1146 567 1242 conciperetur,
592 1143 835 1242 mitigaturus,
860 1145 995 1212 caeteris
1012 1165 1058 1212 ne
1074 1140 1241 1212 interesse
1255 1135 1401 1236 quidem
1416 1151 1529 1209 tutum
1548 1135 1621 1208 du-

312 1265 483 1339 centibus.
545 1267 647 1336 Tunc
669 1263 870 1356 Esbernus,
901 1263 1021 1334 mirari
1045 1285 1102 1351 se,
1136 1263 1269 1359 inquit,
1294 1285 1370 1359 quo
1392 1261 1528 1356 impetu
1559 1283 1621 1334 ret

310 1403 446 1460 tantum
467 1389 535 1460 iter
549 1385 641 1460 duce
655 1411 790 1460 vacuus
810 1384 1073 1485 ingrederetur,
1097 1407 1200 1456 suam
1215 1398 1330 1455 autem
1347 1387 1546 1482 patriaeque
1556 1407 1621 1457 sa-

310 1510 418 1584 lutem
440 1511 477 1580 in
504 1511 606 1583 unius
628 1512 776 1582 Caesaris
793 1502 947 1608 ‘perfidis
968 1506 1175 1605 precordiis
1196 1503 1432 1603 depositurus.
1500 1503 1623 1580 Videri

312 1635 424 1724 emin,
449 1629 550 1730 quod
575 1630 725 1704 liberam
750 1633 861 1733 gentis
888 1657 963 1704 suae
984 1635 1157 1702 cervicem
1179 1628 1360 1728 nullisque
1380 1627 1622 1703 barbarorum

312 1755 492 1853 obsequiis
513 1771 687 1828 assvetam
709 1778 773 1853 per
792 1753 927 1828 foedam
950 1770 985 1826 et
1000 1752 1192 1853 ignobilem
1209 1753 1413 1826 servitutem
1430 1751 1621 1826 miserabili
1737 1807 1738 1810 ,

311 1876 613 1952 Tbeutonicorum
636 1881 725 1976 jugo
745 1877 913 1976 subigere
936 1881 1064 1974 cupiat.
1123 1873 1220 1966 Quid
1242 1889 1359 1946 autem
1377 1873 1518 1948 stultius
1534 1899 1621 1967 esse,

313 2024 442 2097 quam,
469 1997 570 2072 nullo
592 1998 817 2098 impendente
839 1997 1020 2099 periculo,
1046 1996 1140 2070 ultro
1166 1995 1212 2069 ad
1231 1995 1441 2070 deditionem
1460 2021 1621 2096 procur·
1737 2037 1738 2040 ¹

311 2145 400 2211 rere,
427 2146 679 2219 summamque
703 2121 899 2194 libertatern
922 2137 1075 2194 extrema
1099 2121 1271 2193 servitute
1293 2135 1448 2211 mutare,
1472 2123 1622 2220 insuper
1737 2155 1738 2158 ¹

312 2267 425 2342 regno
446 2250 609 2343 precario
626 2271 736 2344 quam
754 2261 921 2343 potenter
940 2267 1094 2343 praeesse
1118 2239 1248 2314 malle?
1282 2244 1408 2340 ltaque
1432 2246 1620 2337 Caesarem,
1737 2323 1738 2356 ,

313 2391 396 2438 cum
418 2369 570 2440 Daciam
599 2393 673 2441 suae
698 2366 837 2441 ditionis
862 2361 1282 2455 elleoerinmimturum,
1312 2363 1413 2462 quod
1429 2382 1503 2439 tam
1525 2365 1620 2438 vali·
1737 2357 1738 2402 f

312 2486 397 2560 dam
424 2507 564 2589 gentem
595 2507 676 2562 ante
706 2490 888 2588 promissis
913 2490 1144 2586 superaverit,
1163 2511 1273 2585 quam
1297 2489 1406 2560 armis
1428 2491 1621 2562 tentaverit.
1737 2481 1738 2484 ¹

311 2614 398 2702 Rex,
417 2620 542 2710 paucis
567 2614 654 2684 iram
675 2615 872 2711 exprimere
886 2611 1011 2685 solitos
1036 2612 1188 2709 (quippe
1212 2633 1309 2683 raras
1328 2633 1435 2684 voees
1458 2609 1622 2682 turbatus

313 2732 418 2807 edere
433 2735 696 2830 consveverat),
721 2739 797 2810 Etsi
810 2750 855 2824 te,
877 2740 1006 2834 iuquit,
1031 2730 1122 2805 adeo
1137 2748 1250 2804 metus
1264 2747 1474 2832 perurgeat,
1499 2747 1541 2804 ut
1556 2735 1622 2805 viae
1737 2757 1738 2770 2

311 2879 433 2931 eomes
455 2881 617 2931 essenon
637 2858 787 2953 audeas,
812 2881 870 2930 me
889 2854 1035 2956 quidem
1051 2854 1292 2953 trepidationis
1308 2870 1378 2928 tuae
1396 2857 1536 2929 socium
1549 2879 1621 2927 non

310 2979 474 3053 habebis.
527 2983 659 3054 Virtute
681 2983 773 3054 enim
790 3007 899 3082 quam
915 2977 1046 3054 familia
1061 2983 1274 3064 comitatior,
1300 2979 1376 3050 siue
1394 2993 1430 3050 te
1443 2977 1620 3076 proposi·

310 3117 386 3174 tum
410 3125 583 3200 exequar,
608 3129 675 3176 nec
699 3102 834 3176 adduci
850 3120 996 3201 potero,
1023 3119 1063 3174 ut
1078 3103 1261 3174 teterrimis
1279 3102 1430 3198 ignaviae
1447 3115 1519 3172 tuae
1536 3123 1620 3173 mo-

309 3225 387 3297 nitis
403 3228 603 3298 consentire
625 3229 823 3299 sustineam·
883 3231 935 3299 Ita
956 3225 1129 3301 salutares
1152 3224 1306 3297 Esbemi
1323 3221 1487 3310 ¹monitus
1512 3224 1619 3320 regiae

309 3345 538 3421 festinationis
564 3350 716 3446 impetus
739 3365 946 3445 aspernatus
975 3365 1037 3422 est.
1102 3352 1202 3440 Quos
1230 3349 1259 3419 si
1284 3347 1414 3419 imitari
1436 3341 1619 3435 voluisset,

309 3469 492 3567 supplices
518 3474 648 3556 Caesari
678 3495 804 3544 manus
831 3467 1036 3544 deformiter
1056 3496 1129 3544 non
1151 3469 1317 3544 dedisset.
1373 3466 1484 3558 Adeo,
1509 3493 1619 3567 quem

309 3595 508 3672 temeritatis
532 3600 696 3671 incursus
718 3609 956 3670 transversum
979 3592 1128 3693 abripit,
1152 3609 1257 3665 rectae
1272 3591 1417 3665 rationis
1435 3591 1619 3668 aestimatio

309 3715 448 3791 deserit
498 3720 680 3820 Ingressus
695 3705 861 3790 Bremam
883 3719 1031 3792 civitatis
1055 3722 1206 3808 antistes,
1225 3714 1392 3788 omnibus
1409 3709 1618 3786 humanita-

307 3846 350 3916 tis
381 3845 539 3914 numeris
566 3846 851 3918 instructissimus
883 3841 1140 3938 clementiaque
1177 3855 1212 3912 et
1240 3836 1451 3911 liberalitate
1469 3840 1618 3934 conspi-

308 3989 417 4054 cuus,
442 3965 717 4062 impensioribus
738 3962 984 4062 hospitalitatis
1006 3963 1132 4036 officiis
1154 3957 1429 4060 prosequendos
1454 3958 1617 4056 suscepit

307 4086 405 4158 ldem
421 4085 591 4160 deductu
607 4086 729 4158 dando
744 4085 969 4178 sollicitatus,
995 4083 1185 4159 comitandi
1204 4083 1271 4158 sibi
1285 4089 1426 4180 regem,
1452 4099 1526 4152 non
1543 4077 1615 4152 du-

309 4207 422 4280 ctandi
438 4207 491 4282 fas
509 4235 586 4284 esse
603 4207 793 4306 respondit
846 4209 1057 4308 Complures
1079 4231 1227 4308 quoque
1244 4207 1405 4278 Saxoniae
1425 4203 1616 4301 principes,

308 4357 382 4428 quo
406 4335 511 4406 tutius
546 4334 681 4405 curiam
708 4349 883 4430 peterent,
907 4335 1013 4433 regiis
1035 4357 1073 4404 se
1096 4315 1346 4410 sodalitatibus
1371 4324 1615 4416 devinxerunt,

307 4452 398 4526 adeo
415 4472 452 4527 ut
468 4453 512 4526 de
526 4457 712 4530 Danorum
727 4455 860 4532 familia
874 4480 915 4530 ac
928 4481 1037 4558 grege
1050 4461 1198 4536 existere
1212 4466 1431 4552 putarentur.
1485 4451 1616 4546 Itaque,

307 4592 486 4654 crescente
500 4579 579 4675 ejus
597 4585 780 4672 comitatu,
806 4607 890 4654 cum
908 4576 1097 4653 multitudo
1113 4582 1268 4676 speciem
1286 4570 1424 4648 hostilis
1445 4572 1618 4646 exercitos

305 4697 458 4774 reddere
481 4698 677 4791 videretur,
702 4704 942 4798 perterrefacti
966 4701 1092 4776 incolae
1118 4726 1202 4776 cum
1229 4697 1406 4792 uxoribus
1430 4719 1475 4768 ac
1495 4692 1617 4768 liberis

304 4820 431 4896 divinis
457 4839 567 4896 semet
590 4824 777 4922 penatibus
802 4823 1008 4918 intulerunt,
1041 4849 1064 4897 a
1086 4847 1271 4898 sacrarum
1297 4819 1433 4900 aedium
1457 4817 1620 4920 hospitiis
