3582 5466
1397 155 1407 198 i

742 317 911 394 snmus
1082 303 1086 314 '
1349 324 1422 400 sos
1465 329 1471 344 ·

174 531 386 646 incessentes
417 549 493 600 run
516 529 687 603 Daoicasn
717 536 871 606 atrocius
893 531 1086 636 profligare
1110 551 1310 633 coeperuut.
1371 541 1475 612 Tunc

174 651 310 724 Dauicu
326 653 495 750 juventus
515 649 674 726 Juiinum
699 649 824 726 adorta
849 653 979 731 fractos
1003 654 1191 730 obsidione
1214 659 1330 751 cives,
1362 671 1474 757 quot*-

173 788 265 872 quot
279 773 367 846 ints-a
381 773 513 846 moeniu
529 775 658 874 piratas
672 771 874 868 habebant,
897 799 980 850 curn
1001 781 1150 877 pecunia
1167 763 1338 879 pactionis
1353 783 1475 854 nomi-

172 919 219 968 ne
235 893 400 994 prebere
416 899 539 998 coegit.
592 895 734 990 Quibus
751 901 862 972 uostri
884 901 919 972 in
939 917 1149 996 potestatem
1174 907 1348 1001 acceptis,
1382 901 1475 975 laesas

173 1023 302 1116 patrias
322 1040 453 1118 peenas
475 1015 725 1094 crudelissima.
745 1023 865 1096 mortis
888 1027 1022 1096 ratione
1052 1023 1264 1122 expetendas
1286 1023 1474 1098 duxerunt.

172 1142 263 1212 Nam
282 1165 360 1240 quo
377 1139 587 1216 violentiore
600 1165 662 1214 eos
676 1159 789 1216 morte
804 1160 1069 1238 consumerent,
1099 1151 1263 1220 revinctis
1279 1161 1361 1246 post
1379 1161 1474 1246 terga

173 1261 354 1356 menibus,
380 1263 469 1363 palis
483 1268 639 1363 primum
654 1265 854 1364 affigendus
868 1267 1052 1362 curabant,
1076 1267 1201 1342 deinde
1220 1269 1392 1344 ventrium
1409 1295 1476 1342 ca-

175 1409 224 1460 va
237 1385 353 1460 cultro
366 1389 491 1478 rimati,
516 1387 657 1461 nudatis
674 1391 760 1460 extis
777 1394 967 1490 primaque
982 1393 1155 1465 viscerum
1172 1407 1271 1489 parte
1286 1407 1478 1489 protractu,

175 1521 303 1582 cetera
332 1509 508 1610 stipitibus
531 1509 776 1609 explicabant,
816 1535 883 1584 nec
915 1527 996 1585 ante
1022 1512 1237 1612 supplicium
1258 1515 1477 1601 remiserunt,

174 1657 288 1730 quum
302 1647 427 1725 tortos,
447 1637 533 1706 extis
555 1631 714 1706 funditus
731 1631 813 1706 alvo
830 1635 969 1731 egestis,
986 1632 1141 1708 horride
1154 1636 1352 1736 rapacitatis
1367 1635 1476 1734 spiri-

175 1771 254 1827 tum
274 1752 495 1854 proiundere
513 1755 719 1854 coegissent.
781 1755 886 1848 Quod
914 1756 1155 1854 spectaculum
1179 1775 1219 1832 ut
1242 1760 1361 1858 specie
1375 1759 1482 1846 triste,-

178 1878 224 1949 its
242 1903 281 1949 re
295 1879 422 1951 nostris
439 1901 616 1976 perquam
632 1877 718 1950 utile
732 1879 845 1952 extitit.
898 1883 974 1952 Non
991 1879 1108 1954 solum
1124 1883 1217 1953 enim
1243 1883 1312 1956 reis
1332 1905 1476 1980 poenam

176 1997 310 2090 inflixit,
325 1998 506 2074 sedetiam
522 2015 668 2074 caeteros
683 1999 900 2075 consimilem
917 2008 1092 2076 cruciatus
1102 2027 1245 2076 causam
1261 2007 1370 2076 vitare
1387 2015 1474 2104 per-

178 2125 327 2198 monuit.
388 2125 510 2222 ltaque
525 2147 596 2196 non
612 2127 739 2196 minori
757 2125 950 2199 visentibus
975 2124 1189 2200 documento
1216 2153 1325 2226 quant
1348 2127 1478 2200 sitistis

177 2245 358 2345 supplicio
374 2243 449 2319 fuit.
499 2247 570 2317 Nec
586 2245 694 2318 sernel
710 2245 856 2344 quidem
870 2245 993 2322 En'cus
1007 2247 1155 2323 Sciavici
1176 2251 1318 2324 roboris
1343 2246 1478 2348 ampli-

178 2367 340 2444 tudinem
357 2374 502 2469 pressit¹
523 2387 558 2442 et
579 2391 708 2443 nervos
732 2367 944 2462 debilitavit,
968 2369 1030 2443 sed
1048 2372 1173 2444 iterum
1191 2397 1234 2444 ac
1250 2373 1350 2446 tertio
1367 2369 1477 2444 effre·-

179 2495 387 2591 satagentis
401 2491 482 2569 illus
498 2497 633 2592 ingenia
648 2505 744 2564 tanto
761 2507 920 2592 tempore
935 2492 1078 2584 retudit,
1105 2509 1143 2566 ut
1165 2493 1260 2568 nullu
1279 2517 1362 2566 eum
1382 2491 1477 2566 uite·

181 2615 254 2689 rius
272 2615 405 2712 piratici
420 2631 526 2691 estus
542 2613 700 2716 procella
719 2615 885 2714 pulsaret.

313 2742 459 2830 luteres,
475 2737 644 2813 defuncto
655 2741 781 2836 Egino,
796 2736 1479 2831 Ascerus²,ciarissirnointerJotosioco

179 2875 295 2953 natus,
307 2859 500 2934 Lundense
514 2860 747 2935 sacerdotium
762 2861 922 2959 sumpsit.
965 2863 1069 2935 Forte
1086 2877 1202 2935 autern
1221 2860 1478 2961 Hamburgen-
1526 2869 1529 2876 “

181 2983 229 3058 sis
246 2986 409 3058 antistes³
427 2983 478 3057 ob
495 2985 616 3058 inanes
641 3001 676 3058 ct
697 2983 804 3058 salsas
825 2985 1064 3082 suspicioncs⁴
1091 2985 1234 3057 Ericurn
1259 2989 1483 3057 execratione

181 3103 426 3181 mulctandum
445 3125 637 3182 censuerat.
691 3105 797 3200 Quod
824 3111 954 3181 veritus
984 3103 1044 3180 ies
1077 3105 1317 3206 appellatione
1331 3123 1480 3181 sentcn-

231 3405 313 3464 ¹Nes
328 3403 413 3464 nme!
430 3405 542 3486 quidem
559 3407 661 3466 Eristos
678 3405 808 3468 Sclusu'cs‘
859 3414 965 3464 contra
993 3403 1118 3464 Sclaros
1144 3402 1206 3464 sive
1227 3399 1351 3463 Vendos
1383 3411 1479 3484 gesto,

187 3508 294 3570 rodon's
303 3509 531 3591 magnitudinem
543 3504 664 3595 pressit]
680 3511 712 3570 in
726 3531 806 3592 prm·
859 3507 941 3592 quod
960 3529 1030 3572 vero
1046 3507 1084 3570 ab
1095 3507 1387 3592 expeditionenuper
1400 3525 1481 3568 cosn-

187 3611 305 3676 cedenti
317 3613 489 3678 narretione
506 3613 543 3678 de
558 3614 672 3678 uitione
689 3637 706 3676 s
723 3615 806 3677 Scia·
861 3628 1026 3677 memoratu
1061 3615 1151 3699 iunge
1169 3613 1320 3676 diversum
1347 3624 1422 3686 erat,
1451 3635 1480 3694 p.

186 3719 235 3782 sis
256 3720 383 3804 repetite
403 3721 484 3784 nulia
511 3720 594 3784 Erici
625 3719 741 3782 mentio
763 3721 807 3784 i'a·
860 3717 1006 3784 3033117.

185 3839 237 3890 cts
257 3823 330 3906 iuis,
361 3843 527 3914 regemque
538 3825 608 3890 huic
622 3823 806 3910 expeditioni
907 3827 1076 3910 'Defuncto
1090 3817 1434 3907 EgsuoAEeerss]Supru
1450 3843 1480 3904 p.

185 3931 416 4017 ususqusqsm
428 3932 564 4010 siluisse,
575 3933 606 3996 is
616 3930 696 3994 notis
710 3929 809 3993 uberi-
861 3929 924 3996 599
934 3935 1095 4014 scripserat
1118 3932 1243 4003 Noster,
1267 3931 1412 3992 Asterum
1430 3925 1481 3988 ab·

185 4037 291 4102 oribus
307 4051 476 4104 monstrare
495 4037 671 4102 studuimus.
713 4036 808 4121 igitur
861 4050 961 4100 sumto
975 4031 1482 4100 Richrsldosscerdotiobaudesui

187 4141 280 4208 seriis
303 4145 430 4208 Saxonis
454 4146 542 4208 allata
563 4146 610 4207 rei
633 4143 675 4206 itu
698 4121 810 4206 is'tetti·
863 4144 993 4228 potitum
1011 4143 1119 4222 suisse3
1135 4143 1194 4206 hoc
1210 4141 1303 4223 igitur
1319 4141 1388 4202 locu
1404 4138 1482 4202 osci·

186 4247 286 4335 geuds
307 4263 394 4326 sunt,
419 4271 454 4312 sc
488 4251 513 4313 si
542 4248 680 4326 dixisset,
718 4248 809 4312 etism
863 4249 958 4313 tantia
989 4247 1128 4334 quaedam
1151 4241 1340 4331 agnoscenda
1364 4245 1410 4308 rei
1432 4267 1483 4308 su·

186 4353 320 4428 Ericen
344 4356 443 4442 ipsum
479 4357 605 4422 suasos
641 4353 744 4416 uicisse
777 4365 809 4416 et
864 4357 938 4418 toris
957 4359 1003 4419 sei
1018 4354 1130 4416 librarii
1144 4353 1316 4434 cujusdem,
1343 4351 1485 4437 ponentis

186 4459 312 4545 quiden
338 4473 401 4540 ter,
436 4464 482 4526 rei
499 4462 600 4550 potius
622 4461 682 4536 its,
705 4471 738 4522 ut
758 4482 810 4522 su·
866 4461 998 4546 Eginurn
1019 4455 1266 4544 pruRichrsido.

186 4577 240 4632 ior
277 4567 500 4653 expeditionem
539 4567 632 4630 Erico
667 4577 813 4646 vegetante
912 4568 1167 4650 'Hsmhurgeuss's
1184 4563 1320 4644 antistes]
1335 4567 1378 4628 ita
1397 4577 1483 4630 voest
1538 4567 1542 4577 “

187 4686 219 4738 et
236 4697 298 4736 non
314 4675 497 4760 prohibente
511 4685 680 4758 susceptam
698 4671 733 4733 ed
747 4671 812 4752 ejus
867 4676 977 4734 Noster
1008 4669 1268 4756 arehiepisoopum
1289 4677 1484 4738 lismensem

187 4780 322 4865 suspicis
333 4782 482 4846 retulerit.
510 4777 596 4842 Haud
611 4797 705 4864 peuce
722 4777 814 4840 hebet
866 4777 1047 4854 hiemarum,
1063 4799 1143 4842 enno
1163 4777 1238 4842 11111
1255 4779 1454 4842 mutuom.

189 4885 316 4952 historia
332 4888 563 4972 iinytlingorurn
583 4885 621 4950 de
636 4885 718 4950 bello
731 4883 812 4948 trist
913 4887 1034 4948 ‘lustres
1051 4885 1188 4969 ossuum
1204 4882 1392 4972 suspiciones]
1408 4887 1484 4946 (ium
