3524 5460
366 311 440 384 666
687 309 862 381 HISTOR.
876 309 983 380 DAN.
998 307 1138 380 LIBER
1155 308 1248 382 xlv.
1375 349 1379 358 ·

315 545 398 596 nem
423 521 527 620 cujus
549 517 739 592 ultionem¹
761 517 967 618 adjuverat,
991 541 1106 618 regno
1128 517 1374 619 dignissimum
1397 513 1626 617 predicebat.

241 685 244 692 ·
317 649 435 740 Quem
448 643 623 717 bonorem
639 655 763 731 muter,
777 639 894 716 multis
908 657 945 716 et
958 641 1128 743 grauibus
1146 641 1314 740 periculis
1330 641 1488 716 obsitum
1508 661 1552 712 ac
1567 640 1628 712 rix

221 857 223 865 Ι
318 767 465 868 qdidem
478 763 607 838 ndulsit
620 761 847 864 gestabilem,
871 767 1110 865 perniciosum
1127 763 1469 867 porrulotiuturum
1489 761 1628 837 sdver-

258 933 261 942 ·
318 907 414 980 tens,
447 891 607 986 poscenti
631 909 784 983 puerum
811 885 1029 963 Christiemo
1051 887 1193 962 trudere
1210 888 1395 978 recusavit,
1427 885 1629 986 majoribus

319 1013 358 1088 id
373 1035 503 1086 munus
519 1007 643 1082 deberi
660 1007 819 1108 proeletn.
861 1013 1045 1084 Postremo
1061 1014 1277 1110 pertinacius
1292 1012 1505 1084 insistentem
1519 1010 1628 1107 jure-

319 1133 475 1234 jurando
491 1131 688 1232 obstringit,
706 1137 741 1206 in
758 1157 882 1234 regem
894 1157 979 1208 eum
995 1132 1076 1234 eligi
1092 1159 1164 1207 non
1181 1155 1382 1234 passurum.
1419 1135 1502 1224 Quo
1517 1129 1629 1202 Chri-

318 1261 469 1332 stiemus
486 1252 533 1328 od
549 1255 730 1354 populum
745 1273 780 1329 et
795 1264 1005 1332 concionem
1023 1281 1140 1358 usque
1158 1256 1310 1358 perlato,
1334 1256 1445 1356 petris
1460 1255 1542 1353 ejus
1556 1253 1631 1325 be-

319 1379 444 1452 neficia
460 1394 646 1468 memornt,
671 1393 711 1452 ut
724 1376 823 1453 domi
841 1377 939 1480 leges
951 1397 987 1454 et
998 1383 1081 1482 jura
1103 1379 1298 1470 stabilierit,
1325 1393 1366 1452 ut
1387 1378 1474 1452 foris
1491 1375 1632 1450 bostem

321 1500 545 1598 represserit,
568 1517 607 1574 ut
621 1499 721 1574 furtis
743 1503 946 1601 rapinisque
966 1503 1120 1602 petrium
1134 1502 1388 1592 vacuefecerit,
1425 1517 1466 1576 ut
1479 1501 1633 1572 Deninm

323 1647 428 1723 paene
447 1621 653 1698 exhaustum
675 1639 709 1698 et
727 1647 922 1724 exangrem
946 1625 1093 1700 Solariae
1117 1629 1322 1727 magistrum
1346 1622 1556 1714 reddiderit,
1592 1635 1636 1693 ut

323 1748 429 1818 etium
455 1748 646 1844 unicuique
668 1769 734 1845 per
756 1749 828 1820 vim
854 1750 985 1823 omisso
1010 1747 1057 1821 ed
1082 1753 1257 1850 integrum
1281 1751 1492 1836 restituerit,
1517 1759 1633 1842 utque

326 1871 460 1943 cuncus
476 1867 531 1944 bis
551 1867 725 1970 operibus
740 1871 902 1968 sanguini
917 1892 985 1944 sno
1001 1895 1152 1971 regnum
1168 1872 1299 1946 deferri
1315 1871 1493 1946 meruerit.
1554 1868 1633 1941 Ve-

324 2015 405 2064 rum
427 2013 509 2064 oum
533 1989 628 2064 filius
651 1992 730 2089 ejus
759 1983 920 2065 nonduin
943 2009 1102 2068 maturos
1130 1997 1279 2095 imperio
1313 2019 1425 2069 ancos
1447 1995 1634 2090 acceperit,

324 2137 444 2212 neque
457 2115 567 2186 Dnnis
582 2113 653 2186 sub
668 2115 835 2212 auspiciis
853 2113 1051 2214 puerilibus
1076 2141 1153 2191 rem
1176 2143 1301 2219 gerere
1318 2117 1504 2190 militarem
1519 2137 1635 2213 expe-

326 2237 415 2332 dint,
441 2237 557 2310 virum
585 2235 719 2310 debere
742 2242 984 2337 circumspici,
1016 2246 1079 2340 qui
1102 2265 1220 2340 usque
1242 2239 1289 2314 ed
1316 2256 1526 2340 provectam
1555 2259 1635 2335 pu-

326 2359 401 2460 pilli
422 2375 560 2432 oetetem
577 2361 708 2434 tutoric
723 2383 874 2458 regnum
890 2367 1032 2436 nomine
1047 2379 1267 2463 procuraret.
1333 2366 1373 2434 ln
1387 2360 1487 2461 qnod
1505 2381 1637 2434 monus

328 2485 446 2583 nptius
460 2484 636 2556 neminem
654 2506 763 2580 quam
778 2483 933 2578 Ericum,
948 2488 1142 2586 superioris
1158 2487 1250 2560 Erici
1266 2509 1308 2560 ex
1330 2483 1404 2558 filie
1429 2485 1637 2581 nepotem²,
1754 2509 1755 2558 ι

328 2604 428 2705 quod
442 2603 591 2678 audacio
609 2627 652 2679 nc
667 2611 799 2706 pietate
814 2624 1009 2704 praestnret,
1034 2624 1307 2706 maternumque
1336 2629 1451 2706 genus
1473 2631 1518 2678 ex
1536 2605 1637 2705 regi-

328 2731 400 2804 bus
426 2728 585 2822 duceret,
606 2728 755 2804 adscisci
770 2750 896 2826 posse,
928 2729 1047 2804 ndulto
1066 2755 1188 2806 rerum
1202 2752 1380 2804 summum
1395 2729 1538 2830 pupillo
1552 2751 1637 2802 ces-

328 2878 464 2928 surum.
532 2857 582 2925 lto
599 2853 705 2926 Erico
724 2867 760 2924 et
772 2852 899 2951 populi
917 2853 1021 2928 soror
1054 2870 1088 2928 et
1104 2856 1206 2952 pueri
1226 2855 1393 2950 majestas
1409 2855 1502 2926 vires
1521 2853 1638 2950 regins

329 2975 459 3050 dedite
512 2979 579 3050 Hic
593 2989 724 3074 prester
739 2973 854 3049 solnm
877 2978 983 3050 enimi
1010 2975 1250 3052 fortitudinem
1271 2975 1393 3050 nihilo
1419 2990 1548 3048 notura
1563 2973 1639 3046 do-

378 3307 563 3369 ¹Paternam
596 3307 679 3390 eujus
703 3301 853 3387 ultionem]
887 3306 956 3369 ste·
1014 3322 1084 3370 runt
1116 3311 1176 3372 trt'n
1202 3311 1337 3392 germino
1368 3329 1491 3390 regum,
1529 3308 1641 3370 scilicet

330 3409 459 3496 phenius
487 3410 585 3472 minus
604 3410 681 3474 bene
699 3409 802 3495 posuit
817 3426 957 3495 paterno,
1012 3415 1119 3485 Scene,
1147 3415 1273 3497 ejusdem
1294 3417 1376 3474 Erici
1391 3414 1491 3490 filins,
1512 3413 1643 3472 Wolde-
1753 3493 1754 3500 ἵ

333 3514 469 3580 referens
485 3515 522 3578 etl
546 3540 644 3600 regno.
680 3515 740 3580 Sed
759 3516 857 3610 Depla
875 3513 956 3578 baud
1014 3523 1254 3592 morus,Konctt'
1256 3520 1356 3603 filins,
1369 3522 1518 3589 Kanntns,
1531 3520 1647 3600 Magni
1753 3507 1754 3510 ¹

332 3622 459 3708 proprie
473 3619 532 3686 luit
552 3642 680 3707 regnum
696 3620 887 3690 Weldemeri
902 3645 955 3706 pa·
1008 3625 1101 3706 filins.
1151 3629 1294 3712 Quicum
1317 3625 1411 3687 ndltue
1435 3624 1581 3709 infantuli
1596 3648 1645 3684 es-

332 3741 470 3808 ternum3
503 3745 537 3792 es
565 3729 645 3792 enim
674 3731 808 3793 Cenutus
836 3727 956 3793 ansrd
1013 3749 1091 3805 sent,
1111 3736 1231 3796 consilio
1244 3735 1395 3795 Danorum
1407 3734 1523 3818 possins
1542 3733 1648 3792 osteis

332 3835 681 3920 nunquempotitusest.
1014 3839 1648 3923 tutorquidnrn,Ert'cus,cognomine-sprec,

239 3985 252 3996 -
377 3947 564 4031 ²Superioris
576 3947 656 4005 Ert'ci
674 3967 711 4004 ec
719 3944 792 4027 filia
812 3938 957 4029 rtepotem]
1015 3946 1068 4025 qui
1087 3967 1206 4027 regnum
1225 3969 1288 4007 cnm
1309 3949 1391 4027 regin
1414 3946 1509 4006 sobole
1528 3959 1652 4006 tutem-

332 4050 450 4130 Ericus,
473 4049 510 4114 de
526 4069 588 4132 quo
608 4045 658 4110 hic
686 4049 801 4132 egitur,
837 4059 956 4130 petrem
1016 4064 1074 4108 tur.
1122 4054 1245 4132 Fuitque
1261 4056 1308 4112 cir
1330 4053 1378 4112 illc
1395 4051 1559 4136 pacificus,
1575 4073 1651 4111 erun

333 4154 439 4217 lttbuit
460 4153 636 4238 Haqninum
650 4154 830 4238 cognomine
843 4156 958 4230 lutum,
1015 4159 1230 4238 tranquillitate
1244 4159 1383 4219 creditum
1399 4157 1456 4218 sibi
1473 4155 1655 4237 gubernans

335 4273 461 4324 matrem
488 4273 589 4324 eutem
619 4257 840 4341 Rngnbildnm,
867 4259 961 4321 liliam
1015 4285 1148 4344 regnum,
1171 4268 1230 4325 nt'si
1257 4265 1335 4346 quod
1364 4265 1518 4325 ιἳῖιιιιονιιιιι
1540 4261 1654 4342 surit's
1752 4315 1753 4336 ,

334 4366 525 4446 EriciBoni;
546 4368 640 4452 igitur
663 4367 753 4451 bujns
775 4378 840 4427 erat
856 4364 960 4449 perli-
1015 4371 1109 4430 minus
1130 4371 1250 4432 obstitit.
1306 4369 1382 4430 Com
1402 4367 1523 4430 Saxone
1541 4379 1659 4430 nutem
1752 4429 1753 4440 ,

335 4472 407 4538 liem
421 4493 524 4556 nepos.
1016 4474 1141 4536 omnino
1166 4472 1241 4538 facit
1260 4475 1386 4538 historin
1406 4473 1662 4556 linytlingorum

382 4581 491 4642 ³Erico
510 4621 535 4640 ..
553 4586 630 4644 niret
646 4585 745 4666 regins
758 4577 851 4656 dedit]
865 4575 954 4661 Apud
1015 4602 1046 4663 p.
1061 4577 1132 4657 348,
1144 4601 1288 4659 asserens,
1302 4583 1464 4665 plerosque
1482 4583 1664 4644 Bonorum

335 4684 713 4772 Helmcldumssiblcnp.
729 4683 769 4749 67
784 4710 814 4772 p.
836 4682 957 4748 153ed.
1013 4684 1123 4748 sevisse
1149 4685 1270 4771 quidem
1304 4686 1506 4754 Wcldernoro
1534 4687 1668 4752 Cornuti

337 4791 495 4875 Bangent.)
504 4791 569 4853 benc
578 4794 734 4875 leguntur:
747 4793 850 4855 Occiso
857 4797 957 4863 Erico,
1014 4789 1088 4871 lilio,
1106 4791 1159 4857 sed
1174 4807 1304 4879 propter
1324 4794 1467 4857 tenellam
1487 4790 1553 4875 ejus
1569 4807 1667 4858 ntu-

338 4904 388 4960 cui
405 4912 560 4982 cognomen
580 4893 644 4962 ertit
669 4904 784 4972 Emnm,
816 4923 957 4964 remanse-
1003 4910 1077 4961 'iem
1107 4899 1231 4984 elegisse
1249 4899 1371 4964 Ericum
1384 4897 1492 4978 Lamb,
1514 4909 1548 4961 ut
1574 4920 1667 4988 reg-
