3538 5460
369 315 445 393 soa
723 292 1292 388 amoenissimam

318 527 511 605 nobilitatis
529 526 635 598 exitio
653 530 850 624 pensaturi,
864 529 1072 624 tantamque
1087 523 1313 624 provocandi
1331 529 1645 624 perseverantiam,

316 655 393 726 sive
426 646 569 748 pudore
602 645 715 722 cladis
747 653 824 722 sive
852 647 1019 748 cupidine
1058 649 1219 738 ultionis,
1253 649 1379 720 animis
1402 649 1544 722 insitam
1574 673 1645 748 ge-

316 788 456 850 stantes.
525 774 652 869 Neque
683 777 777 844 enim
821 769 901 845 illos
940 789 1002 845 aut
1036 769 1230 846 illustrium
1261 776 1421 845 virorum
1459 786 1644 870 respectus

316 910 378 970 aut
410 891 602 968 vulnerum
635 918 788 968 suorum
821 897 1014 986 memoria,
1055 919 1130 993 quo
1165 895 1284 967 minus
1320 890 1499 966 seditionis
1525 891 1644 966 studia

314 1031 547 1106 sectarentur,
573 1013 722 1089 domare
740 1024 869 1117 potuit.
894 1036 897 1044 ’
922 1015 1032 1111 Quod
1049 1015 1264 1115 periculum,
1281 1033 1493 1090 cunctorum
1507 1018 1644 1089 Scaniae

313 1156 525 1238 magnatum
557 1138 735 1238 capitibus
767 1145 1001 1240 contiguum,
1045 1164 1304 1238 praeproperus
1333 1138 1525 1212 Absalonis
1560 1163 1644 1212 curn

314 1259 608 1352 sialandensibus
631 1260 807 1337 adventus
831 1262 991 1362 dispulit.
1042 1261 1224 1362 Siquidem
1249 1262 1400 1338 sublatis
1419 1261 1557 1335 vexillis
1574 1259 1645 1336 de-

313 1404 481 1488 putatum
506 1386 667 1458 concioni
699 1383 819 1459 locum
848 1389 1053 1485 ingressus,
1088 1413 1161 1460 nou
1189 1383 1308 1460 solum
1337 1385 1644 1460 turbulentissimo

313 1510 432 1610 plebis
450 1510 639 1610 proposito
664 1507 814 1598 obstitit,
848 1507 913 1582 sed
933 1511 1038 1582 etiam
1057 1508 1168 1609 leges,
1194 1535 1277 1608 quae
1293 1511 1522 1607 iniquissimis
1540 1511 1644 1610 ejus·

313 1633 397 1708 dem
420 1633 597 1732 suffragiis
614 1629 795 1704 convulsae
811 1631 976 1727 suerunt,
1007 1635 1168 1733 piissimo
1188 1631 1313 1732 judicii
1332 1631 1477 1707 decreto
1495 1631 1542 1706 ad
1561 1633 1642 1731 pri-

313 1762 416 1832 stinas
441 1757 658 1829 auctoritatis
682 1751 845 1826 habitum
869 1751 1016 1828 reduxit.
1077 1755 1149 1829 Sed
1170 1781 1290 1854 neque
1315 1754 1538 1847 Haraldum,
1570 1778 1643 1851 quo

312 1880 434 1952 minus
462 1876 727 1975 amaguetibus
743 1875 986 1969 damnaretur,
1012 1878 1179 1952 absentiae
1195 1883 1433 1977 patrocinium
1450 1892 1641 1974 protegere

311 2002 440 2101 potuit.
493 2000 599 2072 Hunc
614 2015 707 2072 certe
723 1999 779 2074 bis
794 2026 815 2073 a
833 2002 1083 2076 Scaniensibus
1099 2001 1310 2076 mulctatum
1323 2000 1496 2089 dixerim,
1530 1995 1642 2072 semel

313 2127 433 2217 armis,
457 2129 587 2196 iterum
606 2127 795 2198 sententiis.
850 2127 905 2198 De
922 2151 996 2224 quo
1016 2115 1163 2225 quidem
1182 2124 1384 2200 discernere
1405 2122 1564 2198 arduum
1578 2135 1641 2210 est,

312 2248 410 2320 ferro
443 2269 490 2318 an
512 2243 689 2343 suffragiis
720 2248 880 2345 punitior
904 2248 1022 2321 fuerit
1083 2247 1190 2323 Plebs
1217 2273 1366 2349 quoque
1391 2244 1480 2320 nibil
1511 2239 1641 2318 hostile

313 2393 420 2460 ausa,
446 2374 554 2442 armis
571 2392 713 2443 summa
731 2394 815 2444 curn
833 2376 1007 2469 propositi
1026 2367 1310 2445 dissimulatione
1328 2369 1526 2467 depositis,
1558 2363 1639 2438 Ab·

311 2489 445 2566 salonis
462 2515 501 2566 se
517 2493 643 2564 turmis
662 2493 858 2590 tranquillo
880 2493 1116 2569 concionandi
1136 2519 1237 2568 more
1251 2492 1461 2594 jungebant,
1487 2486 1637 2588 singulis

311 2613 529 2716 judiciorum
555 2615 733 2716 suffragiis
756 2613 912 2689 alacrius
935 2642 1046 2715 quam
1071 2617 1240 2691 libentius
1263 2611 1534 2690 succlamando.
1589 2613 1639 2682 lta
1748 2595 1749 2618 ³

310 2737 479 2813 terribilis
502 2736 565 2809 illa
586 2761 628 2812 ac
653 2736 789 2811 diutina
815 2738 941 2812 seditio
958 2739 1065 2814 simul
1082 2766 1166 2815 cum
1181 2743 1355 2816 concione
1370 2735 1478 2809 finem
1502 2732 1637 2824 babuit,

310 2861 454 2936 funesto
480 2859 598 2959 plebis
625 2877 754 2934 conatu
775 2859 923 2936 ulterius
937 2860 1131 2938 adversum
1146 2864 1356 2964 principum
1369 2857 1564 2958 collegium
1579 2856 1635 2926 in·

311 2985 490 3060 solescere
508 3009 581 3056 nou
601 2982 791 3057 audente¹.

413 3109 548 3180 luterea
573 3112 749 3197 Canutus,
782 3109 921 3181 excitati
942 3107 977 3179 in
1006 3109 1132 3182 Scania
1159 3107 1245 3180 belli
1273 3107 1406 3181 nuncio
1432 3104 1639 3177 Fioniame

309 3232 401 3304 Jutia
415 3246 538 3328 petere
556 3245 718 3322 coactus,
743 3229 970 3320 Esbernum,
997 3231 1045 3304 ab
1064 3228 1266 3304 Absalone²
1293 3229 1400 3302 fratre
1424 3221 1638 3300 nuncianda

308 3353 488 3451 regiarum
512 3354 667 3450 partium
694 3353 851 3426 victoriae
880 3360 996 3451 gratia
1022 3357 1292 3443 transmissum,
1327 3352 1479 3427 obvium
1502 3349 1638 3446 accipit.

310 3475 424 3572 Cujus
440 3476 622 3572 inopinato
647 3499 801 3548 occursu
819 3480 928 3549 tristia
953 3473 1072 3550 afferri
1094 3494 1210 3572 ratus,
1238 3476 1397 3550 haerente
1419 3477 1542 3548 auimo
1569 3471 1639 3544 de-

306 3599 478 3696 jectoque
493 3595 613 3690 vultu,
640 3600 837 3698 quicquam
856 3625 898 3673 es
915 3625 959 3674 eo
975 3625 1193 3700 cognoscere
1211 3599 1413 3675 verebatur.
1466 3599 1638 3670 Postmo-
1744 3643 1745 3658 .

307 3719 397 3794 dunt
429 3745 503 3794 nou
532 3719 652 3816 solum
687 3721 854 3821 ejusdem
885 3723 995 3822 plena
1019 3723 1200 3800 hilaritatis
1227 3723 1344 3796 fronte
1369 3719 1520 3794 meliora
1544 3743 1637 3816 spe-

305 3869 388 3918 rare
402 3845 537 3942 jussus,
556 3868 682 3917 verum
701 3852 808 3917 etiam
820 3845 982 3945 jucunda
999 3873 1042 3921 ac
1058 3847 1180 3922 libenti
1201 3853 1404 3920 narratione
1419 3842 1466 3916 de
1483 3867 1637 3918 suorum

305 3965 454 4040 victoria
471 3963 610 4056 doctus,
629 3967 834 4040 inScaniam
852 3993 963 4043 ovans
980 3972 1163 4068 processit.
1198 3975 1250 4042 Ac
1262 3973 1419 4068 primum
1438 3970 1518 4067 ejus
1538 3992 1636 4066 pro-

305 4089 460 4162 vinciam
481 4091 668 4162 Frostam³
690 4093 829 4188 rapinae
854 4107 889 4164 et
913 4092 1075 4166 incendio
1093 4109 1336 4193 opportunam
1353 4090 1537 4184 exhibuit,
1563 4115 1635 4166 va·-

353 4325 363 4356 ¹
387 4324 438 4383 Ita
457 4323 620 4384 terribilis.
638 4364 646 4380 .
661 4361 670 4380 .
687 4365 694 4381 .
713 4319 852 4402 audente]
871 4321 937 4386 Ob·
1004 4322 1071 4384 nius
1086 4323 1132 4400 ab,
1150 4320 1183 4383 in
1197 4321 1303 4385 codice
1313 4319 1443 4385 sortasse
1458 4319 1529 4385 ideo
1545 4317 1637 4384 onis-

305 4427 491 4489 aervatioues
521 4427 559 4490 de
586 4447 674 4492 causa
702 4425 793 4509 hujus
812 4425 937 4492 t'editio·
1003 4449 1087 4508 surn,
1121 4427 1205 4512 quod
1237 4449 1350 4493 nomen
1371 4447 1501 4514 sequens
1518 4424 1559 4489 ab
1586 4446 1637 4488 ea·

305 4528 353 4595 nis
372 4531 557 4613 Sannorum,
586 4555 642 4598 nec
664 4554 727 4596 nou
751 4532 868 4599 deiide
888 4553 936 4597 re·
1004 4534 1073 4598 dem
1092 4535 1200 4621 incipit
1216 4535 1340 4620 syllnba.

304 4635 414 4701 lstioni
444 4639 577 4703 auctoris
609 4637 770 4704 tribuenda
802 4661 832 4704 r.
855 4641 936 4702 inter
1049 4645 1270 4707 ³Provincr‘am
1286 4637 1436 4718 Frostam]
1449 4636 1552 4702 Hodie
1560 4641 1637 4700 fro·

304 4755 370 4806 not.
393 4739 524 4805 uberior·
631 4757 634 4768 '
1002 4747 1179 4835 sta-Hdrqd
1203 4749 1235 4812 ln
1258 4749 1358 4815 media
1378 4747 1445 4814 fere
1463 4743 1572 4813 Senia
1591 4741 1637 4806 tl·

351 4853 363 4888 ²
396 4851 442 4912 At
463 4849 621 4929 Absatom]
653 4851 779 4916 Addidit
806 4852 934 4938 Stepbe·
1003 4864 1075 4916 tam.
