3524 5460
337 296 411 366 730
666 273 1226 362 msaoaommnsaxw.

285 505 394 578 armis
415 519 592 575 attentare
614 505 844 574 constituens.
911 501 963 572 Ex
983 499 1153 572 Svenonls
1178 520 1327 594 qnoque
1351 495 1469 568 militia
1495 519 1606 568 com-

284 625 420 724 plures,
445 605 672 696 ob'immane
702 649 784 696 eum
814 621 932 694 scelus
949 627 1088 720 perosi,
1121 618 1351 694 Waldemaro
1377 644 1418 694 se
1438 617 1607 720 jungunt,

285 753 367 821 tanti
386 745 550 820 facinoris
564 762 702 818 reatum
729 745 941 817 auxiliorum
971 744 1137 816 lomentis
1155 745 1325 842 prosequi
1344 740 1443 814 nelas
1461 739 1606 814 ducen-

285 875 371 944 tes¹.
424 874 468 942 At
484 873 612 960 Sveno,
629 871 693 966 qui
708 865 845 939 bellum
859 866 1116 973 inferretquam
1135 871 1297 964 excipere
1312 867 1510 964 speciosius
1527 864 1607 937 du-

285 1003 392 1083 ceret,
417 991 698 1092 magnitudinem
716 982 824 1062 animi
841 994 894 1061 sui
908 991 996 1062 intra
1016 996 1118 1062 unius
1137 987 1263 1072 insulae
1280 986 1370 1060 fines
1388 986 1607 1061 concludere

284 1116 469 1214 nequiens,
494 1115 643 1213 navigiis
660 1115 820 1186 eFionin
835 1111 1087 1211 Sialaudiaque
1106 1115 1235 1209 petitis,
1260 1107 1306 1181 ad
1326 1112 1458 1182 lutiam
1475 1117 1606 1209 appu'-

284 1239 342 1330 lit3
367 1237 569 1336 iisdemque
596 1244 682 1309 intra
709 1233 1040 1307 Diursaa'lluminis
1065 1235 1208 1308 alveum
1231 1235 1343 1330 recipi
1358 1236 1488 1334 jussis,
1522 1259 1606 1306 cum

284 1363 563 1462 promptissimis
578 1365 757 1457 equitum,
782 1341 982 1430 subdubia
1002 1355 1268 1455 oppidanorum
1287 1353 1380 1446 lide,
1410 1356 1607 1456 Vibergum

286 1485 465 1558 concessit.
531 1481 638 1573 Quod
662 1507 745 1554 cum
770 1480 1023 1554 Waldemarus
1045 1504 1112 1578 per
1132 1478 1394 1580 transfugarum
1420 1478 1606 1576 quendam

286 1623 451 1706 expertus
477 1605 618 1692 suisset,
650 1603 899 1691 auxiliaribus,
927 1627 1000 1700 qua
1025 1617 1183 1699 poterat,
1205 1600 1382 1674 celeritate
1406 1609 1607 1691 contractis,

217 1739 219 1744 ’
287 1731 332 1801 ad
361 1725 623 1802 exturbandam
644 1725 800 1800 hostium
825 1723 974 1798 classem
1006 1728 1203 1798 Saxonem²
1229 1742 1262 1796 et
1285 1727 1482 1798 Burisium³
1521 1753 1606 1798 cnm

286 1850 474 1924 navalibus
491 1854 604 1948 copiis
621 1852 729 1922 mittit.
790 1853 955 1941 Quorum
972 1848 1220 1921 autoritatibus
1236 1852 1323 1922 moti
1344 1847 1608 1942 salamenses,

286 1975 509 2071 navigatione
531 1972 679 2061 rellexa,
713 1970 796 2069 plns
811 1971 1103 2068 propinquorum
1129 1973 1270 2045 monitis
1295 1997 1405 2072 quam
1418 1975 1513 2074 regis
1528 1975 1607 2044 im-

289 2096 388 2190 perio
411 2093 641 2168 tribuendum
666 2111 853 2191 putarunt,
895 2095 1049 2191 ejusque
1076 2091 1276 2168 desertores
1321 2119 1433 2193 quam
1470 2092 1607 2166 horum

286 2215 408 2290 hostes
431 2221 579 2290 existere
601 2215 814 2288 maluerunt.
875 2217 1008 2288 Verum
1033 2218 1247 2310 Fionenses,
1284 2215 1493 2314 apudquos
1517 2215 1607 2314 plus

286 2341 380 2438 regis
404 2365 514 2438 quam
545 2343 764 2437 privatorum
786 2352 971 2436 respectus
1001 2338 1131 2438 valuit,
1165 2341 1276 2436 spreti
1300 2345 1455 2411 monitus
1472 2363 1607 2436 poenas

285 2459 494 2559 vapulando
509 2459 620 2555 luere,
645 2461 851 2560 pulsatique
868 2459 999 2536 dedere
1014 2461 1150 2562 fugam,
1175 2486 1285 2560 quam
1301 2467 1453 2559 sospites
1475 2461 1607 2533 abnu-

285 2599 398 2656 erunt
458 2589 531 2658 Neo
555 2591 748 2684 quicquam
776 2587 893 2657 Sveno
912 2581 1088 2656 malorum
1115 2584 1243 2684 aegrius
1262 2582 1349 2655 tulit.
1419 2587 1501 2658 Post
1523 2583 1609 2658 baec

286 2705 496 2782 ll'esbemus
515 2707 671 2782 hostium
697 2705 843 2797 consilia
875 2703 1091 2808 cognoscere
1109 2710 1248 2806 jussus,
1275 2731 1358 2778 curn
1389 2731 1506 2806 prope
1533 2709 1605 2780 Vi-

284 2829 441 2928 bergum
453 2847 629 2928 susceptae
644 2827 897 2929 speculationis
911 2834 1023 2926 gratia
1040 2835 1270 2928 pervenisset,
1292 2831 1474 2921 Srenoais,
1496 2834 1607 2902 Ran-

285 2950 448 3026 drusium
467 2958 628 3050 petentis,
651 2953 801 3025 obvium
818 2950 1295 3052 contemplaturexercitum.
1346 2955 1458 3052 Igitur
1483 2979 1607 3028 neres

286 3071 492 3172 diligentius
508 3101 617 3175 quam
635 3075 760 3149 fortius
777 3073 964 3172 explorare
980 3072 1169 3166 videretur,
1185 3073 1464 3173 praecedentium
1480 3103 1610 3174 quos*

285 3195 380 3287 dam,
396 3195 541 3274 effusius
555 3200 814 3296 obequitantes,
841 3196 942 3269 hasta
957 3195 1106 3271 validius
1124 3205 1301 3298 appetitos
1319 3197 1611 3274 militarivirtute

284 3321 480 3415 prostravit
541 3326 706 3414 Quorum
729 3319 831 3412 equis
860 3321 1030 3417 potitus⁴,
1060 3323 1230 3396 comitum
1259 3323 1330 3421 ope
1363 3348 1431 3422 per
1452 3320 1608 3394 devium

284 3439 543 3516 abstrahendos
562 3446 707 3516 curavit
759 3445 861 3515 Tunc
877 3446 1103 3538 Svenoniani,
1120 3447 1341 3546 propinquas
1359 3443 1514 3519 hostium
1529 3468 1596 3518 co·
1644 3534 1647 3547 ,
1760 3517 1761 3524 ,

331 3805 511 3886 'DacetttesJ
536 3811 582 3872 lta
611 3806 803 3892 stephanius.
850 3805 910 3870 Ed.
971 3804 1054 3867 ribus
1070 3804 1183 3870 Burlsli
1198 3819 1230 3870 et
1252 3807 1416 3872 Christluae
1432 3805 1608 3890 (Udvalgle

282 3936 331 4000 pr.
346 3914 439 3978 babet
455 3917 636 3986 ducentibus,
657 3915 739 4000 quod
758 3915 908 3978 vitiosum.
970 3909 1081 3974 daaslte
1099 3909 1186 3978 Viser
1205 3910 1252 3978 fra
1265 3912 1502 3978 Middelalderea
1523 3911 1609 3978 21).

328 4017 511 4102 ²Scamnum]
525 4023 667 4084 Fortasse
688 4041 776 4082 avum
795 4014 911 4084 autoiis
969 4021 1000 4082 S.
1020 4016 1075 4097 31)
1097 4021 1250 4086 Burisium
1269 4020 1334 4084 vult
1356 4018 1481 4083 fratrem
1503 4017 1609 4086 fuisse

281 4127 389 4205 nostri,
411 4126 463 4212 qui
478 4137 509 4188 et
523 4147 612 4188 avum
635 4137 666 4188 et
687 4138 806 4210 patrem
824 4148 912 4188 suum
968 4125 1083 4210 reginas
1104 4125 1229 4210 Sopbiae
1255 4127 1426 4203 uterinum,
1458 4123 1607 4210 adeoque
1699 4179 1721 4208 ,

281 4229 337 4292 sub
353 4231 557 4297 Waldemaro
577 4232 679 4318 primo
703 4233 845 4298 militasse
862 4253 911 4298 re·
968 4251 1147 4316 gerniacam
1171 4233 1253 4320 regis
1281 4234 1402 4312 Canuti,
1429 4233 1607 4300 llosltildiae

281 4333 352 4399 lert.
968 4337 1078 4417 occisi3
1100 4336 1153 4402 sed
1167 4336 1242 4402 fides
1261 4338 1353 4422 hujus
1372 4339 1535 4403 cantilenas
1549 4337 1610 4402 in-

325 4442 513 4525 imolatum]
531 4444 613 4508 Juris
625 4442 690 4508 sire
704 4443 806 4521 Buris,
827 4443 906 4511 lilius
966 4456 1049 4506 certa
1067 4456 1121 4508 est.

213 4524 225 4549 ⁵
281 4549 409 4612 ilenrici
429 4551 587 4628 statues,
624 4571 719 4636 nepos
745 4551 906 4630 sunonis,
1010 4556 1122 4642 ⁴Equr's
1130 4549 1262 4640 potatus]
1279 4549 1385 4616 sudu
1402 4548 1536 4621 Esberoi
1550 4551 1608 4620 l'a-

280 4654 331 4718 cui
346 4666 434 4740 pater
446 4656 546 4721 fueret
559 4661 661 4722 steno
678 4657 825 4720 Estritius
842 4677 931 4721 reas·
963 4658 1050 4720 cinus
1068 4655 1190 4722 brevius
1209 4656 1241 4720 ia
1266 4654 1393 4724 historia
1415 4657 1609 4746 llaytliugo·

280 4760 440 4828 Cantilsaa
459 4761 597 4848 quedam
619 4766 734 4828 Danioa
758 4762 796 4828 de
822 4787 905 4828 amo·
963 4784 1031 4827 rum
1048 4775 1304 4828 commemoratur
1321 4759 1433 4849 p.370.
