3582 5466
760 255 918 382 svnuo.
1370 307 1443 380 ess
1542 393 1552 402 ,

320 527 455 597 laterna
471 519 626 595 minores
642 517 820 594 Godovini
836 517 934 611 fitur,
951 524 1049 618 regni
1068 507 1295 594 aemulatione
1320 521 1495 618 nrajorem

186 652 345 749 perosi²,
367 643 570 720 voluntario
592 667 732 718 κωκυ
765 645 916 717 invisam
937 644 1014 740 ejus
1037 642 1495 731 dominationemvitarnnt,

108 858 111 868 ,
188 771 357 868 ultroque
373 767 462 840 exilii
480 765 648 840 tenebras
675 764 771 838 ferre
786 787 898 862 quam
913 764 1074 838 fraternae
1090 767 1180 836 intra
1199 767 1349 862 patriam
1374 763 1495 838 fortu-

186 917 245 966 nae
274 888 506 990 splendorem
526 891 733 988 conspicere
758 887 969 962 maluerunt
1035 885 1091 960 Ad
1114 886 1275 960 ultimum
1299 885 1495 959 llaraldum

187 1015 375 1112 Norregioe
391 1035 514 1110 regem
532 1011 699 1109 obsequii
716 1013 951 1108 promissione
978 1011 1226 1099 conveniunt³,
1251 1034 1353 1082 suam
1377 1011 1495 1109 patri-

187 1159 293 1233 mque
314 1135 573 1232 subjectionem
588 1133 746 1233 polliciti,
764 1137 794 1207 si
810 1157 950 1208 summa
968 1157 1032 1228 per
1054 1156 1136 1204 eum
1161 1133 1264 1230 potiri
1291 1135 1496 1230 quivissent.

187 1259 322 1354 Rapuit
338 1256 556 1330 oblationem
574 1255 718 1352 exulum
735 1255 839 1329 avida
862 1255 1112 1328 dominationis
1135 1253 1301 1344 ambitio,
1334 1251 1496 1351 Angliaa-

189 1403 262 1478 qne
276 1377 670 1478 littoribusNorvagicn
689 1379 813 1454 classis
833 1375 1031 1451 advehitur.
1075 1373 1212 1448 Eodem
1228 1374 1320 1448 sorte
1332 1391 1496 1473 tempore

188 1505 477 1576 Norrnannorum
495 1499 589 1574 dux⁴
602 1503 681 1600 pari
693 1508 825 1601 impetu
842 1483 1157 1572 diversuminsulur
1174 1495 1267 1571 latus
1281 1497 1495 1597 aggreditur.

185 1625 304 1720 Cujus
325 1648 388 1696 rex
404 1621 583 1696 Haraldns
608 1630 697 1698 inter
717 1627 876 1724 geminas
897 1622 1054 1696 hostium
1078 1637 1197 1718 partes
1219 1645 1362 1718 anceps,
1385 1645 1494 1720 quum

185 1753 347 1844 priorem
369 1749 553 1843 exciperet,
586 1747 805 1846 aliquamdiu
826 1747 981 1820 liberum
1008 1751 1149 1842 utrique
1162 1769 1375 1844 procursum
1407 1743 1507 1836 reli-¹

188 1871 277 1966 quic
337 1871 454 1962 Quam
471 1871 584 1968 ipsius
603 1871 860 1944 cunctationem
882 1871 1139 1965 Norvogienses
1165 1871 1279 1938 timori
1303 1882 1496 1939 consenta-

186 2015 295 2064 neam
310 1994 388 2084 rati,
413 1992 582 2092 neglectis
594 2017 789 2090 corporum
805 1992 1040 2080 munimentis,
1061 1987 1210 2086 perinde
1230 2014 1271 2062 ac
1291 1990 1408 2062 securi
1425 2015 1496 2096 pe·-

185 2111 384 2186 ricnlorum
400 2111 693 2212 validiuspreedae
708 2114 955 2186 incubuerunt.
975 2111 1045 2184 Sed
1055 2109 1150 2184 dum
1165 2113 1339 2186 incautius
1352 2117 1496 2204 ruunti,

186 2241 302 2334 sparsi
320 2237 555 2335 palantesque
571 2236 618 2309 ab
633 2236 757 2335 Anglis
773 2235 874 2309 nullo
891 2237 1033 2334 negotio
1050 2233 1211 2308 trucidati
1226 2251 1318 2308 sunt.
1371 2239 1423 2308 Ea
1439 2259 1496 2309 res

187 2359 384 2434 victoribus
413 2363 566 2432 maxima
599 2385 756 2458 quaeque
778 2359 934 2431 audendi
960 2357 1126 2430 fiduciam
1152 2357 1365 2430 ministravit.
1426 2357 1498 2449 Sed

187 2507 275 2556 mox
300 2499 432 2556 temere
448 2497 626 2556 crescente
641 2482 825 2572 audacial,
841 2485 1064 2554 Normannos
1082 2477 1207 2572 adorti,
1233 2479 1364 2552 infelici
1374 2505 1496 2580 pugna

187 2607 343 2678 recentis
361 2605 519 2678 victoriae
539 2602 679 2676 titulum
704 2603 946 2702 perdiderunt.
1010 2603 1135 2702 Neque
1160 2601 1276 2675 ullum
1297 2603 1377 2674 victi
1401 2607 1496 2702 regis

187 2728 372 2826 voetigium
395 2732 562 2802 extitisset
587 2729 678 2816 ,nisi
695 2725 928 2826 postmodum
955 2725 1003 2798 nb
1024 2725 1222 2822 agrestibus
1247 2725 1406 2800 obscuro
1429 2751 1488 2800 so-

238 2989 247 3022 ¹
264 2988 397 3047 Maitores
416 2987 564 3047 Godouim'
579 2981 653 3065 fiiri]
681 2985 820 3079 Quorum
876 3003 945 3046 narn
962 2983 1166 3070 reportavisset
1185 2982 1359 3066 victoriam,
1388 2983 1498 3048 deinde

188 3088 365 3174 praecipuus
379 3101 445 3152 erat
459 3094 560 3152 Toste.
875 3109 959 3164 vero,
979 3110 1046 3152 cum
1061 3103 1143 3156 certa
1165 3090 1306 3154 vincendi
1329 3112 1383 3177 spe
1403 3091 1499 3156 erecti
1568 3168 1572 3178 ι

236 3197 407 3278 ²Majorem
416 3194 531 3282 perosi]
545 3195 725 3274 Haraldnm,
748 3209 820 3282 post
875 3194 913 3258 ad
929 3195 1083 3260 civitatem
1097 3198 1252 3262 lorrionm
1269 3199 1381 3284 absque
1396 3198 1498 3262 loricis

187 3315 321 3364 mortem
337 3301 417 3386 regis
431 3301 565 3365 Edrardi
585 3323 700 3368 summa
718 3323 820 3366 rerum
873 3317 1104 3386 properassent,
1125 3327 1234 3389 magna
1259 3303 1345 3370 clade
1371 3304 1409 3368 ab
1429 3306 1498 3390 ipe

187 3409 223 3470 in
239 3409 347 3492 Anglia
367 3406 510 3492 potitum.
873 3425 945 3490 rege
964 3409 1134 3490 Anglormn
1154 3411 1385 3496 superveniente
1407 3409 1500 3474 inisse

235 3517 311 3577 ’Aa
325 3517 456 3576 ultimum
477 3560 499 3575 ..
525 3519 696 3580 Haraldum
718 3541 819 3579 conce-
873 3512 957 3575 lusos
974 3514 1066 3592 (lllst.
1093 3535 1156 3602 reg.
1179 3521 1309 3602 Norteg.
1325 3517 1384 3580 vol.
1405 3520 1445 3582 lll
1468 3539 1499 3601 p.

186 3617 415 3700 manditarent
436 3621 553 3682 Soorro
571 3623 719 3684 Sturlaeua
734 3619 819 3703 (hist.
875 3617 1035 3700 154155).

183 3727 390 3810 reg.Norreg.
403 3719 742 3812 vol.tttp.146sequ.)‚
757 3733 819 3790 To·
918 3727 931 3764 ⁶
943 3727 1093 3790 Crescente
1105 3727 1245 3811 eudocia]
1264 3733 1308 3794 lta
1323 3727 1429 3814 steph.
1441 3725 1499 3790 Ed.

184 3841 310 3892 atonem
322 3833 489 3916 supplicem
507 3832 607 3916 primo
624 3831 728 3896 adiisse
747 3836 821 3897 Src·
874 3853 921 3916 pr.
943 3831 1036 3895 babet
1049 3837 1181 3898 credente
1195 3839 1329 3899 eudocia.

184 3954 313 4012 nonem,
328 3933 447 4014 deinde,
463 3958 530 4000 curn
544 3939 596 4002 ille
610 3942 718 4003 auxilia
732 3961 821 4003 renu·
886 3961 889 3966 ·
920 3940 1044 4023 ’Neque
1060 3943 1148 4004 ullum
1164 3945 1327 4024 nr‘ctiregis
1345 3943 1507 4023 susceptam:

185 4054 266 4117 eret,
288 4039 326 4103 ad
348 4043 514 4106 Haraldum
536 4047 697 4130 Norvegirs
718 4065 822 4132 regem
874 4044 1031 4123 sarrie'sser]
1064 4046 1150 4111 Varii
1184 4045 1222 4110 de
1255 4048 1337 4108 exitu
1372 4045 1501 4110 Hamldi

184 4169 220 4210 se
235 4148 415 4210 contulisse.
875 4150 971 4232 sparsi
983 4163 1055 4212 sunt
1072 4171 1217 4215 rumores.
1248 4151 1362 4215 Scribit
1375 4154 1499 4218 Simeon

234 4259 499 4318 ⁴Normonaorum
529 4255 603 4334 dua]
633 4257 819 4322 Wilbelmns
874 4257 1084 4319 Dunelmensis
1099 4257 1194 4341 (apud
1206 4257 1354 4341 l‘rrpsden
1373 4281 1404 4344 p.
1415 4256 1500 4340 195),

184 4359 365 4439 Bastardna,
387 4359 440 4444 qui
464 4360 607 4446 deinceps
626 4366 819 4448 conquestor
874 4363 1041 4426 Haraldurn
1062 4363 1093 4423 in
1117 4363 1239 4446 proelio
1259 4364 1315 4428 sub
1332 4383 1500 4450 ‘crepuscu-

183 4467 287 4530 dictns
308 4479 362 4529 est.
874 4468 937 4530 lunt
948 4467 1104 4546 cecidisae3
1121 4475 1272 4533 Bronton
1284 4470 1371 4548 (ibid.
1385 4465 1499 4556 petit)

231 4577 326 4636 'Dum
340 4571 818 4655 caecutiasruunrJSnorroStrrr·
874 4586 993 4652 narrat,
1017 4571 1125 4653 luisse,
1147 4575 1199 4660 qni
1216 4575 1417 4658 crediderint,
1437 4584 1500 4643 Ha·

180 4680 271 4754 lasus,
292 4679 345 4762 qni
365 4677 588 4761 expeditionem
603 4685 817 4766 Norvegorum
874 4679 992 4742 raldum
1006 4680 1109 4744 multis
1128 4683 1304 4747 vulneribus
1326 4685 1501 4749 consessum

180 4784 355 4847 accuratius
379 4781 556 4870 descripsit,
578 4785 737 4866 observat,
765 4809 817 4851 coa
873 4803 889 4848 e
912 4784 1020 4869 praelio
1042 4788 1186 4865 erasisse,
1222 4801 1252 4852 et
1274 4789 1383 4855 deinde
1406 4795 1500 4858 sitnm

179 4891 317 4975 primum
332 4889 413 4972 apud
431 4889 557 4954 llnrium
579 4890 719 4957 llumber
735 4917 817 4980 mag·
872 4892 1057 4956 eremiticam
1077 4893 1129 4956 din
1150 4897 1254 4980 egisse.
1304 4902 1372 4982 lpse
1391 4905 1501 4965 Brom-
