3508 5460
592 335 921 408 WALDEMARUS
946 337 970 407 l.
1130 361 1135 368 ·
1317 331 1389 406 751

138 549 185 622 nis
204 543 365 618 lubitum
380 543 568 643 explorare
581 561 792 644 promptum
806 569 879 620 non
894 563 955 620 cst.
1012 539 1440 644 Enurigantiumdisces«

138 669 184 744 sio
214 693 288 740 non
318 665 493 760 clamore,
516 691 589 740 non
614 670 741 768 signis,
762 669 918 767 deniqne
934 667 1035 742 nullo
1048 664 1296 740 exhortationis
1311 687 1442 764 genere

138 788 341 864 mercabilis
356 789 430 862 luit
483 787 584 861 Adeo
604 793 764 862 omnium
787 815 892 864 aures
908 815 1024 888 pavor
1040 788 1271 862 concluserat
1321 791 1441 862 Cum-

136 937 200 1010 que
217 937 301 1005 rex,
326 911 524 986 intermisso
540 911 725 1011 paulisper
737 917 899 1012 remigio,
923 936 945 984 a
964 912 1213 1010 praesentibus,
1239 910 1328 1009 quid
1345 911 1442 986 factu

135 1061 221 1133 opus
244 1035 468 1132 potissimum
490 1053 591 1128 esset,
616 1038 822 1134 inquireret,
848 1035 1097 1108 cunctantibus
1113 1040 1256 1125 caeteris,
1281 1034 1443 1108 Absalon

134 1159 282 1232 insulam
305 1157 452 1256 Hytbinr
474 1156 664 1256 petendam
690 1157 814 1257 ibique
830 1157 1086 1254 secunditatem
1105 1157 1196 1231 aeris
1224 1175 1441 1255 exspectan-

134 1283 212 1354 dam
234 1281 405 1355 hortatur.
464 1280 573 1375 Quod
588 1283 714 1353 Petrus
730 1279 805 1353 ficri
824 1297 993 1380 oportere
1006 1303 1078 1352 non
1093 1281 1168 1352 sine
1183 1281 1360 1354 rationum
1375 1305 1440 1356 as-

134 1407 281 1480 sertione
295 1404 460 1505 negabat,
484 1401 598 1502 quod,
612 1418 865 1500 perseverante
880 1417 1094 1500 tempestate,
1119 1426 1184 1474 nec
1198 1402 1350 1476 reditum
1376 1428 1443 1478 nec

133 1527 423 1628 supplementum
449 1527 574 1600 classis
599 1523 756 1599 habituri
786 1524 1008 1616 viderentur,
1033 1521 1167 1600 Sclavis
1190 1523 1382 1602 adversum
1399 1551 1442 1602 se

133 1650 335 1746 quotidiana
349 1652 562 1748 copiarum'
553 1665 766 1722 incrementa
781 1651 987 1744 sumpturis.
1040 1645 1261 1720 Pandenda'
1250 1649 1357 1750 igitur
1371 1673 1441 1722 ve-

133 1771 181 1865 la,
206 1797 363 1892 eamque
386 1775 619 1873 navigationis
645 1771 879 1872 aequalitatem
907 1767 1112 1844 habendam
1135 1795 1232 1861 esse,
1271 1787 1310 1844 ut
1331 1795 1441 1848 nares

133 1878 337 1969 volucritate
352 1913 577 1996 praestantes,
610 1895 820 1994 complicata
843 1892 1006 1967 velorum
1023 1909 1144 1991 parte,
1176 1891 1349 1970 tardiores
1364 1921 1440 1995 op-

132 2020 340 2116 potirentur,
366 2034 412 2112 et,
430 2043 520 2117 quas
535 2017 711 2092 celeritate
727 2032 999 2118 praecurrerent,
1024 2016 1198 2090 societatis
1211 2017 1291 2114 jure
1307 2039 1442 2092 conse-

132 2143 190 2239 qui
206 2141 374 2214 debeant
430 2143 479 2212 Ita
501 2157 644 2214 strenua
659 2141 848 2215 Absulonis
865 2137 1064 2211 adhortatio
1080 2140 1217 2212 eximiae
1232 2143 1326 2214 Petri
1344 2166 1440 2240 pru·-

131 2261 256 2336 denttoe
271 2265 382 2337 cessit.
430 2266 589 2364 Uterque
604 2263 779 2362 siquidem
795 2263 894 2335 annm
908 2262 984 2335 suis
997 2259 1123 2333 similia
1135 2263 1325 2362 cogitabat.
1377 2265 1442 2340 Ille

132 2387 256 2460 etenim
268 2386 418 2486 juvenili
438 2389 556 2459 aninro
582 2387 772 2486 condigna,
798 2385 857 2458 lric
874 2389 969 2456 canis
994 2386 1065 2457 suis
1090 2403 1325 2458 consentanea
1344 2413 1440 2486 pro-

131 2509 297 2605 ponebat.
349 2513 399 2583 lta
416 2526 553 2609 septem
574 2509 660 2584 solis
673 2510 821 2610 navigiis
841 2531 883 2580 cx
899 2509 996 2579 omni
1011 2508 1199 2580 Danorum
1215 2505 1328 2582 classe
1345 2511 1439 2584 resi-

132 2629 227 2726 duis,
261 2629 388 2723 Sclavi,
406 2629 628 2706 multitudine
649 2632 740 2726 freti,
767 2631 1005 2724 incitatissimo
1026 2631 1174 2730 remigio
1193 2634 1442 2730 acerrimoque

131 2751 285 2828 clamore
316 2779 401 2828 cum
428 2773 635 2855 contemptu
657 2750 844 2856 paucitatis
863 2757 1073 2851 irrumpunt.
1131 2752 1201 2826 Sed
1218 2756 1354 2852 majore
1365 2758 1440 2828 im-

131 2891 211 2972 petu
229 2901 342 2975 quam
357 2875 506 2950 andacia
522 2905 597 2952 rem
614 2877 892 2976 exequebantur.
943 2878 1089 2976 Quippe
1102 2901 1186 2949 cum
1200 2883 1359 2976 primum
1371 2905 1441 2954 ex-

131 3020 266 3097 cepere
279 3004 441 3100 sagttus,
467 3005 620 3099 propius
642 2999 737 3072 serre
759 3025 880 3074 remos
905 3003 981 3072 ausi
999 3023 1073 3071 non
1087 3015 1178 3074 sunt.
1229 3002 1341 3076 Paulo
1358 3019 1442 3102 post

131 3121 374 3197 destrictorum
388 3124 524 3196 ensium
539 3122 677 3196 laminis
694 3147 791 3196 nunc
807 3128 961 3196 cervices
974 3147 1070 3211 suas,
1083 3147 1179 3195 nunc
1194 3141 1294 3198 scuta
1308 3126 1441 3225 pulsa-

131 3269 169 3318 re
185 3219 385 3345 ooeperunt,
400 3251 477 3336 rati,
500 3269 539 3318 se
552 3248 676 3319 Dauos
692 3243 763 3318 hoc
778 3251 955 3318 minarum
973 3269 1104 3344 genere
1119 3247 1312 3320 territurus.
1363 3251 1442 3322 Re-

131 3369 287 3468 migium·
301 3367 432 3440 deinde
449 3391 583 3467 magno
600 3367 766 3441 clamoris
781 3371 929 3466 strepitu
955 3376 1135 3466 prosecuti
1156 3367 1348 3446 horribiles
1370 3372 1443 3448 late

132 3515 237 3565 sonos
267 3489 431 3562 edebant
504 3494 571 3562 Hic
594 3514 742 3588 quoque
768 3515 968 3589 procursus
1004 3491 1117 3588 priori
1153 3494 1342 3589 persimilis
1367 3496 1442 3571 fuit.

131 3613 252 3687 obviis
276 3633 433 3711 namque
458 3617 644 3688 Danorum
670 3612 863 3686 missilibus
878 3613 1030 3711 repulsi,
1063 3619 1232 3687 continuo
1256 3620 1441 3719 remigium

130 3733 333 3810 retulerunt.
386 3739 506 3810 Tertio
523 3755 560 3812 ut
574 3736 715 3810 hostem
731 3752 907 3832 apparatu
924 3752 1104 3830 terrerent,
1130 3746 1345 3814 contractos¹
1364 3741 1442 3815 sble

132 3857 279 3956 clypeos
296 3885 390 3957 aqua
401 3841 631 3958 perfundere,
648 3859 873 3958 genibusque
883 3861 1127 3956 superpositos
1143 3865 1178 3930 in
1194 3887 1326 3961 pugne
1337 3889 1443 3937 usum

131 3986 301 4054 extricare
327 3999 532 4080 coeperunt,
566 3981 670 4056 veluti
692 3979 932 4054 indubitatum
958 3983 1087 4056 nostris
1108 3982 1271 4080 praelium
1302 3984 1442 4060 illaturi.

132 4107 179 4175 At
194 4119 267 4176 turn
282 4105 442 4198 demum,
458 4129 522 4180 seu
540 4103 734 4203 cupiditate
750 4103 884 4202 praedae
904 4111 965 4178 seu
983 4108 1018 4180 vi
1035 4104 1188 4205 pudoris
1204 4111 1353 4201 accensi,
1372 4135 1443 4182 ve-

130 4223 326 4301 hementius
341 4231 480 4326 navigia
498 4230 683 4300 concitant.
734 4231 823 4320 Quae
840 4230 974 4324 species
990 4247 1028 4303 ut
1043 4232 1138 4304 initio
1162 4232 1263 4323 acris,
1289 4232 1336 4302 ita
1361 4232 1441 4304 exi-

130 4363 174 4419 tu
188 4350 302 4433 ¹inanis
326 4356 503 4449 apparuit.
564 4348 737 4422 Telorum
759 4353 855 4423 enirn
878 4351 1024 4450 objectu
1048 4352 1147 4427 velut
1172 4367 1252 4425 ante
1275 4349 1443 4446 deterriti,

132 4472 292 4545 inuictam
324 4475 514 4572 paucitatis
551 4475 784 4546 constantiam
823 4471 973 4546 ulterius
1015 4475 1192 4550 lacessere
1225 4472 1442 4566 destiterunt,

87 4667 97 4688 ,
131 4615 335 4694 quanquam
359 4599 547 4670 Dunorum
568 4597 824 4696 provocatione
848 4591 1045 4674 admodum
1073 4596 1141 4672 sibi
1162 4597 1322 4674 insultari
1347 4623 1442 4674 con-

132 4733 311 4811 spuerent.

182 4917 386 5002 'Contractod
400 4918 459 4986 Ed.
475 4943 523 5008 pr.
538 4937 695 4987 contectos.
