3538 5460
679 276 889 350 CANUTUS
909 277 967 352 Vl.
1346 279 1423 352 969

147 487 313 579 Quorum
327 480 513 582 promissis
532 481 691 558 Canutus
711 483 874 558 securius
888 507 998 582 quam
1015 485 1152 557 cautius
1166 487 1356 571 aestimatis,
1381 508 1474 558 con-

146 605 230 682 cilio
251 629 381 704 ocyus
415 603 583 694 dimisso,
620 610 656 678 in
682 607 812 680 lutiam
843 611 1006 698 secessit,
1045 605 1241 680 fortissimis
1266 604 1476 704 quibusque

149 731 351 805 Suanorum
382 753 425 800 ao
449 727 734 802 Sialandensium
760 745 893 803 tantam
916 730 979 802 otii
1001 726 1290 827 tranquillitatem
1314 704 1474 800 causan:-

149 852 279 928 tibos¹
294 903 305 943 ,
339 877 454 951 seque
479 853 589 924 nimia
610 853 686 951 jam
721 856 840 952 quiete
862 859 899 925 in
921 850 1096 927 desidiam
1123 847 1290 950 provolvi
1314 873 1476 945 queren-

148 975 265 1068 tibus,
298 973 410 1074 longo
441 973 649 1050 deliciarum
682 977 752 1050 usu
780 1001 932 1070 ‚enerves
965 979 1104 1050 animos
1134 997 1280 1074 gerere,
1312 974 1377 1071 qui
1402 970 1475 1044 sub

144 1123 231 1197 rege
246 1094 480 1171 Waldemaro
504 1103 610 1172 totius
634 1098 747 1170 ferme
770 1102 854 1172 anni
877 1117 1022 1198 tempus
1043 1096 1230 1196 multiplici
1250 1120 1371 1170 rerum
1391 1095 1475 1192 agi-

144 1221 278 1294 tatione
314 1223 489 1319 varioque
518 1221 649 1296 militiae
680 1247 813 1322 genere
849 1220 1031 1296 deducere
1063 1225 1321 1297 consueverint.
1382 1220 1475 1290 Nam

145 1343 307 1418 militaris
329 1344 473 1418 roboris
500 1367 632 1419 nervos
655 1347 744 1418 sicut
764 1346 836 1419 otio
861 1343 1021 1418 habetari
1045 1369 1088 1418 ac
1114 1345 1260 1432 remitti,
1284 1343 1331 1413 ita
1353 1364 1474 1439 nego-

145 1468 196 1540 tio
218 1463 351 1542 intendi
373 1467 600 1564 excitarique.
650 1471 761 1568 igitur
789 1467 962 1542 acuendae
986 1469 1123 1543 virtutis
1149 1467 1263 1568 gratia
1286 1465 1474 1564 piraticam

145 1589 340 1664 adversum
356 1593 511 1664 Estones
538 1595 573 1663 in
600 1613 795 1665 commune
819 1590 962 1664 decerni
987 1592 1133 1690 placuit.
1185 1594 1279 1664 luter
1299 1585 1379 1660 haec
1394 1587 1473 1659 Bo-

145 1714 339 1816 giszlavus,
363 1709 531 1786 hortante
545 1715 708 1806 Caesare,
731 1740 805 1788 non
823 1715 942 1790 solum
965 1715 1091 1813 patriis
1117 1739 1159 1788 ae
1185 1711 1388 1787 domesticis
1411 1711 1473 1782 vi-

143 1839 245 1914 ribus
276 1840 485 1928 instructus,
520 1836 586 1910 sed
617 1839 723 1910 etiam
755 1861 777 1908 a
811 1835 966 1912 finitimis
986 1834 1058 1910 late
1084 1836 1252 1934 praesidia
1278 1849 1472 1921 mutuatus,

144 1959 334 2036 adversum
362 1961 516 2059 Rugiam
556 1961 833 2060 quingentarum
861 1964 1008 2036 navium
1039 1958 1191 2035 classem
1223 1958 1355 2059 ingenti
1385 1953 1473 2030 belli

144 2099 322 2184 apparatu
351 2081 521 2154 refertam
554 2099 782 2156 contraxerat
844 2083 987 2177 Quibus
1026 2087 1141 2182 copiis
1167 2080 1259 2156 nihil
1290 2079 1473 2155 hostilium

142 2211 273 2283 virium
297 2204 524 2278 obstaturam
550 2222 659 2297 ratus,
684 2204 940 2306 Bugiszlavum
964 2205 1177 2304 quendam2
1203 2205 1307 2304 legati
1328 2207 1472 2275 nomine

145 2333 326 2404 cesarem
355 2343 478 2427 petere
506 2327 629 2427 jubet,
665 2332 728 2429 qui
757 2345 892 2404 tantum
921 2356 940 2402 a
973 2355 1013 2404 se
1050 2334 1244 2401 exereitum
1277 2324 1470 2400 adversum

142 2457 297 2528 Daniam
321 2467 546 2525 contractum
564 2453 751 2542 nuntiaret,
779 2467 819 2526 ut
842 2452 1007 2527 dubitare
1033 2477 1104 2525 oon
1128 2453 1261 2550 possit,
1287 2451 1375 2549 quin
1391 2451 1470 2520 Ca-

142 2593 270 2667 nutus,
306 2571 489 2648 resistendi
521 2572 655 2648 fiducia
689 2574 868 2665 deiectus,
904 2601 1014 2673 quam
1042 2575 1208 2650 citissime
1235 2577 1400 2648 Romano
1430 2596 1471 2646 se

141 2701 232 2776 foret
266 2698 418 2797 imperio
451 2696 655 2771 traditurus.
703 2698 908 2773 Delectatus
939 2700 1118 2796 promisso
1145 2699 1287 2789 Caesar,
1321 2691 1469 2769 laudato

141 2823 365 2924 Bogiszlaro,
389 2818 546 2919 legatum
570 2823 805 2920 imperatoriis
822 2820 927 2894 donis
947 2824 1180 2920 prosequitur
1193 2821 1223 2891 ³.
1273 2820 1470 2892 Jarimarus

142 2961 216 3020 tam
240 2944 349 3019 subiti
372 2944 617 3041 inopinatique
646 2942 735 3016 belli
761 2945 856 3018 fama
881 2943 1089 3044 perculsus,
1122 2940 1294 3015 Absaloni
1326 2942 1361 3012 in
1387 2941 1470 3011 Sia-

141 3066 262 3142 landia
282 3091 321 3140 se
347 3067 535 3139 coritinenti
564 3065 848 3166 magnitudinem
871 3067 1021 3168 periculi
1036 3069 1209 3164 Rugianae
1228 3067 1323 3166 genti
1346 3063 1469 3138 immi-

140 3192 257 3264 nentis
279 3190 661 3288 propinquitatemque
693 3188 889 3265 denuntiat.
948 3195 1016 3288 Qui
1046 3190 1209 3288 protinus
1234 3185 1470 3275 festinatione,

139 3329 277 3412 quanta
301 3318 483 3386 sociorum
508 3316 809 3412 expugnationem
832 3315 1005 3413 praecurri
1031 3312 1243 3411 oportebat,
1276 3314 1469 3398 accinctus,

139 3434 255 3508 missis
288 3458 354 3532 per
371 3433 585 3508 Sialandiam
611 3437 789 3534 epistolis,
826 3463 973 3511 omnem
1007 3451 1149 3509 aetatem
1179 3439 1287 3508 armis
1308 3431 1467 3506 habilem

139 3561 177 3632 in
200 3556 349 3632 classem
368 3556 553 3632 confluere
577 3560 692 3657 jussit.
741 3563 898 3632 Minores
914 3575 1010 3632 rates
1033 3557 1255 3657 majoribus,
1287 3561 1469 3632 onerarias

186 3851 397 3914 ¹For-tissimis
477 3849 678 3930 causantibus]
697 3852 770 3918 lade
837 3843 930 3934 legali
951 3865 1063 3912 nomen
1089 3847 1238 3930 affertur,
1266 3849 1323 3914 nisi
1343 3847 1374 3910 in
1398 3848 1470 3912 bist.

138 3957 179 4020 ab
207 3977 298 4020 anno«
319 3954 399 4020 1179
424 3957 506 4020 nulla
531 3957 685 4044 expeditio
706 3959 771 4021 bel·
837 3955 939 4037 ttnytl.
967 3973 1035 4039 cap.
1062 3951 1132 4019 128.
1153 3961 1157 3975 ⁴
1180 3955 1241 4020 Hitt
1270 3974 1345 4019 vero
1372 3951 1470 4018 Prista

137 4063 215 4142 lica,
246 4062 306 4126 boa
333 4063 456 4124 nomine
484 4061 594 4147 digna,
629 4065 770 4129 eDaoia
837 4074 974 4127 vocatur.
1067 4123 1075 4136 ,

138 4168 244 4233 exiisse
263 4165 397 4245 ridetur3
420 4190 487 4230 nam
510 4168 612 4232 classis
631 4192 657 4232 a.
678 4167 771 4248 1181,
885 4171 897 4206 ³
917 4171 1061 4252 Legatum
1081 4170 1166 4231 donis
1186 4211 1196 4233 .
1213 4215 1220 4232 .
1238 4215 1246 4232 .
1263 4165 1466 4257 prosequitur}

138 4274 343 4341 Waldemaro
362 4273 458 4354 duce,
488 4275 641 4338 Lubecam
662 4289 772 4360 patens
802 4263 814 4292 '
840 4279 873 4340 ln
894 4276 966 4337 hist.
987 4274 1091 4357 llnytl.
1120 4275 1139 4336 l.
1161 4293 1187 4338 c.
1210 4275 1276 4339 baec
1298 4273 1377 4336 dona
1398 4291 1469 4333 enu-

137 4377 229 4444 ”tum
249 4359 340 4466 qum
361 4380 451 4442 arnis
473 4379 630 4444 ornatior''
650 4394 725 4444 erat.
808 4411 810 4418 ·
839 4391 1013 4444 merantur:
1034 4379 1130 4443 bonus
1150 4401 1256 4465 equos,
1277 4380 1381 4458 lorica,
1400 4399 1469 4441 seu-

184 4489 407 4571 ²Bugislauum
430 4486 587 4572 quendam]
610 4491 653 4550 lta
671 4488 702 4549 in
722 4485 770 4552 ed.
838 4499 924 4564 tum,
953 4486 1038 4570 galea
1061 4499 1233 4572 caeteraque
1253 4509 1335 4550 arma
1360 4486 1469 4550 milita-

138 4613 190 4677 pr.
216 4591 345 4671 Nescio,
384 4611 441 4657 cnr
468 4593 655 4678 stephanius
679 4593 770 4676 bajus
838 4592 893 4672 ria,
911 4591 1059 4656 industrie
1076 4593 1242 4672 elaborata,
1260 4593 1373 4658 bonum
1389 4593 1498 4678 prae·'

136 4698 272 4764 nominis
294 4700 364 4766 latta
383 4701 541 4788 scripserit
551 4701 771 4772 Probrslaaums
837 4714 921 4764 terea
942 4699 1067 4788 pallium
1087 4701 1252 4790 pelliceum
1273 4702 1401 4786 aliaeque
1420 4718 1469 4764 re·

137 4822 209 4868 nant
236 4823 384 4893 nusquam
405 4809 496 4890 alias,
522 4817 671 4895 quantum
694 4805 770 4888 scio,
835 4819 904 4871 stes.
