3536 5462
234 3643 236 3653 Ι
332 3568 502 3656 burgensis,
521 3581 646 3654 neptem
666 3567 859 3636 Waldemcri
877 3573 959 3658 regis

393 289 468 365 ssu
747 271 1311 360 nrsronumnnunnv:

341 501 564 580 laudensium
579 493 767 566 antistitem
779 496 943 569 extitisse.
984 490 1026 566 ld
1053 497 1184 568 mirum
1207 494 1358 595 satrapis
1384 503 1505 574 risum.
1532 507 1628 599 Quo-

341 651 423 702 rum
469 642 563 696 unus
603 613 886 706 Guncelliuus²,
936 618 1023 690 cui²
1069 615 1211 692 bellicae
1259 619 1394 694 virtutis
1432 628 1628 722 experientia
1688 677 1689 680 =

340 747 441 850 apud
476 743 671 817 Heuricum
707 737 838 814 ducem
879 738 1122 814 familiaritatis
1161 739 1323 839 palmam
1352 765 1548 836 creaverat,
1585 747 1626 822 de

338 899 378 948 re
396 864 562 970 prasseuti
583 888 605 936 a
628 866 766 936 caeteris
790 859 988 954 consultus,
1012 862 1184 938 Absaloui
1201 869 1236 938 iu
1251 867 1432 942 maritimis
1448 892 1627 944 oecumen-

338 997 426 1071 dum
447 984 627 1076 mouebat,
652 983 862 1085 quodcum
890 987 997 1060 unius
1022 985 1177 1061 iusulae³
1206 1013 1314 1064 mauu
1330 986 1499 1064 dimicare
1525 997 1629 1092 magui

338 1117 480 1196 nonsit
531 1115 772 1209 Interrogatus
790 1107 839 1182 ab
858 1106 984 1183 iisdem
1000 1135 1155 1201 rursum,
1176 1134 1221 1182 au
1238 1134 1322 1184 cum
1348 1116 1428 1209 ipso
1451 1137 1532 1212 rege
1557 1143 1628 1188 nra-

337 1267 427 1318 uum
455 1253 530 1314 tuto
554 1257 744 1308 conserere
777 1247 943 1329 possent,
978 1257 1025 1306 ue
1051 1231 1090 1306 id
1116 1231 1265 1334 quidem
1284 1235 1442 1310 Heurico
1466 1234 1547 1310 duci
1566 1239 1631 1312 siue

338 1360 500 1466 periculo
525 1355 731 1432 audendum
755 1353 949 1454 respoudit.
1011 1356 1092 1448 Quo
1117 1353 1213 1462 dicto
1239 1357 1488 1432 cunctantibus
1511 1361 1630 1432 cunctis

336 1492 559 1584 Danicaeque
596 1480 735 1552 virtutis
773 1479 948 1576 impetum
980 1476 1277 1571 formidantibus,
1323 1485 1417 1554 vium
1445 1505 1485 1556 se
1509 1486 1630 1556 tutioris

338 1608 476 1687 consilii
492 1610 671 1704 reperisse
693 1602 886 1700 subjunxit
936 1605 1024 1674 Nam
1042 1626 1156 1699 quum
1168 1603 1346 1706 universas
1368 1605 1555 1678 Dauorum
1580 1607 1630 1680 ri.

337 1733 395 1810 res
427 1731 601 1820 maritima
625 1722 852 1824 expeditione
872 1723 1126 1816 confluxerint,
1163 1724 1194 1798 si
1215 1727 1352 1799 iuterim
1376 1723 1631 1801 Slesviceusium

336 1873 458 1957 partes
481 1849 654 1927 hostiliter
676 1863 898 1946 peterentur,
935 1846 1019 1946 plus
1055 1844 1230 1946 dispendii
1251 1849 1398 1939 Dauos,
1430 1873 1539 1952 quam
1559 1848 1630 1921 loris

335 1963 500 2068 inserant,
535 1973 634 2048 domi
651 1993 731 2047 esse
744 1995 929 2074 passuros.
981 1974 1064 2063 Quo
1080 1968 1212 2060 audito,
1234 1969 1443 2046 Beruatdus
1457 1969 1634 2044 liuzabur-

335 2101 481 2204 geusis⁴
539 2100 576 2172 iu
611 2121 689 2168 eam
726 2097 950 2199 provinciam
980 2118 1081 2167 arma
1118 2117 1157 2166 se
1191 2091 1454 2169 translaturum
1484 2093 1632 2194 negabat,

335 2249 446 2325 qnam
462 2245 529 2320 per
544 2243 668 2320 regem
683 2217 848 2292 beneficii
859 2219 940 2318 jure
956 2215 1173 2314 possideat⁵.
1225 2213 1296 2288 Sed
1309 2241 1433 2314 neque
1447 2216 1634 2292 Slesrieeu-

335 2349 429 2423 sium
444 2359 579 2445 portas,
604 2343 740 2415 tametsi
756 2365 817 2414 ren
834 2339 1051 2414 extrinsecus
1071 2356 1164 2439 agat,
1188 2334 1281 2410 udeo
1300 2363 1425 2437 usquc
1443 2339 1634 2418 defensori-

335 2469 406 2544 bus
433 2471 572 2560 carer'e,
599 2479 638 2540 ut
654 2463 760 2564 plane
775 2463 868 2540 hosti
885 2479 1009 2563 patere
1024 2457 1218 2534 videantur.
1270 2463 1361 2536 Num
1379 2487 1508 2538 earum
1525 2483 1634 2542 eusto-

333 2591 430 2684 diam
452 2591 634 2690 sexaginta
655 2590 842 2684 Dauorum
867 2585 1025 2662 millibus
1046 2608 1124 2660 csse
1145 2581 1351 2660 mandatam
1364 2591 1399 2662 ⁶.
1454 2589 1561 2685 Quod
1576 2615 1637 2664 au·

382 2879 963 2972 ¹Guncellinus]lClr.sup1·apag.79ft
1016 2896 1076 2964 que
1096 2877 1283 2963 protiuciae,
1313 2884 1366 2967 qui
1390 2907 1480 2949 arma
1500 2886 1578 2952 ferre
1596 2909 1639 2952 ta·

382 2989 478 3070 ἱδια]
499 2992 549 3055 Sic
566 2991 674 3077 scripsi
691 3012 751 3078 pro
765 2977 858 3074 cujus,
878 2989 961 3078 quod
1016 2986 1130 3066 lerent,
1156 2999 1248 3050 terras
1274 2985 1485 3056 defendendae
1507 3013 1591 3059 causa
1606 2995 1637 3058 ad

334 3095 448 3162 babent
469 3096 516 3160 ed.
538 3121 586 3184 pr.
602 3110 634 3161 et
650 3096 759 3184 steph.
1015 3113 1100 3156 erma
1132 3111 1315 3158 concurrere
1342 3095 1496 3185 jubebat,
1531 3101 1640 3188 quoties

379 3229 501 3291 ³unus
518 3224 632 3305 zunta]
653 3225 854 3312 sjmnnnn„
1014 3197 1642 3391 gpfiignlpncigpgopinppmdpevpppg

332 3461 463 3542 nardus,
486 3460 613 3524 Hernici
630 3461 719 3540 lilius,
741 3475 842 3524 comen
862 3465 961 3528 lisze.
1012 3411 1107 3534 ”liuh
1125 3411 1293 3498 Pr⁰li¹¹⁰l³³
1312 3430 1386 3480 ⁸⁰¹st
1404 3419 1644 3499 limitaueaeUu·

379 3356 581 3420 *bernardus
601 3354 851 3440 Raacburgeusis]
885 3361 961 3420 Ber-

1012 3531 1066 3580 tim
1079 3517 1297 3603 meridionalis)
1318 3522 1437 3588 incolae
1451 3549 1554 3594 meres
1574 3531 1643 3594 intra

1014 3622 1053 3689 12
1075 3637 1108 3689 st
1127 3621 1170 3688 60
1188 3627 1286 3689 etam
1305 3649 1442 3714 sunum,
1463 3635 1575 3721 quibus
1593 3634 1646 3700 ral-

927 3703 959 3766 P'
1011 3731 1075 3793 lum
1097 3732 1291 3796 Duuuevirlte
1319 3747 1351 3798 et
1384 3738 1526 3806 limitem
1548 3754 1646 3808 contra
1727 3813 1728 3820 ἵ

1011 3836 1131 3900 hostem
1146 3837 1376 3923 aggredientem
1397 3843 1591 3912 defendendi
1605 3843 1648 3912 oi·

1011 3939 1118 4006 licium
1137 3943 1341 4017 incumbebat.
1380 3953 1535 4044 Quorum
1546 3957 1573 4019 si
1589 3955 1648 4018 baec

1011 4048 1170 4134 provincia
1191 4063 1311 4118 tautum
1327 4052 1484 4126 babuerit
1496 4083 1649 4128 numerum
1726 4091 1727 4102 ¹

329 4125 504 4190 Beruardus
530 4121 658 4188 sortasse
688 4125 959 4213 reliquampartem
1010 4166 1127 4237 prm„
1147 4175 1217 4238 θοι,
1245 4162 1299 4245 qui
1330 4165 1541 4248 expeditione
1558 4169 1651 4233 ”mli

328 4237 422 4297 Jutim
436 4231 520 4296 leudi
534 4230 747 4314 jureteuebat
775 4235 825 4297 De
842 4233 953 4298 ducatu
1015 4259 1124 4326 ducem
1156 4275 1188 4328 et
1221 4267 1405 4354 episcopum
1445 4279 1550 4342 secuti
1575 4293 1654 4344 aaut
1725 4315 1726 4330 ,

328 4339 506 4403 slesvicensi
528 4351 560 4403 et
581 4338 718 4404 custodia
740 4340 845 4405 limitis
865 4345 954 4429 regui
1013 4364 1127 4454 (neque
1147 4369 1305 4438 dubitandi
1322 4397 1418 4443 cm·
1442 4381 1552 4464 adm¹
1570 4386 1656 4474 siqui·

328 4444 552 4530 Christopltoro
574 4445 714 4512 mandata
738 4447 790 4514 hic
808 4470 871 4514 uon
892 4469 956 4516 scr·
1014 4475 1083 4540 gem
1104 4477 1184 4544 sm
1203 4494 1259 4560 m,
1280 4485 1333 4569 qui
1350 4489 1521 4556 Bemrdi
1542 4516 1595 4560 m
1614 4495 1658 4558 hic

326 4570 378 4614 ”¹⁰
401 4563 456 4615 0⁸⁸·
1012 4583 1173 4672 loquitur),
1190 4589 1272 4653 dulia
1289 4591 1517 4666 meridionalis
1537 4625 1565 4668 a.
1586 4599 1659 4667 llll

372 4682 738 4750 6Ιῖιινιιιηιιιειοιίίιιηι...
752 4686 952 4768 mundaum}
1012 4689 1079 4758 fere
1101 4694 1230 4760 ducenta
1247 4696 1342 4762 millia
1361 4700 1557 4772 incotmnm
1578 4709 1660 4774 habt·
1723 4757 1724 4786 ,

327 4788 391 4853 Lex
410 4806 516 4854 omues
541 4789 655 4856 incolas
679 4813 778 4859 mares
798 4794 958 4881 cujuscuu·
1012 4799 1075 4866 bat
1102 4799 1211 4900 (Quod
1228 4803 1399 4874 etiamalio
1418 4813 1567 4898 quadam
1585 4837 1661 4884 com

330 3678 362 3740 iu
383 3675 579 3741 matrimonio
598 3672 743 3756 babebst3
767 3697 909 3764 usupra

331 3780 403 3848 774.

377 3919 389 3952 ⁸
405 3916 502 3998 Quam
515 3913 776 3996 ...beneficr't'jure
792 3913 957 4000 possideat]

330 4019 381 4086 Ob
409 4016 596 4082 affinitatem
625 4039 723 4102 nuper
760 4034 959 4086 memoratam
