3524 5460
402 358 407 367 .
502 285 649 362 SVENO
673 287 730 358 111.
789 287 995 360 canutus
1017 287 1059 360 V.
1301 287 1375 363 683

125 511 226 588 urat,
244 493 488 593 peeuiianffius
501 496 642 600 flagitiis
654 497 800 588 obsitos,
817 493 979 586 alterurn,
996 499 1083 596 quia
1097 513 1222 572 tetram
1239 493 1427 570 latrociniis

125 619 232 693 ritem
248 633 380 716 egeret,
394 617 555 714 alterum,
570 619 671 720 quod
686 621 819 720 optime
836 617 882 692 de
896 645 935 694 se
952 637 1145 693 merentem
1161 624 1277 695 virum
1295 644 1359 718 per
1367 619 1428 690 in-

124 741 231 815 ridiae
259 739 490 814 dormientem
515 759 755 841 oppresserat,
795 747 909 842 capite
928 765 1055 842 poenas
1080 742 1222 818 solvere
1242 743 1359 841 jussit,
1392 742 1427 814 in

124 879 251 938 neutm
266 861 371 954 belli,
386 871 421 936 iu
446 881 600 964 utroque
622 864 764 940 sceleris
788 868 970 965 negotium
995 866 1152 964 puniens.
1217 862 1428 960 Complures

124 1011 166 1058 ex
181 987 439 1086 superioribus,
454 987 595 1062 tributae
610 987 679 1062 sibi
692 987 814 1062 salutis
832 989 1067 1080 immemores,
1084 1001 1270 1085 acceptum
1288 986 1336 1058 ab
1353 984 1428 1060 ho-

125 1125 174 1182 ste
189 1109 417 1202 beneficium,
433 1117 580 1208 repetita
595 1115 720 1185 Canuti
736 1109 868 1205 militia,
885 1109 1124 1211 neglexerunt,
1147 1114 1271 1208 eisque
1285 1111 1429 1208 pristina

125 1228 214 1304 fides
232 1235 365 1304 recenti
382 1235 500 1308 carior
513 1250 598 1306 erat.

258 1357 304 1428 At
320 1357 476 1429 Caootus
492 1355 540 1428 ab
563 1353 747 1458 Alaburgo
768 1351 1015 1428 Liuthusium¹
1040 1369 1186 1452 petens,
1207 1352 1306 1452 apud
1326 1354 1429 1428 ritri-

126 1498 207 1548 curn
221 1477 435 1552 Sveroonem
457 1477 539 1552 exul
555 1477 773 1578 aliquamdiu
800 1479 1006 1554 demoratus
1022 1493 1084 1550 est
1133 1479 1225 1550 Huic
1242 1476 1430 1574 siquidem,

127 1601 245 1674 deciso
260 1601 406 1698 Magno,
432 1602 560 1674 Canuti
577 1617 688 1676 mater
707 1603 875 1702 conjugio
896 1603 1050 1675 obvenit.
1101 1601 1205 1672 'runc
1222 1624 1310 1674 vero
1327 1599 1430 1674 lace-

128 1743 177 1794 rte
190 1725 377 1796 Duorum
392 1746 450 1795 res
467 1721 694 1821 disjectaque
710 1723 821 1808 suere,
838 1751 932 1818 cum,
949 1726 1092 1797 interius
1109 1720 1226 1796 sociali
1243 1721 1342 1796 bello
1357 1723 1430 1795 fla-

129 1861 275 1942 gmnte,
296 1846 450 1918 exterius
473 1847 618 1942 piratica
644 1849 751 1944 pestis
774 1850 962 1946 ingrueret·
1035 1847 1150 1946 Cujus
1176 1843 1431 1944 propulsandas

128 1991 236 2042 causa
260 1971 377 2042 Saeuo
394 1970 457 2042 toti
471 1966 615 2042 Sclaviae
633 1967 769 2044 bellum
786 1969 947 2045 crebrius
973 1995 1083 2070 quam
1104 1974 1311 2067 prosperius
1335 1971 1432 2040 infe·-

129 2090 242 2164 rebat.
299 2095 425 2192 Neque
441 2097 534 2164 euim
552 2105 646 2164 tanta
669 2091 720 2163 illi
742 2095 779 2164 in
804 2089 934 2192 prreliis
958 2095 1240 2190 perseverantia,
1275 2107 1432 2190 quantus

128 2211 228 2286 furor
244 2229 356 2313 etque
371 2217 524 2313 impetus
540 2213 614 2287 suit.
670 2217 760 2289 Num
783 2238 867 2287 cum
882 2217 1042 2314 receptui
1055 2213 1242 2289 consulere
1264 2213 1433 2304 debebat,

130 2349 200 2407 tam
214 2335 320 2410 avide
337 2333 431 2412 littus
446 2353 614 2434 repetere
628 2343 820 2428 conaverit,
846 2355 885 2412 ut
902 2338 1076 2437 perfugae
1099 2336 1261 2410 reductio
1285 2307 1433 2410 videre?-

130 2473 195 2559 tur.
248 2461 374 2557 Neque
390 2483 539 2533 suorum
554 2459 588 2530 ei
604 2483 661 2532 res
678 2483 774 2534 curre
791 2459 909 2551 fuere,
926 2458 1124 2534 dummodo
1138 2461 1237 2558 prior
1258 2458 1336 2556 ipae
1361 2481 1434 2530 na-

130 2582 265 2680 vigium
291 2585 475 2678 rapuisset.
534 2581 623 2674 Quae
645 2583 739 2680 regis
761 2583 900 2681 ignavia
926 2597 1058 2656 tentam
1091 2578 1224 2654 Sclavis
1246 2580 1433 2654 audaciam

128 2701 239 2795 dedit,
264 2719 303 2780 ut
317 2703 448 2780 crebro
468 2707 590 2802 copies
606 2706 686 2801 ejus
703 2717 913 2780 revertentes
928 2711 1180 2806 opprimerent.
1229 2709 1312 2804 lpse
1330 2731 1433 2804 quo-

129 2851 200 2924 que
216 2826 435 2926 Wibergam,
457 2825 578 2900 adhuc
592 2828 800 2900 munimenti
816 2845 1006 2927 expertem,
1022 2855 1097 2928 quo
1114 2831 1231 2904 tutiori
1246 2829 1314 2903 sihi
1328 2851 1435 2900 rece-

128 2949 395 3048 peculatore,
411 2954 532 3022 terreis
548 2948 730 3022 moenibus
744 2949 885 3042 clausit,
911 2953 1121 3053 magnisque
1147 2979 1226 3026 eam
1254 2949 1435 3050 stipendiis
1521 2993 1524 3003 ·

129 3073 301 3146 instruxit.
346 3074 390 3144 At
408 3076 566 3146 Cenutus
583 3070 681 3171 apud
697 3073 849 3145 Suetium
864 3079 1021 3171 primum
1038 3077 1162 3148 vitrico
1179 3089 1335 3174 optatus,
1352 3099 1436 3146 mox

129 3211 281 3272 onustus
295 3193 421 3267 haberi
436 3193 558 3292 coepit,
583 3197 630 3266 ita
650 3211 688 3267 ut
702 3219 769 3293 pro
789 3197 1038 3294 comparandis
1054 3196 1234 3290 alimentis,
1262 3185 1436 3298 quicquid

127 3317 199 3392 iilic
222 3315 449 3416 praediorum
474 3311 699 3416 possederat,
725 3317 928 3394 venditaret.
985 3326 1109 3420 Neque
1134 3324 1227 3396 enim
1250 3319 1324 3394 ulla
1347 3345 1436 3420 geos

127 3439 336 3516 eruderant
358 3431 560 3538 promptius
587 3440 713 3537 recipit
745 3459 807 3514 out
836 3443 974 3517 facilius
999 3445 1144 3542 respuit.
1203 3441 1274 3520 Sed
1290 3460 1325 3517 et
1343 3421 1481 3518 filius..

126 3566 327 3654 Svercouis,
341 3563 507 3654 ioannes,
532 3575 571 3633 ut
588 3560 784 3660 plurimum
802 3583 982 3658 strenuus,
1007 3572 1054 3640 ita
1068 3591 1198 3667 parum
1214 3566 1367 3658 facetus,
1381 3567 1438 3638 ir-

125 3687 258 3758 risorio
272 3687 429 3758 carmine
445 3683 568 3782 fugam
584 3683 663 3780 ejus
679 3687 874 3786 praeliaque
893 3690 1059 3779 retexuit,
1082 3707 1117 3763 et
1135 3691 1237 3790 quasi
1251 3688 1437 3762 cantitenre

125 3813 251 3906 specie
269 3805 475 3906 pudibundi
492 3805 647 3883 bominis
665 3810 916 3885 verecundiam
939 3809 1125 3884 lacessivit.
1184 3815 1228 3884 Ut
1249 3816 1348 3908 enirn
1361 3809 1437 3882 ho-

124 3935 259 4030 spitem
277 3929 411 4003 rubore
427 3949 461 4002 et
476 3933 937 4042 contemptupperfunderee
964 3933 1143 4008 fortunam
1159 3935 1267 4032 ipsius
1281 3933 1437 4007 ludibrio

123 4051 304 4128 lacessere
319 4059 445 4152 coepit,
471 4055 697 4156 aspersisque
714 4060 802 4158 jocis
833 4075 867 4132 et
902 4058 1136 4158 ignominioso
1153 4056 1346 4132 verborum
1368 4083 1438 4158 ge-

121 4311 238 4372 nutns
254 4297 460 4395 opprobriis
479 4300 671 4393 irritatus1,
686 4305 829 4404 navigio
854 4321 1130 4404 commeatuque
1146 4321 1285 4404 empto,
1320 4302 1438 4404 pluri-

172 4547 183 4580 ¹
208 4539 405 4620 Lauriusiom]
422 4541 557 4606 Historia
578 4543 758 4630 Rnytlingo·
818 4547 939 4618 deese,
967 4544 1052 4607 locus
1068 4545 1192 4631 vestigia
1216 4547 1298 4611 orbis
1318 4565 1440 4616 servans

119 4668 195 4710 rum
222 4642 267 4730 (p.
286 4643 364 4726 354)
387 4646 480 4711 habet
509 4653 647 4714 hodius.
694 4655 756 4714 No·
816 4648 848 4711 in
881 4649 1063 4714 Gothlandie
1098 4653 1290 4734 occidentali,
1308 4667 1439 4745 quatuor

118 4769 199 4814 rnen
230 4751 320 4834 hujus
350 4752 411 4816 ioci
429 4756 540 4840 sepius
567 4756 598 4817 in
629 4757 755 4822 historia
817 4757 1091 4822 miliariisSuecicis
1101 4761 1304 4848 Gothoburgo
1318 4764 1441 4827 distans.

117 4857 511 4942 Srerreriregiroccurriu
522 4867 756 4928 nuncGammol·
861 4867 1018 4930 'Cantator
1032 4841 1196 4955 opprobriis
1217 4869 1366 4950 ri'rr'tates]
1385 4873 1441 4933 Le·
