3508 5460
611 313 939 389 WALDEMARUS
961 317 986 386 l.
1323 317 1398 393 813

135 518 320 616 cupiente,
346 517 550 596 discessuro
570 523 767 615 absalone,
793 527 979 624 quiescere
1004 539 1212 622 rogaretur,
1236 527 1452 622 pertinacis-

135 641 225 714 sime
236 641 407 740 precibus
419 642 632 740 obluctatus,
650 673 724 722 uon
738 653 840 746 prius
853 651 992 746 rogatui
1005 646 1120 739 cessit,
1137 669 1247 745 quam
1269 671 1332 719 rex
1352 673 1450 746 ope-

135 787 216 836 ram
232 789 272 838 se
295 762 463 840 daturum
487 767 726 868 polliceretur,
751 787 791 844 ut
808 795 893 842 eum
910 783 991 867 post
1007 764 1225 840 Absalonem
1240 770 1355 867 prima
1370 771 1452 844 luce

137 882 335 961 dimitteret.
391 892 504 964 Erant
534 895 654 966 auteni
680 918 741 968 sex
767 893 907 990 navigia
934 888 1153 992 Absalonem
1177 894 1398 987 comitantia,
1431 919 1453 966 e

138 1007 274 1106 quibus
290 1016 367 1104 tria,
389 1039 466 1112 quo
481 1015 707 1090 commodius
721 1017 810 1116 iguis
825 1013 991 1087 alimenta
1005 1013 1269 1107 contraherent,
1287 1019 1322 1089 in
1336 1041 1453 1114 supe·

135 1131 251 1206 riores
265 1139 373 1209 maris
389 1137 568 1212 anfractus
585 1153 840 1229 concesserant,
865 1161 947 1238 quae
967 1139 1199 1237 postmodum
1213 1155 1332 1230 estus,
1357 1137 1452 1240 sub-

138 1255 188 1328 ito
205 1280 373 1354 regressu
391 1256 573 1353 destituta,
606 1259 878 1360 coenopaludis
901 1261 1075 1353 affixerat,
1103 1262 1281 1336 Absalone
1304 1261 1453 1336 totidem·

139 1375 291 1453 residuis
311 1385 482 1456 exteriora
501 1389 602 1458 sinus
620 1387 711 1458 ostia
733 1381 999 1484 complectente.
1051 1387 1120 1478 Qui
1145 1410 1229 1458 cum
1255 1389 1466 1458 matutino¹'

140 1513 303 1600 tempore
318 1531 388 1578 una
404 1532 486 1579 cum
501 1507 623 1580 scriba
634 1531 701 1582 suo
717 1508 921 1607 religiosum
938 1505 1116 1604 psallendi
1133 1510 1239 1581 ritum
1260 1522 1453 1608 perageret,

140 1623 419 1702 tumultuatione
439 1633 578 1702 eminus
603 1629 756 1722 audita,
778 1627 953 1729 quidnam
977 1629 1048 1704 boc
1069 1647 1177 1722 esset,
1204 1645 1453 1706 concentorem

138 1742 314 1846 dispicere
326 1751 438 1858 jubet
491 1757 573 1848 Quo
589 1778 722 1828 novem
739 1753 866 1854 longas
880 1777 991 1828 naves
1007 1777 1080 1826 use
1098 1755 1255 1851 prospici
1269 1753 1454 1844 referente,

139 1869 273 1966 piratas
301 1899 479 1952 essenon
505 1875 692 1967 dubitans,
727 1893 913 1952 stertentes
943 1873 1064 1950 adbuc
1087 1877 1239 1977 remiges
1268 1875 1339 1950 elta
1361 1899 1454 1950 voce
1567 1893 1570 1902 '

139 1994 341 2093 compellat.
393 2001 535 2094 Quibus
552 2025 694 2074 summo
717 1979 800 2074 cum
822 2015 970 2098 stupore
991 1998 1230 2089 exilientibus,
1254 2025 1321 2072 nec
1344 2016 1454 2089 reste,

139 2115 205 2188 sed
222 2121 328 2193 armis
346 2147 499 2221 corpora
513 2123 803 2222 protegentibus,
828 2125 992 2196 ocissime
1008 2122 1130 2196 hostes
1148 2120 1343 2221 petendum
1359 2119 1454 2196 hor·

140 2254 253 2338 tatur;
278 2268 437 2341 quorum
457 2249 531 2346 jam
554 2261 650 2320 tanta
670 2246 829 2319 vicinitas
853 2225 1092 2335 sentiebatur,
1118 2260 1157 2318 ut
1179 2245 1227 2318 ab
1246 2248 1294 2320 eis
1318 2245 1454 2320 crebris

139 2361 300 2440 silicibus
324 2366 641 2442 contunderentur.
705 2371 800 2460 Quin
826 2371 933 2440 etiam
969 2365 1134 2440 anchorae
1171 2367 1319 2458 vinculis
1347 2393 1455 2442 rutn-

138 2485 272 2586 pendse
295 2513 405 2564 morae
421 2494 534 2591 gratia
555 2491 728 2582 discissis,
752 2493 941 2592 remigium
963 2495 1081 2564 exerit.
1132 2493 1177 2563 At
1194 2490 1328 2584 Sclavi,
1354 2489 1456 2564 iacile

138 2613 269 2686 nostris
283 2627 417 2688 metum
432 2616 576 2714 injicere
594 2619 658 2688 rati
667 2669 677 2706 ,
702 2637 745 2688 ac
759 2613 869 2688 veluti
882 2615 1042 2711 ipsorum
1060 2615 1197 2688 animos
1213 2611 1369 2689 horridis
1380 2637 1455 2687 vo·

140 2731 247 2808 cibus
269 2733 490 2832 hebetaturi,
522 2711 655 2838 ingenti
687 2734 843 2811 clamore
872 2735 986 2830 edito,
1021 2735 1232 2837 obstrepere
1257 2751 1456 2835 coeperunt

140 2857 252 2952 Quod
267 2875 464 2958 postquam
480 2861 612 2936 frustra
626 2886 666 2935 se
682 2876 827 2935 conatos
843 2859 1136 2951 animadvertere,
1162 2859 1363 2960 diffugiunt,
1385 2885 1455 2934 eo-

138 3007 296 3082 rumque
316 2987 400 3059 ratis
423 3011 493 3058 una
518 3010 601 3059 cum
626 2986 800 3060 universis
824 2982 1021 3082 remigibus
1042 2985 1247 3081 intercepta.
1299 2981 1371 3058 Sed
1391 3009 1458 3057 nec

139 3107 279 3180 Ursinus
296 3105 429 3205 sylvae²
454 3106 593 3182 latebra
611 3106 658 3181 ad
673 3133 713 3183 se
728 3105 1002 3184 decurrentibus
1018 3105 1183 3182 subsidio
1197 3106 1277 3196 fuit,
1302 3109 1457 3208 agresti·-

139 3231 215 3305 bus
230 3256 309 3304 eam
328 3233 503 3306 curiosius
518 3229 800 3332 perlustrandum
820 3228 1064 3304 curantibus³.

275 3355 329 3425 ua
348 3371 554 3454 tempestate
569 3355 772 3446 EsbernuS,
798 3354 925 3428 urbem
945 3349 1171 3426 Kalandam⁴
1195 3351 1349 3444 molitus,
1374 3360 1457 3428 novi

134 3477 349 3552 munimenti
366 3477 532 3580 praesidio
546 3495 691 3580 portum
708 3476 826 3553 hostili
838 3468 990 3576 'piratica
1003 3474 1156 3550 liberum
1172 3481 1340 3574 praestitit.
1378 3480 1460 3576 Ipse

191 3754 380 3852 'MututriroJ
414 3773 500 3834 Haec
535 3779 581 3832 est
615 3765 773 3850 Stepbaoii
831 3766 907 3828 mius
928 3765 964 3843 (l.
978 3787 1004 3829 c.
1018 3767 1085 3843 Vll,
1098 3761 1158 3827 351
1179 3762 1249 3850 sip),
1278 3785 1458 3830 consensum

136 3876 318 3942 emendatio
340 3875 495 3954 lectionis,
521 3895 611 3960 quam
646 3871 693 3937 ed.
726 3895 774 3956 pr.
830 3873 988 3956 utriusque
1019 3869 1202 3932 narrationis
1235 3889 1295 3930 non
1326 3871 1460 3934 animati·
1530 3921 1533 3938 ,

133 3982 247 4062 babet,
263 3989 419 4050 mardrino.
439 3983 505 4062 (V.)
833 3992 967 4055 certene,
996 3975 1034 4040 ad
1057 3997 1168 4040 aunum
1196 3973 1279 4039 1170
1305 3976 1460 4062 pertinere

189 4093 327 4154 'Ursum
344 4089 446 4176 syloe]
468 4089 660 4174 Bilirneltjaer
674 4091 775 4168 Siron
831 4097 927 4172 putat.
944 4085 1011 4166 (Vt)

133 4195 206 4262 vicl.
226 4195 323 4259 Subur
345 4199 364 4260 l.
386 4216 413 4260 c.
434 4220 466 4282 p.
490 4195 563 4262 235.
877 4194 1005 4257 ‘Urbem
1018 4187 1199 4267 liutardum]
1211 4193 1298 4252 Nunc
1315 4189 1460 4253 lialluntl·

191 4307 310 4367 ³Erunt
332 4321 428 4366 autem
447 4329 499 4366 ses
518 4308 640 4388 nauigia
662 4347 687 4367 ..
703 4329 774 4392 pcr-
831 4299 920 4384 berg·
967 4298 1048 4364 Urbs
1069 4316 1179 4359 nomen
1203 4295 1317 4357 exaltu
1338 4297 1461 4361 traxisse

129 4413 329 4479 lustrandum
339 4407 526 4488 ,curanu'busJ
538 4411 614 4504 Quae
629 4407 689 4472 boc
704 4411 774 4472 loto
832 4405 962 4469 ridetur.
1005 4401 1134 4468 condita
1157 4401 1238 4466 enim
1268 4415 1314 4464 eat
1342 4402 1373 4464 in
1400 4425 1462 4467 me·

128 4544 152 4584 a
181 4519 302 4580 Saxone
338 4529 511 4593 narrantur,
540 4513 649 4601 procul
683 4512 777 4577 dubio
833 4509 889 4574 diis
911 4511 1003 4593 sylvis
1023 4508 1066 4580 „ad
1088 4511 1187 4571 sinum
1207 4507 1313 4587 maris,
1346 4509 1462 4593 inquo

129 4621 250 4691 eadem
270 4621 323 4684 illa
350 4633 440 4701 sunt,
470 4643 539 4708 quae
573 4633 679 4687 auctor
706 4621 776 4684 hist.
833 4621 936 4680 multae
958 4636 1122 4679 corvorum
1135 4627 1267 4679 catervae
1288 4627 1463 4700 perstrepe·

125 4729 245 4812 rtnytl.
263 4747 330 4815 cap.
351 4717 414 4791 124
433 4723 606 4812 (pag-390)
624 4726 776 4790 aliotem·
832 4725 914 4789 bant.
958 4729 1005 4788 Ka
1023 4722 1086 4788 sive
1106 4727 1173 4786 Koa
1195 4733 1246 4792 est,
1262 4739 1371 4788 currus
1397 4743 1462 4785 mo-

126 4855 220 4926 pore
241 4847 325 4921 gesta
344 4854 409 4900 esse
423 4833 530 4916 refert,
552 4847 582 4899 et
602 4855 671 4920 que
697 4831 774 4899 Sub·
831 4817 940 4897 nedula
954 4825 1082 4914 (Lina),
1102 4829 1190 4894 Lund
1209 4829 1300 4912 sylva.
