3536 5462
608 240 939 316 WALDEMARUS
960 245 987 314 l.
1357 241 1431 314 937

164 453 345 526 Sunonem
370 463 404 524 et
418 449 643 538 Esbemnm,
668 447 835 524 homines
849 466 947 526 extra
962 451 1124 532 suniam
1141 467 1250 542 ortos,
1272 453 1352 550 ejus
1368 449 1479 527 rebus

163 598 320 677 praeesse
336 576 557 671 pateretur1,
583 571 863 666 affirmantibus,
889 572 998 648 finem
1022 572 1188 649 seditioni
1203 573 1301 662 iore,
1326 598 1409 671 quae
1428 573 1478 650 ob

161 698 278 775 sclam
293 719 418 768 eornm
436 693 663 795 petulantiam
683 701 860 794 coeperit²
871 750 882 788 ,
907 698 937 772 si
960 697 1250 796 procurationem
1275 677 1401 770 exteris
1416 714 1479 772 at-

162 823 333 898 tributam
351 815 398 890 ad
413 814 601 916 indigenas
625 817 805 892 transferri
821 834 1013 909 curasset,⁸
1032 817 1192 892 invidere
1214 841 1277 892 eos
1294 823 1388 918 regis
1404 845 1478 919 po-

161 946 280 1020 tentiae
304 938 507 1038 respondit,
540 942 646 1038 cujus
666 941 703 1012 in
725 939 852 1016 dandis
877 939 1063 1016 beneficiis
1088 941 1274 1016 arbitrium
1300 941 1478 1042 abrogare

162 1075 328 1144 nitantur.
378 1066 422 1136 Se
446 1060 548 1162 vulgi
567 1065 738 1138 saevitiam
757 1066 905 1163 experiri
933 1089 1043 1163 quam
1066 1069 1246 1164 regiarum
1264 1089 1387 1138 rernm
1402 1064 1478 1140 do-

161 1192 330 1279 minium,
363 1200 416 1258 tot
435 1181 651 1290 saeculorum
681 1189 913 1286 usurpatione
937 1185 1139 1280 firmatum,
1171 1185 1340 1262 insidiosa
1367 1213 1476 1286 prece

160 1315 340 1392 subruere
356 1304 472 1380 ntalle.
525 1310 618 1381 Tum
637 1307 699 1399 illi,
724 1333 868 1382 omnem
884 1311 1176 1384 consternationis
1190 1309 1327 1384 rabiem
1342 1312 1378 1383 in
1395 1313 1477 1410 ejus

158 1451 270 1536 caput
291 1427 544 1506 effundendum
571 1431 710 1523 minati,
749 1432 941 1530 superbius
964 1457 1072 1531 aequo
1093 1457 1311 1532 responsum
1333 1431 1477 1507 dedere.

160 1557 293 1636 lisdem
309 1580 330 1628 a
348 1578 451 1653 rege,
476 1551 649 1651 quidnam
672 1555 872 1655 mitigandis
897 1557 1032 1628 Scaniae
1053 1554 1165 1630 rebus
1189 1554 1478 1630 efficacissimum

160 1697 270 1772 esset,
301 1677 541 1776 interrogatis,
575 1676 689 1752 solam
719 1681 799 1778 ejus
829 1677 1038 1777 epistolam,
1072 1704 1156 1777 quae
1181 1678 1315 1753 blanda
1342 1681 1476 1778 asperis

158 1830 266 1882 certae
280 1799 534 1876 moderationis
550 1815 832 1899 temperamento
841 1803 1016 1894 misceret,
1031 1800 1117 1876 huic
1134 1800 1302 1876 tumultui
1317 1799 1476 1876 sedando

158 1929 388 2006 suffecturam
412 1921 591 1996 dicebant.
627 1909 812 2015 ¹<luorum
833 1923 1000 1998 instinctu
1023 1950 1086 2000 rex
1117 1924 1263 2024 plebem
1291 1925 1475 1997 Scanicam
1559 1936 1561 1948 '

159 2053 276 2155 plenis
300 2049 477 2122 minarum
506 2045 615 2152 literis
639 2068 849 2143 aggressus,
875 2071 948 2121 uon
970 2072 1100 2146 parum
1119 2049 1319 2120 nutrimenti
1339 2045 1476 2144 publici

159 2175 293 2252 luroris
315 2167 478 2245 incendio
498 2166 645 2241 addidit.
692 2167 875 2266 Siquidem
898 2169 1099 2269 indignatus
1120 2169 1288 2270 populus,
1308 2194 1391 2242 eum
1408 2168 1474 2242 ad-

160 2321 306 2374 versum
320 2319 360 2368 se
376 2289 669 2368 concitatioribus
689 2295 782 2364 notis
796 2316 924 2382 usum,
949 2289 1141 2368 adversum
1166 2292 1265 2366 hunc
1293 2291 1475 2366 scribendi

158 2443 290 2496 ausum
306 2419 396 2490 iram
416 2438 519 2490 suam
540 2415 698 2488 severius
729 2411 982 2517 destringendo
1007 2418 1127 2491 omnia
1150 2413 1369 2516 vectigalium
1393 2416 1475 2514 jura

154 2542 350 2618 solenniter
366 2535 576 2638 abroganda
600 2535 745 2610 curavit.
795 2538 1019 2615 Pontificales
1034 2564 1183 2640 quoque
1202 2537 1358 2612 decimas
1383 2561 1474 2610 exe-

156 2681 296 2754 cratus,
322 2658 568 2736 sacerdotibus
585 2659 755 2758 conjugia
775 2657 999 2736 decemehat
1051 2668 1215 2758 Quorum
1240 2661 1343 2736 etiam
1373 2682 1474 2733 sacra

158 2957 304 3034 diderim,
338 2953 426 3018 illurn
458 2949 591 3035 intelligi
616 2951 789 3031 achonem,
844 2952 942 3035 620:
977 2957 1079 3041 Atque
1109 2953 1181 3019 huic
1202 2953 1338 3031 auctori,
1364 2949 1404 3014 de
1427 2949 1473 3012 bi·

155 3065 212 3152 qni
227 3077 348 3149 patrem
361 3061 499 3126 babuerit
511 3059 677 3141 stipatum,
694 3058 789 3122 Sldal·
843 3062 938 3126 storia
959 3074 1064 3125 nostra
1082 3061 1159 3126 bene
1183 3063 1313 3138 merito,
1346 3059 1473 3123 Saxonis

135 3173 257 3248 ,monis
282 3166 405 3233 candidi
427 3176 571 3250 nepotem
598 3184 616 3226 e
644 3161 707 3227 tilio
727 3169 788 3228 'l'u·
843 3170 970 3234 historia
991 3168 1108 3232 Dacica
1128 3169 1283 3232 notissima
1304 3179 1378 3230 erat.

153 3279 252 3356 lrone,
292 3275 393 3360 primo
431 3269 608 3336 monasterii
648 3269 787 3332 Serennia
888 3279 1000 3362 ²Qnoe
1024 3277 1060 3338 ob
1084 3277 1176 3340 solam
1277 3273 1407 3361 caperit]
1442 3275 1473 3334 ln

156 3383 321 3448 fundatore
352 3379 401 3460 (v.
421 3382 487 3441 Scr-
506 3379 544 3439 R·
565 3377 644 3437 Det·
674 3381 711 3438 T·
736 3380 789 3454 lV,
843 3383 979 3448 chronic.
1000 3381 1162 3446 Sialandiae
1189 3383 1209 3443 l.
1227 3399 1253 3444 c.
1281 3378 1342 3442 boc
1362 3377 1472 3440 dicitnr

154 3514 188 3577 Ρ·
207 3487 291 3566 ⁵441
310 3479 374 3550 554
396 3497 426 3547 0²
449 3483 568 3546 'hb-1¹
592 3479 628 3543 nd
651 3504 682 3564 P·
702 3473 789 3561 544).
843 3489 983 3554 seditioni
993 3490 1230 3574 proprieansam
1246 3485 1375 3560 dedisse,
1390 3483 1474 3568 quod

157 3599 230 3689 Quo
252 3605 384 3664 tuturo,
409 3602 497 3674 putet*
515 3585 650 3652 Asslfflsslt
665 3601 789 3672 patrue·
841 3597 980 3683 proedr'ctt'
1017 3597 1231 3680 crcltt'eprlrrcpr'
1264 3609 1474 3680 procuratores

156 3705 196 3768 lis
216 3713 283 3764 erat
306 3697 476 3764 theutonia.
842 3702 1032 3764 orr'erttelr'dns
1063 3701 1223 3762 induerint
1252 3699 1472 3768 Scanr'ertsr'bus,

216 3809 323 3890 ¹Ejus
352 3807 437 3868 rebus
464 3825 590 3889 praeesse
618 3797 786 3886 pateretur]
843 3823 876 3868 nt
904 3807 1022 3868 ardores
1048 3811 1180 3889 integras
1213 3819 1243 3865 et
1273 3806 1376 3886 legra,
1410 3825 1473 3884 qno:

136 3905 259 4005 'Quum
278 3933 315 3978 0¹
337 3909 400 3988 Μὴ
423 3923 489 3972 2⁰¹³
508 3927 544 3970 ⁰¹
566 3907 621 3984 ἥθ’
643 3927 713 3990 ‘1⁰ae
740 3925 787 3968 ὅθ·
842 3915 936 3978 incidi
946 3913 1087 3998 sererent
1109 3917 1140 3974 in
1162 3912 1274 3995 sylvis,
1300 3910 1473 3990 ubr'J'umen-

153 4033 303 4106 quantor,
311 4019 384 4084 artis
395 4026 533 4100 apparet,
546 4015 696 4076 Saxonem
706 4013 787 4076 viros
841 4039 937 4084 rorum
969 4021 1069 4084 aditus
1098 4021 1212 4079 mimine
1239 4018 1341 4078 huleri
1363 4017 1473 4102 potuit,
1591 4041 1602 4060 x

152 4125 331 4190 nominatos
347 4148 378 4192 ta
407 4142 481 4206 rege
504 4119 712 4188 exactionum
739 4139 787 4182 tt·
844 4129 887 4192 nd
897 4126 1148 4190 locnmtrnlrerent
1163 4125 1384 4210 praesignatum.
1402 4121 1473 4182 Sca·

153 4233 213 4316 gli!
229 4231 395 4318 pfflfeclos
417 4227 558 4292 70105880·
603 4229 695 4288 ‘resta
716 4243 789 4288 Vtro
842 4238 956 4297 rtr'enrer
976 4235 1085 4317 igitur,
1107 4234 1137 4292 r'rr
1155 4245 1312 4292 tantumne
1325 4228 1475 4288 burnilt'cri

151 4350 281 4404 auclore
316 4336 533 4404 chronicorum
568 4333 724 4394 Dumium
759 4343 790 4394 θῒ
842 4363 901 4402 non
919 4342 1110 4412 susttirentes,
1131 4335 1309 4396 vehementer
1323 4334 1474 4416 indaganti

152 4443 310 4530 praecipue
326 4443 499 4522 sialandia,
519 4438 655 4523 Abetlon
672 4437 788 4500 archie-
842 4461 921 4509 sunt.
968 4445 1121 4506 Caeterum
1144 4438 1181 4502 de
1202 4459 1290 4503 causa
1311 4437 1401 4522 hujus
1427 4457 1472 4500 se·

150 4553 298 4638 piscopos
319 4551 375 4614 bos
390 4549 472 4635 ipsos
485 4572 575 4634 snper
591 4533 788 4633 possersrbne's
842 4547 968 4613 ditionis
981 4547 1190 4612 Scanienrium
1201 4545 1277 4610 etde
1288 4541 1348 4608 lide
1361 4543 1471 4608 Saxoni

149 4659 415 4748 arcliepr‘rcopnlcs
432 4673 461 4719 et
489 4659 658 4718 exactrbnes
680 4657 787 4714 consti·
842 4654 1000 4718 historiam
1015 4653 1081 4736 ejus
1094 4651 1230 4718 narranti
1247 4649 1386 4716 babenda
1404 4648 1471 4712 ride

152 4770 213 4830 tuit
237 4761 718 4849 (r.srripttss,nan'r.11‚
753 4779 806 4844 p.·
840 4773 903 4824 not.
930 4760 1062 4826 uberior.
1085 4757 1123 4824 ad
1145 4759 1230 4824 Libr.
1254 4759 1334 4824 xt't.
