3524 5460
366 313 440 391 664
669 317 845 388 HISTOR.
858 313 964 385 DAN.
976 315 1115 385 LIBER
1129 313 1223 386 XIV.

447 531 555 604 Forte
588 539 704 598 autem
736 526 975 623 interipsum
1024 513 1373 623 Roiltildensemque
1401 523 1621 624 pontificem,

316 648 502 739 Eskillum,
525 648 710 720 inimicitiae
733 652 902 745 primum,
927 673 1011 722 mox
1032 645 1220 720 seditiones
1236 645 1437 721 adolevere.
1490 651 1570 740 Qua
1586 652 1623 718 in
1662 634 1670 648 ’

315 799 355 847 re
375 775 517 845 antistes
530 775 631 858 Petri,
646 769 796 844 Botildae
811 769 885 862 filii,
907 769 1116 869 collegium¹
1138 784 1274 862 nactus,
1296 771 1490 858 autoritate,
1510 791 1623 867 quam

314 898 466 994 primam
482 901 572 966 iuter
589 890 833 968 sialandenses
858 892 1028 982 habebat,
1052 891 1088 964 in
1103 894 1197 990 regis
1226 915 1289 966 eos
1312 891 1435 965 odium
1458 897 1624 982 concitat,

316 1016 525 1114 viribusque
540 1012 697 1113 publicae
713 1015 1001 1092 consternationis
1018 1011 1166 1112 adjutus
1181 1013 1366 1087 Sialandiae
1388 1037 1470 1086 eum
1495 1017 1624 1088 termi-

316 1140 370 1212 nis
388 1136 493 1236 pellit.
548 1141 629 1229 Quo
650 1155 784 1232 exacto,
803 1136 1059 1240 provincialem
1076 1133 1256 1234 populum
1276 1163 1312 1208 m
1333 1139 1537 1210 societatem
1560 1135 1624 1208 la-

269 1283 271 1292 ’
314 1262 437 1334 ottonis
453 1261 523 1334 sub
539 1259 639 1334 titulo
655 1259 825 1335 libertatis
841 1259 1012 1354 adsciscit,
1032 1285 1054 1332 a
1069 1259 1245 1356 suspectis
1261 1257 1407 1335 obsides
1421 1261 1517 1356 petit.
1549 1261 1623 1330 So-

316 1383 371 1457 los
394 1406 478 1456 vere
502 1380 713 1457 Skialmonis
738 1381 831 1456 filios
853 1380 1035 1458 seditionis
1063 1382 1280 1456 consortium
1313 1380 1546 1458 detrectantes
1576 1379 1625 1452 ad

316 1505 494 1606 populare
507 1505 695 1580 concilium
714 1521 852 1595 evocat,
877 1522 924 1597 et,
938 1509 974 1577 ni
991 1521 1121 1580 statuta
1136 1502 1195 1576 die
1210 1500 1356 1578 obsides
1373 1502 1521 1595 tradant,
1546 1504 1626 1577 bo-

318 1624 372 1700 nis
387 1629 556 1703 carituros
571 1631 730 1702 minatur.
783 1627 839 1700 Illi
854 1653 942 1703 vero
962 1628 1010 1701 ad
1025 1632 1232 1701 concionem
1248 1631 1419 1724 pervecti,
1433 1651 1498 1700 uec
1520 1627 1627 1698 minis

318 1755 397 1822 victi
423 1775 490 1822 nec
503 1749 691 1824 bonorum
717 1775 826 1850 poena
852 1751 1021 1841 mulctati,
1044 1748 1200 1824 solidum
1222 1766 1366 1822 tenuere
1387 1751 1626 1846 propositum.

320 1869 390 1944 Sed
407 1888 447 1944 ut
464 1872 511 1944 ad
525 1897 588 1948 eos
605 1875 793 1971 impunitas
806 1872 1037 1964 redundavit,
1063 1874 1109 1946 ita
1127 1870 1174 1945 ad
1194 1871 1371 1945 Eskillum
1392 1895 1501 1970 poena
1529 1895 1626 1944 con-

320 1996 432 2068 cessit.
484 1997 583 2096 Rege
604 1997 697 2070 enim
721 2021 803 2070 cum
820 1997 933 2068 Jutica
951 1996 1062 2070 classe
1074 2019 1237 2086 reverso,
1263 1997 1394 2093 patris²
1421 2015 1464 2065 ae
1480 1979 1640 2091 patrut³'

318 2117 516 2191 interventu
538 2143 646 2210 usus,
678 2121 800 2192 vicena
828 2119 905 2190 auri
927 2117 1076 2190 talenta⁴
1104 2116 1247 2190 mulctae
1264 2117 1414 2204 ¹nomine
1441 2114 1626 2214 persolvit.

319 2241 441 2312 Petrus
459 2264 558 2332 vero,
583 2240 661 2314 fatis
681 2247 755 2316 suis
772 2241 938 2314 ultionem
960 2239 1279 2340 praecurrentibus,
1311 2264 1471 2336 poenam,
1499 2263 1583 2338 quae
1605 2265 1628 2312 a

320 2385 407 2461 rege
423 2363 628 2460 parabatur,
663 2361 793 2464 effugit.
847 2367 915 2436 Per
940 2363 1068 2437 eadem
1086 2379 1260 2464 tempora,
1282 2362 1477 2438 decedente
1492 2367 1628 2437 Ascero

320 2483 520 2579 Lundensi,
545 2485 592 2559 de
606 2489 692 2561 novi
708 2485 866 2560 antistitis
889 2484 1092 2560 suffectione
1110 2485 1295 2559 dividuum
1313 2494 1407 2585 regis
1432 2509 1475 2558 ac
1496 2485 1628 2585 populi

320 2604 527 2706 suffragium
550 2610 625 2682 luit.
689 2608 871 2708 Siquidem
897 2610 1098 2684 scanienses
1123 2609 1174 2686 ob
1197 2610 1337 2708 egregia
1360 2611 1478 2682 Asceri
1501 2611 1627 2682 merita

320 2728 506 2820 Eskillum,
522 2735 713 2804 arctissima
730 2734 762 2803 ei
778 2734 1079 2830 consangvinitate
1098 2734 1273 2830 junctum,
1297 2758 1343 2804 ue
1359 2733 1580 2831 pontificium
1604 2759 1626 2806 a

319 2849 453 2924 familia
477 2850 691 2945 discederet,
730 2852 905 2952 suffragiis
932 2853 1203 2952 amplectuutur.
1270 2857 1345 2926 Rex
1367 2879 1466 2948 vero,
1489 2859 1627 2930 rubore

317 2974 507 3076 ingestionis
524 2979 736 3048 ammonitus
753 2995 871 3073 neque
885 2999 1034 3050 suorum
1048 2975 1227 3050 inEskillo
1244 2975 1461 3054 dedecorum
1481 2979 1627 3074 oblitus,

320 3097 495 3170 Rikooem
518 3095 779 3188 Slesvicensem,
806 3098 869 3197 qui
891 3124 1010 3197 nuper
1029 3097 1183 3171 Athero⁵
1212 3115 1440 3191 successerat,
1464 3099 1567 3200 quod
1588 3107 1628 3175 in

319 3218 490 3320 potiendo
507 3243 619 3318 regno
634 3218 797 3292 familiari
821 3222 898 3318 ejus
923 3245 1035 3320 opera
1058 3243 1146 3294 usus
1170 3220 1304 3313 luerat,
1337 3247 1462 3295 eorum
1480 3224 1629 3297 arbitrio

320 3341 542 3441 praelerebat.
608 3345 679 3414 Nec
703 3357 820 3414 tamen
833 3341 911 3416 haec
932 3360 1011 3416 vota
1034 3343 1154 3442 palam
1178 3343 1226 3416 ad
1242 3343 1340 3417 litem
1357 3363 1391 3418 et
1408 3363 1629 3419 controver-

320 3469 409 3538 siam
434 3488 623 3564 progressa
647 3463 802 3556 fucrant,
845 3466 963 3540 Scanis
989 3483 1085 3538 metu
1111 3475 1318 3539 sententiam
1350 3467 1629 3543 occultantibus,

319 3586 458 3660 Eodem
473 3603 632 3686 tempore
641 3586 773 3687 Plogus
785 3587 968 3686 quidam⁰,
978 3589 1075 3662 claro
1085 3592 1176 3662 inter
1190 3593 1294 3664 lutos
1305 3589 1387 3664 loeo
1399 3608 1515 3684 natus,
1528 3609 1634 3666 tam-

366 3826 570 3915 ¹Collegium]
606 3827 776 3914 Collegium
814 3832 942 3914 proprie
1003 3845 1142 3916 tempore
1155 3842 1186 3892 et
1201 3830 1266 3894 siue
1281 3829 1373 3894 dubio
1391 3831 1450 3894 iam
1472 3833 1531 3896 laec
1551 3845 1637 3898 aeta·

319 3934 656 4020 societatemsignilioat
680 3935 771 4000 medii
792 3938 850 3999 aevi
869 3939 942 4001 seri·
1001 3949 1032 4000 te
1059 3937 1285 4023 respondebant
1313 3947 1435 4000 centum
1469 3941 1638 4023 sexaginta

320 4037 467 4128 ptoribus.
488 4041 539 4124 (S)
1000 4045 1108 4110 marcis
1138 4042 1303 4128 argenteis,
1342 4065 1469 4127 quarum
1496 4046 1640 4130 singulae

366 4149 505 4228 2Ροιτνέε]
521 4149 709 4226 christierni,
719 4147 777 4210 viri
794 4149 940 4230 potentis,
998 4148 1064 4214 lere
1079 4146 1118 4212 16
1129 4151 1262 4212 thaleros
1277 4161 1438 4233 argenteos
1454 4163 1486 4212 et
1497 4149 1538 4212 tt
1554 4153 1643 4214 soli-

321 4257 458 4340 partibus
470 4257 554 4318 Erici
567 4254 770 4317 addictissimi.
816 4247 828 4302 l
1000 4254 1056 4318 dos
1073 4269 1187 4319 nostrae
1199 4251 1330 4320 monetae
1347 4255 1518 4340 aequabant.
1540 4257 1644 4335 (vid.

366 4359 510 4440 ³Patrui]
531 4362 733 4424 christiernua
758 4360 861 4444 plures
890 4361 944 4424 ha·
1000 4363 1022 4422 1.
1049 4362 1088 4424 ld.
1119 4363 1283 4428 Velschow
1313 4363 1346 4424 iu
1379 4361 1511 4426 Nordislt
1538 4363 1646 4428 'lide-

249 4493 256 4500 ·
321 4463 388 4527 buit
404 4461 513 4528 fratres
530 4489 639 4552 magna
654 4468 816 4532 autoritate
829 4465 943 4530 llorer-
1001 4465 1091 4531 sltrilt
1105 4471 1175 4534 Vol.
1192 4471 1230 4536 111
1245 4493 1275 4553 p.
1290 4465 1376 4549 389).

321 4583 367 4634 tes
376 4570 451 4650 (vid.
463 4573 611 4656 Scriptor.
630 4593 688 4636 rer.
702 4570 941 4658 Danic.lp.43).
1047 4573 1187 4652 ‘AttemJ
1203 4575 1348 4657 Stephon.
1367 4573 1460 4638 hebet
1471 4579 1612 4642 Alieno.
1758 4659 1759 4668 ἵ

366 4681 499 4740 ‘chna
514 4683 582 4741 anri
600 4678 725 4760 talenta]
744 4685 790 4744 Ex
812 4703 865 4744 usu
887 4685 942 4746 Sa·
1046 4681 1181 4763 ‘Plagae
1200 4679 1330 4763 quadam]
1355 4685 1445 4744 Hunc
1467 4690 1649 4766 cognomi·
1758 4679 1759 4690 ¹

320 4783 406 4850 xouis
420 4783 527 4868 viginti
542 4803 652 4846 nrarcae
666 4785 877 4870 intelliguntur
891 4811 943 4850 au·
1000 4803 1038 4845 ne
1059 4783 1137 4867 nigri
1163 4782 1255 4848 luisse
1278 4787 1472 4872 insignitum,
1510 4801 1650 4860 testan-

321 4891 363 4970 ti,
391 4912 460 4976 quae
477 4903 558 4952 certe
581 4890 754 4957 valdemari
775 4893 940 4960 Victoriosi
998 4901 1046 4953 tus
1063 4893 1163 4954 Sveno
1176 4893 1314 4977 Aggonis
1331 4907 1362 4958 et
1379 4893 1515 4958 Historia
1529 4895 1653 4984 llnyt.
