3524 5460
392 295 467 372 roo
602 277 606 284 ’
712 295 1162 368 antenominati
1179 295 1272 372 xta.

337 533 504 602 servare3
515 529 601 608 pars
618 503 703 578 loco
714 503 796 596 sibi,
814 529 899 602 pars
912 519 1004 578 tecto
1019 504 1209 580 consulere
1217 533 1230 599 3¹
1241 511 1349 596 aeris,
1368 533 1443 582 non
1458 529 1634 608 manca

338 634 510 709 saevitiam
524 634 562 704 in
572 642 669 702 metu
686 632 880 724 reponem
902 632 1018 701 cuncti
1035 626 1119 725 plus
1135 627 1270 704 coelum
1287 655 1399 729 quant
1418 631 1556 706 bostem
1572 653 1634 704 ca-
1745 623 1746 636 ¹

337 781 434 830 vere.
488 748 746 830 Werendenses
772 765 910 840 autem,
942 749 1064 848 quoad
1086 751 1180 850 regis
1201 759 1352 851 gratiam
1371 759 1635 853 paciscerentur,
1745 743 1746 831 ξ

337 882 403 954 iter
417 879 630 974 intercipere
643 876 838 970 cupientes,
865 875 966 948 eaesis
990 875 1220 967 nemoribus,
1245 891 1454 951 tremorum
1470 875 1636 950 arborum
1745 863 1746 918 7

336 1000 556 1100 coagmentis
580 996 749 1086 faucium,
774 1019 866 1092 quas
895 1013 1140 1094 permeaturns
1167 1013 1278 1087 essct,
1309 1015 1457 1098 angusta
1479 995 1634 1096 praeelu-

335 1123 436 1197 dunt.
467 1125 589 1194 Tantis
601 1114 775 1216 siqnidem
793 1121 1121 1218 circumjacentium
1139 1128 1285 1217 rupium
1302 1121 1522 1198 anfractibus
1535 1119 1636 1194 clau-
1745 1105 1746 1196 J

337 1245 533 1335 debentur,
556 1258 595 1316 ut
611 1242 751 1338 absque
767 1242 898 1338 ingenti
911 1239 1100 1341 dispendio
1124 1269 1145 1316 a
1173 1233 1282 1320 latere
1304 1247 1478 1344 praeteriri
1506 1243 1635 1340 nuqui-
1745 1311 1746 1327 ,

335 1384 423 1444 rent.
476 1371 641 1460 Quorum
655 1389 748 1437 ausu
767 1389 830 1436 rex
845 1369 934 1436 inter
951 1365 1193 1440 coenitandum
1215 1375 1382 1465 accepto,
1399 1391 1510 1440 morae
1526 1365 1635 1440 ottenb
1745 1459 1746 1466 ἵ

335 1492 533 1588 impatiens,
558 1487 729 1562 discussis
745 1491 896 1576 mensis,
926 1513 1062 1586 equum
1079 1489 1229 1584 involat,
1247 1492 1492 1589 militibusque
1516 1487 1636 1562 adesse

333 1614 454 1714 jussis,
470 1609 518 1684 ad
531 1635 660 1709 rupem
668 1612 827 1683 cunutus
842 1609 965 1702 fertur,
974 1609 1117 1710 indigne
1129 1613 1258 1704 ferens,
1274 1629 1474 1714 emptorum
1489 1633 1635 1686 suorum

335 1761 482 1810 cursum
500 1733 631 1806 vilibus
646 1735 834 1831 agrestium
853 1733 1049 1809 obstaculis
1064 1733 1244 1808 retardari.
1306 1739 1466 1836 Rogatus
1487 1760 1509 1808 a
1528 1735 1638 1806 Nico-

333 1859 394 1932 lao
421 1853 598 1956 qu‘odam,
618 1856 679 1928 irae
702 1863 851 1951 parcere
878 1861 1121 1954 incertamque
1143 1855 1342 1933 admodum
1366 1857 1637 1934 remcuriosius

334 1979 533 2080 explorare,
550 1975 784 2074 interpellanti
797 2001 847 2067 se,
870 1995 1056 2051 uxoratum
1071 2004 1256 2079 quemque
1269 1980 1529 2056 timidissimum
1551 2001 1637 2066 ease,

333 2100 532 2201 respondit,
548 2100 597 2174 ad
611 2102 691 2198 ejus
708 2105 851 2198 nuptias
868 2101 1043 2193 alludens,
1060 2105 1134 2200 qui,
1155 2101 1263 2178 ducta
1277 2105 1444 2204 conjuge,
1471 2098 1640 2202 postridie
1745 2107 1746 2202 ,

100 2323 103 2332 Ι
332 2223 491 2298 militiam
508 2224 690 2324 ingressus
704 2222 830 2298 fuerat.
880 2224 943 2298 llle
957 2225 1007 2298 ob
1021 2226 1315 2302 contumeliosam
1337 2227 1557 2300 monitorum
1570 2247 1637 2296 su·
1745 2215 1746 2224 ³

333 2375 438 2424 orum
455 2345 637 2444 repulsam
660 2347 711 2417 ira
728 2350 893 2444 percitus,
919 2349 1098 2422 facturum
1117 2374 1156 2422 sc
1170 2349 1281 2442 breui,
1305 2347 1406 2448 quod
1425 2350 1547 2423 Saeuo
1567 2369 1639 2418 non

331 2470 482 2560 audeat,
517 2469 749 2556 subintennit,
774 2471 1096 2570 exprobratumque
1120 2472 1189 2546 sibi
1205 2475 1453 2571 ignominiam„
1485 2470 1639 2542 inuicem

331 2601 367 2670 in
382 2619 465 2668 eum
484 2596 618 2693 rejecto
635 2591 906 2668 meticulositatis
922 2594 1134 2692 opprobrio,
1147 2597 1345 2669 vindicavit
1389 2599 1480 2688 Quae
1494 2617 1577 2682 voa,
1591 2587 1638 2662 ab
1745 2695 1746 2698 Ἴ

330 2717 512 2792 iracundia
529 2698 703 2814 profecta,
722 2707 873 2788 celerem
890 2719 1000 2815 ipsius
1017 2716 1154 2790 obitum
1174 2723 1329 2790 ominata
1343 2733 1405 2792 est.
1458 2715 1530 2790 Ubi
1548 2739 1640 2788 uen-

330 2857 405 2915 tum
424 2838 472 2913 ad
497 2837 635 2928 fauces,
668 2835 804 2934 delapsi
819 2844 923 2935 equis
941 2837 1087 2929 milites,
1119 2865 1327 2940 quanquam
1349 2828 1641 2915 tenuiartnatura
1745 2883 1746 2888 κ

330 2979 460 3053 essent,
485 2962 585 3060 quod
601 2963 651 3034 eis
670 2959 900 3034 lestinutionis
920 2959 1028 3034 ardor
1044 2962 1286 3059 periculorum
1310 2977 1558 3060 contemptum
1578 2965 1640 3035 in-

330 3101 509 3185 gesserat,
538 3083 728 3157 arboream
750 3101 885 3156 struem
901 3109 1116 3183 oppugnare
1140 3102 1336 3183 eoepcrunt,
1364 3086 1560 3186 indigenis,
1578 3080 1639 3182 qui

330 3208 378 3282 ad
402 3233 482 3282 eam
509 3204 771 3282 defendendam
798 3225 1042 3300 convenerant,
1066 3211 1198 3308 ingenti
1220 3233 1347 3307 pacem
1380 3209 1640 3306 clamore'po·

328 3331 518 3407 scentibus.
570 3333 673 3401 Tunc
687 3328 863 3422 Nicolaus,
876 3349 1057 3430 acceptam
1072 3358 1095 3404 a
1111 3355 1195 3431 rege
1210 3331 1462 3405 nunnameliam
1485 3333 1640 3428 conspi-

329 3481 409 3529 cuae
426 3454 614 3553 probitatis
630 3451 802 3549 operibus
817 3450 961 3526 demere
974 3455 1137 3553 cupidus,
1162 3479 1214 3526 ne*
1225 3456 1337 3552 nangis
1354 3455 1499 3528 uxorius
1515 3473 1640 3552 'quant
1745 3487 1746 3534 t

328 3595 499 3652 strenuus·
515 3576 711 3666 videretur,
746 3573 834 3648 dnm
856 3593 1017 3650 conserta
1041 3595 1248 3651 truncorum
1281 3577 1417 3652 robora
1455 3576 1653 3653 obstinato.
1745 3615 1746 3622 κ

328 3700 375 3774 ad
393 3699 550 3798 pericula
568 3698 684 3799 gradu
711 3723 881 3796 superare
907 3717 1067 3790 conatur,
1092 3699 1139 3771 ab
1159 3700 1367 3798 agrestibus,
1387 3726 1407 3773 e
1426 3718 1537 3792 strue,
1551 3715 1638 3772 tan-

327 3849 438 3924 quarn
464 3849 507 3896 ex
525 3849 639 3917 muro,
664 3822 988 3920 propugnantibus,
1016 3839 1123 3920 caput
1139 3821 1240 3895 hasta
1259 3827 1426 3924 trajectus
1450 3821 1637 3922 opprimi·-

326 3951 420 4020 tur¹.
471 3947 597 4020 Similis
614 3946 767 4018 aliorum
784 3963 931 4019 conatus
946 3949 1036 4020 saxis
1052 3943 1278 4044 sudibusque
1292 3946 1487 4044 repellitur.
1540 3945 1638 4018 Sve-

324 4097 386 4162 no,
408 4065 675 4169 propinquitate
697 4068 808 4140 noctis
838 4070 1067 4168 impetusque
1082 4051 1313 4168 'praeproperi
1340 4070 1545 4168 paenitentia
1570 4091 1635 4140 rc-

326 4210 483 4286 vocatns,
500 4196 603 4292 signo
621 4195 780 4286 receptui
797 4190 902 4282 dato,
928 4209 1077 4290 propter
1090 4199 1279 4292 aggercm²
1300 4211 1416 4280 castra
1442 4194 1634 4276 constituit,
1745 4185 1746 4246 l

325 4312 404 4389 luce
419 4334 560 4415 postera
577 4317 714 4414 majore
731 4319 764 4388 vi
780 4339 824 4386 ac
846 4330 974 4412 paratu
997 4314 1166 4413 praeliutn·
1184 4330 1437 4416 exequutores.
1499 4319 1632 4390 Verum
1745 4379 1746 4384 ,

370 4635 492 4696 ¹Hasta
510 4633 650 4712 trajectus
666 4628 856 4717 opprimitur]
866 4635 947 4696 Mor·
1054 4638 1206 4722 'Propter
1229 4634 1381 4722 aggerem]
1410 4636 1462 4702 Sic
1484 4631 1556 4699 edit.
1583 4647 1636 4712 pr.

323 4748 386 4800 tem
408 4733 499 4818 huju
519 4733 638 4798 Nicolai
666 4749 814 4800 memorat
840 4737 948 4801 histor.
1009 4761 1065 4804 usu
1078 4743 1214 4828 antiquo.
1222 4743 1368 4830 stephan.
1382 4767 1476 4833 prope
1486 4757 1636 4828 aggerem·

321 4843 424 4926 ttnytt.
442 4841 462 4906 l.
482 4863 508 4906 c.
