3582 5466
688 297 862 365 flts'rutt.
883 293 986 364 DAN.
1004 293 1141 362 LIBER
1161 295 1218 362 Xl.

357 301 433 374 580

306 517 471 597 stimans,
500 513 615 608 regias
635 529 725 605 opes
748 507 872 602 potius
891 527 1076 576 sacrorum
1101 499 1282 600 splendori
1322 523 1432 599 quam
1458 501 1627 578 humente
1673 513 1676 520 '

308 637 462 708 avaritiae
482 638 613 706 servire
628 645 806 728 oportere.
860 629 996 724 Eginus
1021 647 1171 722 quoque
1192 621 1317 696 iisdem
1339 623 1453 698 fermo
1479 641 1628 724 tempo-

307 757 427 846 ribus,
453 753 650 852 opitulante
669 777 774 850 rege,
799 750 1047 822 Laurentinum
1065 747 1171 820 aedis¹
1195 744 1400 818 inchoatum
1423 771 1444 818 a
1469 770 1507 838 se
1531 773 1628 846 opus

309 879 510 977 explicant.
561 872 703 966 Quibus
729 895 790 944 rer
813 869 970 944 dedicari
995 873 1119 968 jussis,
1153 868 1336 940 mirificam
1362 871 1456 942 dotis
1482 875 1628 944 nomine

252 991 255 998 ’
308 1001 581 1074 munificentiam
601 999 770 1094 erogavit.
824 998 912 1065 Nam
937 996 972 1064 in
990 993 1067 1065 aede
1089 996 1324 1064 Laurentiana
1349 1015 1466 1064 annua
1496 1007 1628 1065 canto-
1669 993 1678 1012 '

308 1148 389 1198 rum
406 1121 590 1220 stipendia,
607 1117 783 1215 pontificis
799 1116 960 1190 subsidio
976 1115 1095 1205 fultus,
1121 1117 1275 1187 instituit.
1324 1119 1405 1213 lpse
1423 1119 1517 1188 enim
1536 1139 1628 1212 pan-

306 1255 366 1319 tim
384 1271 425 1318 ex
449 1241 539 1316 lisoo
562 1266 629 1313 suo
671 1245 850 1338 regiisque
880 1237 1091 1327 latifundiis,
1133 1241 1260 1334 partim
1296 1241 1439 1311 antistes
1468 1261 1510 1310 ex
1546 1249 1627 1308 ante

307 1366 444 1441 collatis
466 1364 601 1461 templo
635 1363 815 1435 beneficiis
848 1357 1077 1458 quotidianos
1108 1385 1235 1432 eorum
1271 1375 1437 1458 sumptus
1458 1359 1627 1450 exhibuit,

307 1507 476 1586 tantaque
493 1493 579 1558 inter
599 1491 695 1583 ipsos
720 1485 877 1580 religiosi
901 1486 1099 1577 certaminis
1120 1481 1281 1555 alacritas
1297 1483 1383 1573 filit,
1417 1500 1466 1570 ut,
1488 1498 1568 1556 uter
1592 1483 1628 1552 in

307 1611 418 1684 deum
435 1607 673 1682 venerabilior
689 1607 803 1696 luerit,
819 1609 993 1679 incertum
1008 1609 1166 1680 extiterit.
1212 1606 1326 1675 Prima
1343 1613 1463 1704 itaque
1479 1605 1628 1680 dedica-

262 1741 268 1754 '
307 1737 413 1807 tionis
428 1731 487 1804 die
502 1733 599 1823 ren3,
614 1729 803 1802 solenniter
816 1727 936 1801 altaria
958 1747 1161 1819 veneratus,
1184 1745 1350 1826 quartam
1375 1735 1460 1830 regii
1486 1731 1628 1804 numis-

308 1859 444 1944 matis⁴‚
471 1871 633 1952 quartam
656 1879 729 1928 suae
747 1861 781 1924 in
797 1860 890 1926 cives
909 1855 1135 1943 exactionis&
1170 1867 1335 1950 quartam
1361 1855 1469 1925 aesdvi
1499 1873 1627 1924 census

309 2113 385 2200 cipis
398 2123 502 2174 tuetur
514 2111 572 2172 rh.
588 2111 799 2193 Gheysmerus‚
811 2111 852 2174 ita
867 2113 940 2175 seri·

308 2222 383 2282 bens
401 2218 438 2279 de
455 2221 596 2282 Sronone
612 2219 772 2303 episeopo:
793 2222 836 2281 nd
853 2243 939 2280 orna·

307 2327 450 2407 tamajus
477 2346 612 2386 coronam
627 2331 758 2413 precioso
786 2345 871 2412 opere
884 2328 941 2411 fa·

306 2437 447 2496 drr'cotom
464 2438 495 2494 t'n
511 2456 544 2493 eo
559 2433 710 2518 suspendii
731 2433 858 2518 (Script.
880 2451 940 2494 rer.

307 2541 385 2601 Dan.
409 2538 468 2598 rol.
486 2541 510 2598 ll
527 2559 558 2622 p.
572 2531 658 2618 358).
697 2537 818 2601 Deinde
839 2538 943 2601 obser-

307 2641 438 2705 randum
452 2655 507 2721 est,
531 2643 556 2704 si
577 2643 614 2704 de
627 2662 699 2726 rege
713 2663 813 2704 sermo
826 2641 942 2720 fuisset,

306 2751 355 2814 rix
364 2748 508 2824 avaritia,
518 2745 571 2810 sed
580 2747 682 2830 potius
693 2747 844 2833 superbias
860 2767 943 2809 men·

308 2852 675 2921 tionemsutnramfnis‘se.
697 2857 944 2917 Coronamnure-

307 2983 356 3024 nm
369 2961 487 3043 templo
499 2957 693 3021 Rosltildensi
710 2958 872 3044 aliquando
889 2958 944 3021 do·

309 3087 353 3130 no
380 3065 483 3130 datam
508 3083 563 3127 oen
588 3079 802 3130 ornamentum
824 3067 942 3150 regiam

307 3175 420 3236 Noster
434 3167 472 3232 ad
486 3191 561 3254 opes
575 3173 674 3256 regias
698 3172 801 3257 potuit
815 3170 942 3234 referre.

354 3284 363 3316 ¹
375 3283 582 3342 Laurentiano
595 3277 679 3362 cedri]
701 3279 845 3343 Cernitur
860 3283 942 3342 Lon·

308 3385 371 3448 dini
387 3385 560 3449 Gothorum
582 3383 759 3447 admiranda
773 3383 846 3447 aedis
864 3389 942 3446 Lau-

307 3493 452 3555 rentiano
471 3493 576 3568 moles,
596 3515 664 3575 quae
685 3493 761 3554 mira
781 3489 941 3553 altitudine

307 3601 425 3685 reliqua
442 3597 524 3659 orbis
543 3597 669 3660 aedifieia
690 3599 782 3683 longe
806 3609 940 3682 superat,

306 3719 338 3770 et
354 3705 410 3768 sub
429 3705 605 3790 parimento
627 3705 782 3788 ingentem
803 3703 941 3765 eontinet

307 3825 455 3898 cryptam.

353 3922 555 3984 ‘lactantum
583 3945 602 3982 a
631 3943 661 3978 so
687 3939 764 4003 opus
787 3915 940 4003 explicati]

307 4026 438 4088 Fallitur
454 4027 546 4098 Saxo,
565 4021 647 4107 quod
664 4023 797 4106 Eginurn
810 4033 942 4084 structu·

306 4153 372 4194 rom
386 4131 494 4214 templi
512 4127 683 4193 Lundensis
688 4127 852 4210 perfecisse
867 4129 940 4190 sori-

307 4235 362 4299 hit.
415 4239 533 4321 Eginus
558 4234 638 4298 enim
664 4235 724 4316 jam
750 4255 830 4296 anno
861 4231 941 4296 1072

305 4354 512 4416 montensem,
535 4345 676 4406 Svenone
694 4340 823 4402 Estritio
842 4337 941 4402 adhue

306 4450 438 4512 virente.
480 4452 582 4511 AEtate
603 4459 704 4510 autem
730 4444 841 4508 Canuti
868 4445 939 4507 ttio-

306 4553 424 4617 weldus
434 4563 497 4616 erat
507 4556 669 4638 episeopus
681 4551 852 4615 Lnndensis
864 4549 939 4631 (rid.

305 4663 569 4744 Seript.rer.Dan.
579 4661 639 4722 rol.
650 4661 690 4721 lll
704 4679 733 4743 p.
747 4656 810 4722 249
817 4663 888 4722 Not.
898 4658 938 4736 a).

353 4769 475 4831 'Primo
492 4773 590 4850 itnqtte
606 4767 800 4828 dedicationes
814 4769 860 4828 ‹tte
876 4763 943 4841 ren]

303 4873 459 4938 Habemus
490 4869 590 4936 adltue
616 4873 753 4935 chartam
776 4871 941 4934 dotationis

995 2111 1102 2194 templi
1130 2103 1297 2171 lundensis
1321 2127 1401 2169 anno
1429 2101 1511 2172 1085
1533 2123 1549 2170 e
1572 2109 1630 2170 Ce-

995 2228 1072 2278 nnto
1095 2213 1206 2276 editam
1228 2213 1412 2297 (Diplornat.
1436 2217 1629 2296 drnnnsgn.
1653 2261 1656 2266 .

997 2324 1057 2384 rol.
1080 2325 1091 2383 l
1112 2344 1148 2404 p.
1161 2319 1223 2396 td,
1237 2321 1351 2382 Suhms
1372 2320 1452 2383 Htst.
1469 2319 1505 2382 ol
1520 2324 1628 2384 neom.

996 2429 1057 2490 vol.
1072 2430 1114 2494 ltr
1134 2450 1164 2510 p.
1186 2422 1326 2506 istut),
1348 2449 1416 2512 quae
1433 2427 1464 2490 in
1490 2426 1628 2511 plurimis

999 2555 1067 2596 cum
1087 2533 1187 2594 verbis
1207 2531 1332 2596 Saxonis
1354 2544 1492 2594 accurate
1508 2533 1628 2617 conspi-

999 2653 1056 2704 rat.
1088 2637 1149 2702 Sed
1164 2659 1232 2701 eum
1250 2638 1280 2698 in
1295 2637 1349 2700 illo
1366 2637 1532 2721 diplomate
1548 2635 1627 2700 dien·

999 2757 1060 2823 tur,
1082 2745 1239 2807 ecclesiam
1256 2741 1390 2804 nondum
1416 2741 1507 2806 luisse
1528 2741 1628 2828 perle-

1000 2865 1090 2930 ctam,
1105 2850 1229 2912 dubium
1242 2849 1350 2926 oritur,
1367 2869 1438 2911 nont
1457 2865 1527 2912 rere
1548 2847 1628 2914 aedes

996 2960 1049 3022 illa
1062 2981 1080 3021 a
1092 2961 1209 3022 canuto
1225 2954 1319 3018 liserit
1339 2954 1490 3018 dodntu.
1533 2959 1629 3020 Potu-

998 3069 1071 3128 isset
1087 3063 1210 3150 quidem
1225 3083 1278 3126 rex
1302 3065 1452 3147 templum
1469 3061 1629 3128 Lundsase

999 3172 1102 3256 aliquo
1114 3183 1254 3254 tempore
1274 3169 1475 3254 pastinatum
1494 3167 1628 3232 dotatio·

997 3297 1068 3340 nem
1097 3276 1238 3342 dedicare
1262 3289 1293 3338 et
1315 3277 1371 3338 hao
1393 3275 1551 3340 occasione
1577 3275 1629 3340 ad·

997 3383 1091 3466 jieere
1106 3403 1139 3446 ea
1161 3383 1251 3476 dona,
1271 3405 1340 3470 quae
1360 3385 1438 3447 Saxo
1458 3398 1573 3468 praeter
1593 3386 1628 3446 il·

996 3491 1036 3565 la,
1062 3511 1191 3575 quorum
1213 3491 1398 3552 mentionem
1421 3490 1559 3552 continet
1585 3489 1628 3552 di-

996 3597 1109 3682 pluma,
1130 3597 1160 3658 in
1173 3593 1367 3680 sequentibus
1382 3609 1547 3660 enumerat.
1569 3594 1627 3660 sed

996 3702 1218 3766 observandum
1232 3713 1397 3784 est‚regem
1413 3697 1548 3764 umente
1558 3701 1629 3766 tote

996 3811 1097 3886 lunio,
1113 3831 1174 3893 quo
1186 3809 1368 3872 editumlnit
1378 3808 1524 3894 diploma,
1540 3827 1630 3892 espe-

997 3915 1106 3977 ditioni
1119 3916 1257 4002 Anglieae
1270 3915 1361 3978 luisse
1373 3915 1533 3992 intentum,
1551 3911 1631 3976 huno

997 4041 1071 4084 vero
1093 4043 1174 4084 anno
1197 4024 1334 4108 sequenti
1357 4021 1538 4084 seditionem
1559 4019 1631 4082 sult-

995 4140 1128 4190 secutam
1146 4127 1247 4204 fuisse,
1269 4131 1310 4192 ita
1325 4142 1358 4190 ut
1377 4141 1497 4212 tempus
1511 4125 1630 4188 dedico·

996 4235 1073 4297 tioni
1088 4237 1195 4320 templi
1216 4233 1386 4297 Laodamia
1401 4233 1472 4296 satis
1496 4251 1632 4296 commo·

997 4339 1069 4401 dum
1091 4341 1142 4401 rix
1157 4340 1357 4423 relinquatur.

1040 4453 1053 4484 ⁴
1065 4451 1211 4532 Quartam
1228 4452 1305 4530 regii
1316 4443 1511 4526 numinnntr's]
1523 4441 1558 4506 Id
1575 4457 1632 4523 est,

994 4565 1132 4636 quartam
1146 4565 1265 4636 partem
1285 4551 1371 4626 lueri,
1402 4551 1485 4636 qaod
1509 4569 1545 4613 ex
1566 4569 1635 4612 rno-

996 4672 1066 4720 nets
1080 4657 1118 4720 sd
1135 4657 1446 4741 regemredundehst.

1043 4767 1215 4850 ‘Quartam
1239 4791 1299 4828 soce
1317 4771 1347 4827 in
1367 4770 1444 4828 nites
1455 4758 1633 4840 exactionis]

998 4870 1031 4934 ld
1064 4883 1120 4952 est,
1145 4885 1288 4958 quartem
1303 4882 1425 4957 portem
1446 4869 1635 4932 muletarum
