3536 5462
371 305 449 384 872
697 305 872 432 fflSTpfl.
892 305 997 378 DAN.
1015 305 1155 379 Lissa
1169 303 1260 376 xlv.

324 536 507 610 concessit
564 535 718 634 Jamque
746 535 892 634 praeviae
925 530 1159 632 navigationis
1192 555 1343 608 excursu
1377 533 1485 607 sociae
1516 529 1639 610 classis

324 672 521 762 conspeetp
545 673 755 750 excesserat,
781 681 864 730 enm
887 653 977 730 forte
1003 651 1154 753 quidam
1178 659 1215 728 in
1244 654 1424 730 destinato
1445 657 1639 731 consistens

323 777 453 870 littore,
478 775 605 852 crebra
630 777 715 880 pilei
741 777 969 856 ventilatione
994 775 1220 876 colloquium
1245 779 1324 876 ejus
1348 793 1513 878 expetere
1528 777 1637 852 ride-

324 900 444 975 batur.
495 904 611 995 Quem
637 927 778 1004 magnae
804 904 857 976 rei
883 906 1048 976 nuntium
1077 899 1290 994 arbitratus,
1323 903 1504 1001 incognita
1526 927 1570 975 ex
1595 925 1638 974 eo

325 1023 567 1125 cognoscendi
584 1025 766 1125 cupidine,
782 1024 863 1100 velo
877 1029 1009 1124 posito,
1025 1039 1156 1096 terram
1173 1021 1303 1122 cymba
1319 1025 1454 1122 petivit.
1496 1027 1639 1124 Agniti-

325 1171 399 1244 que
422 1151 561 1223 eminus
583 1145 738 1222 hominis
759 1146 869 1221 fidem
894 1147 1010 1246 prima
1032 1169 1123 1220 voce
1138 1143 1333 1235 damnavit,
1358 1142 1460 1245 quod
1485 1171 1637 1245 egressae

325 1291 444 1366 nuper
471 1269 643 1344 aSclavis
665 1271 823 1369 piraticae
846 1295 977 1370 parum
997 1293 1041 1342 eo
1058 1269 1233 1368 praescios
1250 1266 1375 1341 fuerat.
1429 1270 1637 1370 lanamque

324 1389 680 1465 bissenasnummurn
697 1391 830 1467 libras²
847 1394 1027 1466 annuatim
1046 1387 1222 1465 mercedis
1237 1389 1320 1464 loco
1336 1406 1477 1490 pactus,
1495 1395 1639 1492 quoties

324 1527 482 1614 quatuor
504 1513 676 1613 pluresve
695 1517 832 1617 piratici
856 1539 1099 1616 myoparones
1116 1517 1268 1587 Daciam
1285 1529 1409 1613 petere
1425 1515 1637 1605 statuissent,

324 1633 454 1708 indicia
483 1633 530 1708 ad
544 1635 762 1712 absalonem
782 1663 821 1715 se
846 1637 1050 1713 delaturum
1068 1641 1292 1738 promiserat.
1345 1636 1458 1735 Cujus
1475 1657 1551 1710 non
1568 1635 1635 1710 alia

325 1755 488 1832 salvandi
508 1761 675 1858 promissi
689 1765 780 1836 ratio
798 1766 916 1853 extitit,
942 1785 1052 1860 quam
1074 1756 1175 1858 quod
1189 1774 1271 1832 ante
1286 1755 1490 1857 pactionem
1514 1783 1636 1834 secam

325 1885 447 1956 initam
475 1887 608 1982 piratas
634 1885 814 1982 profectos
842 1883 1000 1958 asseruit.
1059 1881 1159 1955 Idem
1189 1879 1428 1975 Absalonem,
1461 1907 1636 1981 quorsum

324 2000 502 2095 tenderet,
532 2023 785 2104 percontatus,
809 2021 849 2080 nt
873 2007 1066 2103 comperit,
1091 2001 1220 2079 domos
1235 2019 1398 2102 repetere
1422 2001 1526 2097 velie,
1553 2019 1636 2078 tunc

193 2186 198 2204 .
325 2123 481 2226 denique
504 2127 766 2230 expeditionem
782 2127 890 2202 abeo
906 2125 1008 2222 solvi,
1029 2153 1110 2202 cum
1127 2125 1287 2200 inchoari
1302 2121 1490 2217 debuerat,
1513 2143 1636 2202 mon-

324 2248 419 2323 ebat.
458 2253 538 2323 Jam
559 2257 698 2353 quippe
716 2251 884 2326 aSclavis
898 2249 1093 2328 adversum
1109 2253 1263 2325 Daniam
1285 2251 1462 2348 ingentem
1484 2248 1636 2326 classem

324 2396 402 2448 esse
417 2389 643 2448 contractam.
693 2373 803 2471 Quod
820 2391 861 2448 ut
876 2377 1055 2473 cognitum
1071 2373 1139 2464 sihi
1157 2388 1459 2472 compertumque
1474 2372 1567 2469 sore,
1589 2378 1636 2449 ita

324 2493 534 2595 ambiguum
545 2514 673 2592 extare,
688 2501 876 2598 quisnam²
886 2498 1139 2595 Daniaepartes
1147 2493 1220 2570 hoc
1233 2510 1365 2593 paratu
1380 2511 1507 2595 petere
1523 2493 1636 2570 desti-

323 2619 470 2692 naverit
519 2623 701 2696 AEstuante
723 2619 906 2696 Absalone
931 2633 984 2711 et,
1008 2643 1084 2716 qno
1108 2641 1148 2692 se
1172 2617 1294 2694 hostes
1326 2617 1475 2694 effusuri
1507 2635 1636 2712 essent,

323 2739 538 2837 praediscere
560 2745 746 2844 cupiente,
777 2744 1058 2844 explorationem
1083 2741 1273 2841 promittit,
1304 2741 1534 2841 praequisito,
1561 2765 1635 2842 quo

323 2869 488 2938 nuntium
503 2865 637 2940 referre
654 2865 793 2942 debeat.
826 2865 986 2941 Absalon
998 2865 1285 2964 promontorium
1302 2865 1491 2938 Moenense
1509 2863 1635 2966 desig·

323 3001 405 3077 nat,
427 3005 601 3090 rogatque
623 3005 784 3091 tempus,
817 3017 892 3092 quo
917 2991 1067 3065 obvium
1091 2993 1228 3062 mittere
1250 2985 1387 3060 debeat
1438 2985 1504 3060 Ille
1541 2985 1636 3062 diem

324 3126 460 3183 sextum
477 3110 610 3189 definit.
642 3119 716 3190 Nec
740 3113 879 3191 diutule
901 3131 1061 3188 moratus
1084 3109 1256 3204 abscedit,
1280 3111 1458 3210 priusque
1474 3135 1636 3212 conspe·
1744 3177 1745 3216 ,

325 3246 423 3306 ctum
436 3230 621 3330 fefellerat,
637 3262 748 3335 quam
763 3263 883 3312 comes
898 3235 1089 3312 Absalonis
1105 3233 1227 3308 classis
1244 3229 1452 3330 appelleret.
1479 3235 1637 3313 Nostro-

325 3377 410 3426 rum
431 3353 608 3457 siquidem
632 3360 855 3458 presentiam
882 3383 1045 3458 perosus,
1070 3372 1219 3454 repente
1242 3352 1470 3434 dilabicurae
1495 3356 1641 3452 habuit,

324 3499 381 3568 ne,
405 3503 446 3552 re
460 3497 653 3580 comperta,
675 3478 810 3584 proditi
826 3483 959 3558 civium
974 3479 1109 3555 consilii
1123 3493 1237 3552 morte
1255 3493 1318 3550 ant
1331 3475 1437 3552 exilio
1456 3479 1639 3578 supplicia
1743 3583 1744 3592 ἵ

323 3597 482 3675 lueret³.
532 3607 605 3677 Nec
629 3629 707 3678 rem
731 3605 892 3680 Alisalon
915 3607 1018 3679 tacite
1040 3601 1176 3677 habuit.
1229 3598 1412 3701 Siquidem
1443 3619 1639 3701 acceptum

324 3729 489 3800 nundum
512 3730 665 3803 venienti
686 3730 869 3812 sociorum
895 3717 1012 3822 classi,
1037 3747 1236 3825 suppresso
1261 3726 1419 3800 auctoris
1440 3723 1640 3818 vocabulo,

370 3989 381 4026 ¹
398 3989 537 4056 Bistonas
556 4013 700 4055 nummum
719 3987 824 4069 libras]
844 3991 951 4057 Siaso-
1056 3993 1069 4029 ³
1086 3989 1211 4055 Prodat
1218 4031 1227 4052 .
1239 4030 1248 4050 .
1260 4031 1289 4051 ..
1304 3989 1454 4076 rumliaco
1469 3986 1594 4070 Iraentl.
1606 3993 1641 4054 In

323 4113 391 4158 rum
411 4113 498 4158 more
519 4091 582 4160 240
602 4095 741 4160 denarios
767 4096 875 4161 libram
895 4117 950 4161 vo·
1004 4095 1165 4182 stephanii
1183 4094 1320 4166 editione¹
1332 4096 1480 4180 supplerit
1491 4105 1643 4181 typogra-

324 4197 406 4278 eari,
436 4212 523 4266 unte
552 4203 648 4289 magis
675 4203 854 4283 conveniet,
887 4224 949 4289 quo
1004 4203 1061 4288 phi
1098 4222 1203 4269 errore
1242 4199 1386 4267 omissam.
1426 4211 1482 4272 cat,
1531 4202 1643 4284 Qare

325 4303 436 4368 certius
456 4305 596 4388 ridetur,
626 4309 878 4402 henc‘snmmam
894 4333 949 4374 na·
1004 4309 1142 4374 illotzins
1169 4303 1328 4390 objeatpm
1354 4303 1545 4387 desiderante
1575 4309 1642 4374 edi·

326 4409 382 4472 mis
415 4413 495 4498 apud
534 4417 641 4482 Slaros
669 4416 787 4482 usitatis
820 4417 950 4484 solutam
1003 4417 1089 4480 tione
1108 4415 1250 4500 principe
1269 4432 1309 4476 ns
1329 4413 1468 4498 inspecta
1498 4413 1642 4501 quidem,

326 4532 399 4578 esse.
442 4517 508 4584 cir.
527 4543 618 4610 snpra
639 4547 670 4610 p.
691 4519 762 4588 691.
923 4573 926 4582 .
1003 4523 1181 4608 conjecture
1206 4517 1643 4604 haudquaquamnecesasxia

374 4624 559 4709 2Οιιιέιιιιιη]
579 4631 654 4715 Leg.
678 4653 819 4715 quasnam
836 4665 879 4678 --
899 4629 949 4694 de·
1000 4647 1061 4716 pro
1098 4633 1204 4694 esocem
1234 4626 1397 4712 legendnm
1425 4646 1493 4694 etse
1526 4635 1642 4697 ertheo
1740 4633 1741 4686 ἶ

324 4735 479 4811 seruaverit
507 4731 636 4817 (classis)
662 4747 714 4800 aut
737 4735 841 4823 potins
858 4737 948 4802 desti·
1000 4748 1099 4819 patet.

325 4842 461 4902 coortat
477 4835 564 4924 (lig).
