<?xml version="1.0" encoding="UTF-8"?>
<!DOCTYPE html PUBLIC "-//W3C//DTD XHTML 1.0 Transitional//EN"
    "http://www.w3.org/TR/xhtml1/DTD/xhtml1-transitional.dtd">
<html xmlns="http://www.w3.org/1999/xhtml" xml:lang="en" lang="en">
 <head>
  <title>
</title>
<meta http-equiv="Content-Type" content="text/html;charset=utf-8" />
  <meta name='ocr-system' content='tesseract 3.04.00' />
  <meta name='ocr-capabilities' content='ocr_page ocr_carea ocr_par ocr_line ocrx_word'/>
</head>
<body>
  <div class='ocr_page' id='page_1' title='image "./historiadanica01velsgoog_0094.png"; bbox 0 0 3582 5466; ppageno 0'>
   <div class='ocr_carea' id='block_1_1' title="bbox 705 307 1420 382">
    <p class='ocr_par' dir='ltr' id='par_1_1' title="bbox 705 307 1420 382">
     <span class='ocr_line' id='line_1_1' title="bbox 705 307 1420 382; baseline 0.008 -6"><span class='ocrx_word' id='word_1_1' title='bbox 705 307 937 378; x_wconf 67' lang='lat' dir='ltr'><strong>stennius,</strong></span> <span class='ocrx_word' id='word_1_2' title='bbox 1254 355 1262 375; x_wconf 52' lang='lat' dir='ltr'><strong>t</strong></span> <span class='ocrx_word' id='word_1_3' title='bbox 1351 313 1420 382; x_wconf 82' lang='grc'><strong>631</strong></span> 
     </span>
    </p>
   </div>
   <div class='ocr_carea' id='block_1_2' title="bbox 156 513 1471 1350">
    <p class='ocr_par' dir='ltr' id='par_1_2' title="bbox 156 513 1471 1350">
     <span class='ocr_line' id='line_1_2' title="bbox 295 513 1467 615; baseline 0.004 -25"><span class='ocrx_word' id='word_1_4' title='bbox 295 521 428 592; x_wconf 86' lang='lat' dir='ltr'><strong>Verum</strong></span> <span class='ocrx_word' id='word_1_5' title='bbox 446 513 630 615; x_wconf 84' lang='lat' dir='ltr'><strong>plerisque</strong></span> <span class='ocrx_word' id='word_1_6' title='bbox 646 520 818 613; x_wconf 83' lang='lat' dir='ltr'><strong>Magnum</strong></span> <span class='ocrx_word' id='word_1_7' title='bbox 844 518 1013 614; x_wconf 88' lang='lat' dir='ltr'><strong>sangvine</strong></span> <span class='ocrx_word' id='word_1_8' title='bbox 1031 515 1087 588; x_wconf 89' lang='lat' dir='ltr'><strong>vel</strong></span> <span class='ocrx_word' id='word_1_9' title='bbox 1106 519 1362 593; x_wconf 70' lang='lat' dir='ltr'><strong>necessitudine</strong></span> <span class='ocrx_word' id='word_1_10' title='bbox 1378 547 1467 595; x_wconf 90' lang='lat' dir='ltr'><strong>eon-</strong></span> 
     </span>
     <span class='ocr_line' id='line_1_3' title="bbox 159 636 1471 745; baseline 0.004 -33"><span class='ocrx_word' id='word_1_11' title='bbox 159 640 380 745; x_wconf 78' lang='lat' dir='ltr'><strong>tingentibus</strong></span> <span class='ocrx_word' id='word_1_12' title='bbox 394 641 519 711; x_wconf 86' lang='lat' dir='ltr'><strong>Canuti</strong></span> <span class='ocrx_word' id='word_1_13' title='bbox 542 640 656 713; x_wconf 81' lang='lat' dir='ltr'><strong>invisa</strong></span> <span class='ocrx_word' id='word_1_14' title='bbox 680 637 828 712; x_wconf 81' lang='lat' dir='ltr'><strong>felicitas</strong></span> <span class='ocrx_word' id='word_1_15' title='bbox 846 655 930 710; x_wconf 87' lang='lat' dir='ltr'><strong>erat.</strong></span> <span class='ocrx_word' id='word_1_16' title='bbox 980 636 1072 709; x_wconf 89' lang='lat' dir='ltr'><strong>Nihil</strong></span> <span class='ocrx_word' id='word_1_17' title='bbox 1097 641 1187 711; x_wconf 91' lang='lat' dir='ltr'><strong>euim</strong></span> <span class='ocrx_word' id='word_1_18' title='bbox 1212 641 1304 718; x_wconf 86' lang='lat' dir='ltr'><strong>adeo</strong></span> <span class='ocrx_word' id='word_1_19' title='bbox 1330 643 1471 718; x_wconf 84' lang='lat' dir='ltr'><strong>invidiae</strong></span> 
     </span>
     <span class='ocr_line' id='line_1_4' title="bbox 157 761 1471 865; baseline 0.002 -29"><span class='ocrx_word' id='word_1_20' title='bbox 157 765 257 836; x_wconf 84' lang='lat' dir='ltr'><strong>sanes</strong></span> <span class='ocrx_word' id='word_1_21' title='bbox 285 787 396 861; x_wconf 84' lang='lat' dir='ltr'><strong>quam</strong></span> <span class='ocrx_word' id='word_1_22' title='bbox 432 763 574 858; x_wconf 82' lang='lat' dir='ltr'><strong>parium</strong></span> <span class='ocrx_word' id='word_1_23' title='bbox 597 763 714 858; x_wconf 88' lang='lat' dir='ltr'><strong>impar</strong></span> <span class='ocrx_word' id='word_1_24' title='bbox 737 763 848 834; x_wconf 85' lang='lat' dir='ltr'><strong>virtus</strong></span> <span class='ocrx_word' id='word_1_25' title='bbox 867 763 1001 832; x_wconf 80' lang='lat' dir='ltr'><strong>excitat.</strong></span> <span class='ocrx_word' id='word_1_26' title='bbox 1059 761 1129 834; x_wconf 85' lang='lat' dir='ltr'><strong>Sed</strong></span> <span class='ocrx_word' id='word_1_27' title='bbox 1150 773 1333 865; x_wconf 83' lang='lat' dir='ltr'><strong>praeeipue</strong></span> <span class='ocrx_word' id='word_1_28' title='bbox 1351 792 1471 839; x_wconf 88' lang='lat' dir='ltr'><strong>aemu-</strong></span> 
     </span>
     <span class='ocr_line' id='line_1_5' title="bbox 157 882 1469 986; baseline 0.004 -30"><span class='ocrx_word' id='word_1_29' title='bbox 157 886 234 958; x_wconf 91' lang='lat' dir='ltr'><strong>lum</strong></span> <span class='ocrx_word' id='word_1_30' title='bbox 260 887 295 956; x_wconf 93' lang='lat' dir='ltr'><strong>ei</strong></span> <span class='ocrx_word' id='word_1_31' title='bbox 322 887 516 956; x_wconf 83' lang='lat' dir='ltr'><strong>Hernicum</strong></span> <span class='ocrx_word' id='word_1_32' title='bbox 539 882 689 981; x_wconf 77' lang='lat' dir='ltr'><strong>genialis</strong></span> <span class='ocrx_word' id='word_1_33' title='bbox 711 884 780 956; x_wconf 90' lang='lat' dir='ltr'><strong>tori</strong></span> <span class='ocrx_word' id='word_1_34' title='bbox 803 882 1017 956; x_wconf 84' lang='lat' dir='ltr'><strong>contumelia</strong></span> <span class='ocrx_word' id='word_1_35' title='bbox 1042 885 1204 957; x_wconf 81' lang='lat' dir='ltr'><strong>faciebat.</strong></span> <span class='ocrx_word' id='word_1_36' title='bbox 1270 892 1469 986; x_wconf 84' lang='lat' dir='ltr'><strong>Margaretu</strong></span> 
     </span>
     <span class='ocr_line' id='line_1_6' title="bbox 156 1005 1469 1105; baseline 0.002 -25"><span class='ocrx_word' id='word_1_37' title='bbox 156 1005 577 1105; x_wconf 63' lang='lat' dir='ltr'><strong>autetn‚,benignissima</strong></span> <span class='ocrx_word' id='word_1_38' title='bbox 602 1010 875 1104; x_wconf 78' lang='lat' dir='ltr'><strong>consanguineae</strong></span> <span class='ocrx_word' id='word_1_39' title='bbox 894 1009 1046 1080; x_wconf 86' lang='lat' dir='ltr'><strong>caritatis</strong></span> <span class='ocrx_word' id='word_1_40' title='bbox 1072 1008 1222 1103; x_wconf 83' lang='lat' dir='ltr'><strong>alitrix¹,</strong></span> <span class='ocrx_word' id='word_1_41' title='bbox 1258 1011 1391 1084; x_wconf 84' lang='lat' dir='ltr'><strong>consilii</strong></span> <span class='ocrx_word' id='word_1_42' title='bbox 1415 1015 1469 1084; x_wconf 89' lang='lat' dir='ltr'><strong>sui</strong></span> 
     </span>
     <span class='ocr_line' id='line_1_7' title="bbox 156 1113 1467 1229; baseline 0.003 -29"><span class='ocrx_word' id='word_1_43' title='bbox 156 1128 447 1226; x_wconf 68' lang='lat' dir='ltr'><strong>tranquillitatem</strong></span> <span class='ocrx_word' id='word_1_44' title='bbox 464 1129 648 1202; x_wconf 84' lang='lat' dir='ltr'><strong>concitatis</strong></span> <span class='ocrx_word' id='word_1_45' title='bbox 661 1131 836 1227; x_wconf 86' lang='lat' dir='ltr'><strong>juvenum</strong></span> <span class='ocrx_word' id='word_1_46' title='bbox 853 1131 1002 1227; x_wconf 81' lang='lat' dir='ltr'><strong>ingeniis</strong></span> <span class='ocrx_word' id='word_1_47' title='bbox 1025 1113 1243 1229; x_wconf 82' lang='lat' dir='ltr'><strong>opponebat,</strong></span> <span class='ocrx_word' id='word_1_48' title='bbox 1269 1131 1467 1206; x_wconf 88' lang='lat' dir='ltr'><strong>saluberri-</strong></span> 
     </span>
     <span class='ocr_line' id='line_1_8' title="bbox 157 1247 1467 1350; baseline 0.002 -26"><span class='ocrx_word' id='word_1_49' title='bbox 157 1247 290 1348; x_wconf 76' lang='lat' dir='ltr'><strong>maque</strong></span> <span class='ocrx_word' id='word_1_50' title='bbox 319 1249 519 1348; x_wconf 72' lang='lat' dir='ltr'><strong>discipline</strong></span> <span class='ocrx_word' id='word_1_51' title='bbox 545 1249 789 1325; x_wconf 83' lang='lat' dir='ltr'><strong>moderatione</strong></span> <span class='ocrx_word' id='word_1_52' title='bbox 828 1251 1032 1326; x_wconf 82' lang='lat' dir='ltr'><strong>insidiosam</strong></span> <span class='ocrx_word' id='word_1_53' title='bbox 1062 1253 1296 1350; x_wconf 88' lang='lat' dir='ltr'><strong>petulantium</strong></span> <span class='ocrx_word' id='word_1_54' title='bbox 1332 1255 1467 1328; x_wconf 81' lang='lat' dir='ltr'><strong>rabiem</strong></span> 
     </span>
    </p>
   </div>
   <div class='ocr_carea' id='block_1_3' title="bbox 152 1563 1481 2185">
    <p class='ocr_par' dir='ltr' id='par_1_3' title="bbox 152 1563 1481 2185">
     <span class='ocr_line' id='line_1_9' title="bbox 157 1563 1468 1652; baseline -0.002 -22"><span class='ocrx_word' id='word_1_55' title='bbox 157 1566 236 1630; x_wconf 82' lang='lat' dir='ltr'><strong>inter</strong></span> <span class='ocrx_word' id='word_1_56' title='bbox 249 1570 384 1632; x_wconf 81' lang='lat' dir='ltr'><strong>Steunes</strong></span> <span class='ocrx_word' id='word_1_57' title='bbox 397 1563 487 1644; x_wconf 82' lang='lat' dir='ltr'><strong>lama,</strong></span> <span class='ocrx_word' id='word_1_58' title='bbox 500 1569 727 1651; x_wconf 80' lang='lat' dir='ltr'><strong>eumqueetiam</strong></span> <span class='ocrx_word' id='word_1_59' title='bbox 737 1591 782 1634; x_wconf 86' lang='lat' dir='ltr'><strong>sa·</strong></span> <span class='ocrx_word' id='word_1_60' title='bbox 842 1572 922 1632; x_wconf 87' lang='lat' dir='ltr'><strong>dictu</strong></span> <span class='ocrx_word' id='word_1_61' title='bbox 939 1587 995 1641; x_wconf 87' lang='lat' dir='ltr'><strong>est,</strong></span> <span class='ocrx_word' id='word_1_62' title='bbox 1011 1590 1122 1652; x_wconf 76' lang='lat' dir='ltr'><strong>quatita</strong></span> <span class='ocrx_word' id='word_1_63' title='bbox 1137 1577 1184 1634; x_wconf 84' lang='lat' dir='ltr'><strong>ira</strong></span> <span class='ocrx_word' id='word_1_64' title='bbox 1198 1573 1355 1640; x_wconf 72' lang='lat' dir='ltr'><strong>exarserit,</strong></span> <span class='ocrx_word' id='word_1_65' title='bbox 1373 1568 1468 1630; x_wconf 74' lang='lat' dir='ltr'><strong>dieen-</strong></span> 
     </span>
     <span class='ocr_line' id='line_1_10' title="bbox 156 1671 1468 1758; baseline -0.003 -22"><span class='ocrx_word' id='word_1_66' title='bbox 156 1671 782 1758; x_wconf 78' lang='lat' dir='ltr'><strong>erilegumiortnssedicerent‚bocNostet·</strong></span> <span class='ocrx_word' id='word_1_67' title='bbox 842 1692 871 1737; x_wconf 86' lang='lat' dir='ltr'><strong>te</strong></span> <span class='ocrx_word' id='word_1_68' title='bbox 892 1675 935 1736; x_wconf 87' lang='lat' dir='ltr'><strong>ad</strong></span> <span class='ocrx_word' id='word_1_69' title='bbox 956 1701 1018 1736; x_wconf 88' lang='lat' dir='ltr'><strong>eum</strong></span> <span class='ocrx_word' id='word_1_70' title='bbox 1042 1695 1135 1741; x_wconf 84' lang='lat' dir='ltr'><strong>ntatre</strong></span> <span class='ocrx_word' id='word_1_71' title='bbox 1161 1703 1232 1740; x_wconf 89' lang='lat' dir='ltr'><strong>sua:</strong></span> <span class='ocrx_word' id='word_1_72' title='bbox 1253 1680 1359 1739; x_wconf 86' lang='lat' dir='ltr'><strong>Nonne</strong></span> <span class='ocrx_word' id='word_1_73' title='bbox 1376 1671 1468 1741; x_wconf 79' lang='lat' dir='ltr'><strong>vides,</strong></span> 
     </span>
     <span class='ocr_line' id='line_1_11' title="bbox 156 1767 1467 1870; baseline -0.006 -25"><span class='ocrx_word' id='word_1_74' title='bbox 156 1803 229 1845; x_wconf 81' lang='lat' dir='ltr'><strong>cum</strong></span> <span class='ocrx_word' id='word_1_75' title='bbox 254 1800 287 1844; x_wconf 87' lang='lat' dir='ltr'><strong>re</strong></span> <span class='ocrx_word' id='word_1_76' title='bbox 313 1791 433 1844; x_wconf 74' lang='lat' dir='ltr'><strong>namsia</strong></span> <span class='ocrx_word' id='word_1_77' title='bbox 465 1779 651 1864; x_wconf 77' lang='lat' dir='ltr'><strong>conjungere</strong></span> <span class='ocrx_word' id='word_1_78' title='bbox 679 1781 783 1847; x_wconf 80' lang='lat' dir='ltr'><strong>voluit.</strong></span> <span class='ocrx_word' id='word_1_79' title='bbox 830 1767 911 1864; x_wconf 46' lang='lat' dir='ltr'><strong>&#39;quia</strong></span> <span class='ocrx_word' id='word_1_80' title='bbox 933 1805 1022 1866; x_wconf 83' lang='lat' dir='ltr'><strong>trepos</strong></span> <span class='ocrx_word' id='word_1_81' title='bbox 1052 1799 1120 1844; x_wconf 82' lang='lat' dir='ltr'><strong>torn</strong></span> <span class='ocrx_word' id='word_1_82' title='bbox 1145 1799 1259 1870; x_wconf 86' lang='lat' dir='ltr'><strong>sumpto</strong></span> <span class='ocrx_word' id='word_1_83' title='bbox 1274 1796 1388 1866; x_wconf 87' lang='lat' dir='ltr'><strong>seeptro</strong></span> <span class='ocrx_word' id='word_1_84' title='bbox 1401 1779 1467 1858; x_wconf 84' lang='lat' dir='ltr'><strong>jam</strong></span> 
     </span>
     <span class='ocr_line' id='line_1_12' title="bbox 157 1885 1468 1970; baseline -0.005 -21"><span class='ocrx_word' id='word_1_85' title='bbox 157 1891 194 1949; x_wconf 85' lang='lat' dir='ltr'><strong>ln</strong></span> <span class='ocrx_word' id='word_1_86' title='bbox 209 1905 246 1950; x_wconf 86' lang='lat' dir='ltr'><strong>eo</strong></span> <span class='ocrx_word' id='word_1_87' title='bbox 260 1885 353 1969; x_wconf 76' lang='lat' dir='ltr'><strong>igitur</strong></span> <span class='ocrx_word' id='word_1_88' title='bbox 368 1886 485 1948; x_wconf 86' lang='lat' dir='ltr'><strong>nullum</strong></span> <span class='ocrx_word' id='word_1_89' title='bbox 499 1885 729 1950; x_wconf 83' lang='lat' dir='ltr'><strong>videoSaxonis</strong></span> <span class='ocrx_word' id='word_1_90' title='bbox 750 1885 782 1949; x_wconf 91' lang='lat' dir='ltr'><strong>in</strong></span> <span class='ocrx_word' id='word_1_91' title='bbox 843 1891 970 1969; x_wconf 74' lang='lat' dir='ltr'><strong>regnat?</strong></span> <span class='ocrx_word' id='word_1_92' title='bbox 1011 1887 1164 1950; x_wconf 76' lang='lat' dir='ltr'><strong>Arbitrum</strong></span> <span class='ocrx_word' id='word_1_93' title='bbox 1181 1911 1252 1970; x_wconf 76' lang='lat' dir='ltr'><strong>ergo</strong></span> <span class='ocrx_word' id='word_1_94' title='bbox 1276 1911 1340 1948; x_wconf 82' lang='lat' dir='ltr'><strong>eurr</strong></span> <span class='ocrx_word' id='word_1_95' title='bbox 1360 1886 1468 1945; x_wconf 79' lang='lat' dir='ltr'><strong>bostem</strong></span> 
     </span>
     <span class='ocr_line' id='line_1_13' title="bbox 153 1991 1481 2084; baseline -0.005 -27"><span class='ocrx_word' id='word_1_96' title='bbox 153 1995 291 2057; x_wconf 71' lang='lat' dir='ltr'><strong>Statinae</strong></span> <span class='ocrx_word' id='word_1_97' title='bbox 316 1991 380 2054; x_wconf 84' lang='lat' dir='ltr'><strong>odii</strong></span> <span class='ocrx_word' id='word_1_98' title='bbox 400 1991 562 2068; x_wconf 80' lang='lat' dir='ltr'><strong>indicium,</strong></span> <span class='ocrx_word' id='word_1_99' title='bbox 603 1991 688 2076; x_wconf 83' lang='lat' dir='ltr'><strong>cujus</strong></span> <span class='ocrx_word' id='word_1_100' title='bbox 713 2011 782 2056; x_wconf 84' lang='lat' dir='ltr'><strong>eum</strong></span> <span class='ocrx_word' id='word_1_101' title='bbox 838 1995 988 2078; x_wconf 65' lang='lat' dir='ltr'><strong>publilium</strong></span> <span class='ocrx_word' id='word_1_102' title='bbox 998 2039 1011 2065; x_wconf 85' lang='lat'><em>,</em></span> <span class='ocrx_word' id='word_1_103' title='bbox 1044 1998 1105 2077; x_wconf 85' lang='lat' dir='ltr'><strong>qui,</strong></span> <span class='ocrx_word' id='word_1_104' title='bbox 1133 1997 1245 2055; x_wconf 73' lang='lat' dir='ltr'><strong>umente</strong></span> <span class='ocrx_word' id='word_1_105' title='bbox 1265 1994 1360 2055; x_wconf 81' lang='lat' dir='ltr'><strong>aditur</strong></span> <span class='ocrx_word' id='word_1_106' title='bbox 1380 2009 1481 2084; x_wconf 22' lang='lat' dir='ltr'><strong>patre,</strong></span> 
     </span>
     <span class='ocr_line' id='line_1_14' title="bbox 152 2097 1469 2185; baseline -0.005 -23"><span class='ocrx_word' id='word_1_107' title='bbox 152 2097 298 2162; x_wconf 63' lang='lat' dir='ltr'><strong>sinnam</strong></span> <span class='ocrx_word' id='word_1_108' title='bbox 339 2099 396 2162; x_wconf 78' lang='lat' dir='ltr'><strong>bec</strong></span> <span class='ocrx_word' id='word_1_109' title='bbox 436 2098 593 2162; x_wconf 84' lang='lat' dir='ltr'><strong>ooossione</strong></span> <span class='ocrx_word' id='word_1_110' title='bbox 628 2097 782 2162; x_wconf 82' lang='lat' dir='ltr'><strong>insimulat</strong></span> <span class='ocrx_word' id='word_1_111' title='bbox 847 2117 911 2170; x_wconf 85' lang='lat' dir='ltr'><strong>tuo,</strong></span> <span class='ocrx_word' id='word_1_112' title='bbox 936 2123 1037 2162; x_wconf 86' lang='lat' dir='ltr'><strong>nomen</strong></span> <span class='ocrx_word' id='word_1_113' title='bbox 1050 2102 1107 2161; x_wconf 80' lang='lat' dir='ltr'><strong>sibi</strong></span> <span class='ocrx_word' id='word_1_114' title='bbox 1131 2105 1217 2184; x_wconf 78' lang='lat' dir='ltr'><strong>regni</strong></span> <span class='ocrx_word' id='word_1_115' title='bbox 1234 2097 1469 2185; x_wconf 81' lang='lat' dir='ltr'><strong>usurpareittutd</strong></span> 
     </span>
    </p>
   </div>
   <div class='ocr_carea' id='block_1_4' title="bbox 141 2201 780 4932">
    <p class='ocr_par' dir='ltr' id='par_1_4' title="bbox 141 2201 780 4932">
     <span class='ocr_line' id='line_1_15' title="bbox 153 2201 682 2287; baseline -0.002 -21"><span class='ocrx_word' id='word_1_116' title='bbox 153 2204 250 2284; x_wconf 77' lang='lat' dir='ltr'><strong>(Eiet.</strong></span> <span class='ocrx_word' id='word_1_117' title='bbox 263 2203 300 2267; x_wconf 81' lang='lat' dir='ltr'><strong>ef</strong></span> <span class='ocrx_word' id='word_1_118' title='bbox 309 2208 420 2268; x_wconf 76' lang='lat' dir='ltr'><strong>Deum.</strong></span> <span class='ocrx_word' id='word_1_119' title='bbox 433 2204 493 2268; x_wconf 85' lang='lat' dir='ltr'><strong>vol.</strong></span> <span class='ocrx_word' id='word_1_120' title='bbox 508 2207 538 2270; x_wconf 80' lang='lat' dir='ltr'><strong>v</strong></span> <span class='ocrx_word' id='word_1_121' title='bbox 553 2225 583 2287; x_wconf 83' lang='lat' dir='ltr'><strong>p.</strong></span> <span class='ocrx_word' id='word_1_122' title='bbox 596 2201 682 2286; x_wconf 82' lang='lat'><strong>347).</strong></span> 
     </span>
     <span class='ocr_line' id='line_1_16' title="bbox 200 2308 779 2394; baseline 0 -22"><span class='ocrx_word' id='word_1_123' title='bbox 200 2315 408 2394; x_wconf 75' lang='lat' dir='ltr'><strong>¹Margareta</strong></span> <span class='ocrx_word' id='word_1_124' title='bbox 447 2358 470 2372; x_wconf 93' lang='lat'><strong>..</strong></span> <span class='ocrx_word' id='word_1_125' title='bbox 497 2315 634 2374; x_wconf 84' lang='lat' dir='ltr'><strong>caritatis</strong></span> <span class='ocrx_word' id='word_1_126' title='bbox 663 2308 779 2388; x_wconf 75' lang='lat' dir='ltr'><strong>alitrix]</strong></span> 
     </span>
     <span class='ocr_line' id='line_1_17' title="bbox 154 2413 780 2480; baseline -0.003 0"><span class='ocrx_word' id='word_1_127' title='bbox 154 2413 337 2480; x_wconf 86' lang='lat' dir='ltr'><strong>Helmoldus</strong></span> <span class='ocrx_word' id='word_1_128' title='bbox 357 2415 389 2478; x_wconf 88' lang='lat' dir='ltr'><strong>io</strong></span> <span class='ocrx_word' id='word_1_129' title='bbox 407 2415 554 2478; x_wconf 83' lang='lat' dir='ltr'><strong>chronico</strong></span> <span class='ocrx_word' id='word_1_130' title='bbox 575 2416 735 2479; x_wconf 81' lang='lat' dir='ltr'><strong>Slarorum</strong></span> <span class='ocrx_word' id='word_1_131' title='bbox 750 2427 780 2478; x_wconf 86' lang='lat' dir='ltr'><strong>et</strong></span> 
     </span>
     <span class='ocr_line' id='line_1_18' title="bbox 153 2521 780 2608; baseline 0.003 -22"><span class='ocrx_word' id='word_1_132' title='bbox 153 2527 335 2606; x_wconf 66' lang='lat' dir='ltr'><strong>margaretae</strong></span> <span class='ocrx_word' id='word_1_133' title='bbox 345 2521 437 2605; x_wconf 80' lang='lat' dir='ltr'><strong>longe</strong></span> <span class='ocrx_word' id='word_1_134' title='bbox 454 2521 525 2583; x_wconf 78' lang='lat' dir='ltr'><strong>alias</strong></span> <span class='ocrx_word' id='word_1_135' title='bbox 542 2521 651 2584; x_wconf 83' lang='lat' dir='ltr'><strong>tribuit</strong></span> <span class='ocrx_word' id='word_1_136' title='bbox 676 2537 780 2608; x_wconf 83' lang='lat' dir='ltr'><strong>partes</strong></span> 
     </span>
     <span class='ocr_line' id='line_1_19' title="bbox 153 2627 779 2712; baseline -0.005 -18"><span class='ocrx_word' id='word_1_137' title='bbox 153 2643 186 2694; x_wconf 86' lang='lat' dir='ltr'><strong>et</strong></span> <span class='ocrx_word' id='word_1_138' title='bbox 207 2630 293 2692; x_wconf 85' lang='lat' dir='ltr'><strong>initia</strong></span> <span class='ocrx_word' id='word_1_139' title='bbox 313 2627 375 2692; x_wconf 88' lang='lat' dir='ltr'><strong>odii</strong></span> <span class='ocrx_word' id='word_1_140' title='bbox 393 2647 465 2712; x_wconf 85' lang='lat' dir='ltr'><strong>erga</strong></span> <span class='ocrx_word' id='word_1_141' title='bbox 493 2629 645 2693; x_wconf 63' lang='lat' dir='ltr'><strong>&amp;nutum</strong></span> <span class='ocrx_word' id='word_1_142' title='bbox 662 2627 779 2693; x_wconf 82' lang='lat' dir='ltr'><strong>diversa</strong></span> 
     </span>
     <span class='ocr_line' id='line_1_20' title="bbox 152 2731 779 2821; baseline 0.002 -24"><span class='ocrx_word' id='word_1_143' title='bbox 152 2736 260 2821; x_wconf 86' lang='lat' dir='ltr'><strong>pouit,</strong></span> <span class='ocrx_word' id='word_1_144' title='bbox 289 2735 357 2798; x_wconf 83' lang='lat' dir='ltr'><strong>baee</strong></span> <span class='ocrx_word' id='word_1_145' title='bbox 375 2734 508 2798; x_wconf 83' lang='lat' dir='ltr'><strong>scribens</strong></span> <span class='ocrx_word' id='word_1_146' title='bbox 529 2731 581 2798; x_wconf 87' lang='lat' dir='ltr'><strong>lib.</strong></span> <span class='ocrx_word' id='word_1_147' title='bbox 603 2737 698 2818; x_wconf 87' lang='lat' dir='ltr'><strong>Ieap.</strong></span> <span class='ocrx_word' id='word_1_148' title='bbox 721 2731 779 2798; x_wconf 80' lang='lat'><strong>50:</strong></span> 
     </span>
     <span class='ocr_line' id='line_1_21' title="bbox 153 2842 780 2928; baseline -0.002 -23"><span class='ocrx_word' id='word_1_149' title='bbox 153 2845 244 2906; x_wconf 79' lang='lat' dir='ltr'><strong>Cis-ea</strong></span> <span class='ocrx_word' id='word_1_150' title='bbox 264 2859 376 2928; x_wconf 87' lang='lat' dir='ltr'><strong>tempus</strong></span> <span class='ocrx_word' id='word_1_151' title='bbox 395 2843 510 2904; x_wconf 85' lang='lat' dir='ltr'><strong>illorum</strong></span> <span class='ocrx_word' id='word_1_152' title='bbox 526 2842 636 2904; x_wconf 72' lang='lat' dir='ltr'><strong>dierum</strong></span> <span class='ocrx_word' id='word_1_153' title='bbox 658 2843 780 2915; x_wconf 83' lang='lat' dir='ltr'><strong>accidit,</strong></span> 
     </span>
     <span class='ocr_line' id='line_1_22' title="bbox 151 2930 778 3022; baseline -0.003 -12"><span class='ocrx_word' id='word_1_154' title='bbox 151 2966 185 3010; x_wconf 82' lang='lat' dir='ltr'><strong>ut</strong></span> <span class='ocrx_word' id='word_1_155' title='bbox 199 2951 350 3020; x_wconf 78' lang='lat' dir='ltr'><strong>Kattutus,</strong></span> <span class='ocrx_word' id='word_1_156' title='bbox 369 2930 427 3010; x_wconf 70' lang='lat' dir='ltr'><strong>rent¹</strong></span> <span class='ocrx_word' id='word_1_157' title='bbox 438 2947 654 3022; x_wconf 73' lang='lat' dir='ltr'><strong>Obatritarum,</strong></span> <span class='ocrx_word' id='word_1_158' title='bbox 668 2951 778 3010; x_wconf 84' lang='lat' dir='ltr'><strong>ueniret</strong></span> 
     </span>
     <span class='ocr_line' id='line_1_23' title="bbox 149 3055 779 3138; baseline -0.006 -20"><span class='ocrx_word' id='word_1_159' title='bbox 149 3055 455 3126; x_wconf 56' lang='lat' dir='ltr'><strong>Sternetahitnrns</strong></span> <span class='ocrx_word' id='word_1_160' title='bbox 467 3076 530 3116; x_wconf 89' lang='lat' dir='ltr'><strong>cum</strong></span> <span class='ocrx_word' id='word_1_161' title='bbox 538 3068 650 3138; x_wconf 84' lang='lat' dir='ltr'><strong>patruo</strong></span> <span class='ocrx_word' id='word_1_162' title='bbox 663 3077 715 3116; x_wconf 88' lang='lat' dir='ltr'><strong>suo</strong></span> <span class='ocrx_word' id='word_1_163' title='bbox 723 3057 779 3118; x_wconf 89' lang='lat' dir='ltr'><strong>Ni-</strong></span> 
     </span>
     <span class='ocr_line' id='line_1_24' title="bbox 151 3159 776 3241; baseline -0.005 -20"><span class='ocrx_word' id='word_1_164' title='bbox 151 3162 235 3221; x_wconf 87' lang='lat' dir='ltr'><strong>eolaa</strong></span> <span class='ocrx_word' id='word_1_165' title='bbox 262 3161 371 3221; x_wconf 85' lang='lat' dir='ltr'><strong>curiale</strong></span> <span class='ocrx_word' id='word_1_166' title='bbox 396 3160 574 3241; x_wconf 83' lang='lat' dir='ltr'><strong>colloquium.</strong></span> <span class='ocrx_word' id='word_1_167' title='bbox 630 3159 702 3220; x_wconf 86' lang='lat' dir='ltr'><strong>Cum</strong></span> <span class='ocrx_word' id='word_1_168' title='bbox 724 3183 776 3220; x_wconf 88' lang='lat' dir='ltr'><strong>au·</strong></span> 
     </span>
     <span class='ocr_line' id='line_1_25' title="bbox 152 3267 776 3350; baseline 0.002 -25"><span class='ocrx_word' id='word_1_169' title='bbox 152 3283 209 3327; x_wconf 90' lang='lat' dir='ltr'><strong>tem</strong></span> <span class='ocrx_word' id='word_1_170' title='bbox 216 3267 347 3350; x_wconf 82' lang='lat' dir='ltr'><strong>populus</strong></span> <span class='ocrx_word' id='word_1_171' title='bbox 364 3269 488 3326; x_wconf 71' lang='lat' dir='ltr'><strong>venisset</strong></span> <span class='ocrx_word' id='word_1_172' title='bbox 511 3268 542 3326; x_wconf 88' lang='lat' dir='ltr'><strong>in</strong></span> <span class='ocrx_word' id='word_1_173' title='bbox 559 3268 720 3326; x_wconf 79' lang='lat' dir='ltr'><strong>concionem</strong></span> <span class='ocrx_word' id='word_1_174' title='bbox 748 3282 776 3326; x_wconf 90' lang='lat' dir='ltr'><strong>et</strong></span> 
     </span>
     <span class='ocr_line' id='line_1_26' title="bbox 154 3373 778 3442; baseline 0.006 -13"><span class='ocrx_word' id='word_1_175' title='bbox 154 3395 206 3431; x_wconf 74' lang='lat' dir='ltr'><strong>rex</strong></span> <span class='ocrx_word' id='word_1_176' title='bbox 218 3375 315 3432; x_wconf 78' lang='lat' dir='ltr'><strong>semor</strong></span> <span class='ocrx_word' id='word_1_177' title='bbox 330 3373 450 3434; x_wconf 74' lang='lat' dir='ltr'><strong>sedisset</strong></span> <span class='ocrx_word' id='word_1_178' title='bbox 475 3375 505 3432; x_wconf 86' lang='lat' dir='ltr'><strong>itt</strong></span> <span class='ocrx_word' id='word_1_179' title='bbox 521 3373 642 3442; x_wconf 79' lang='lat' dir='ltr'><strong>throno,</strong></span> <span class='ocrx_word' id='word_1_180' title='bbox 658 3373 778 3433; x_wconf 85' lang='lat' dir='ltr'><strong>r&#39;rtdutus</strong></span> 
     </span>
     <span class='ocr_line' id='line_1_27' title="bbox 153 3478 779 3564; baseline -0.005 -24"><span class='ocrx_word' id='word_1_181' title='bbox 153 3481 235 3540; x_wconf 81' lang='lat' dir='ltr'><strong>cultu</strong></span> <span class='ocrx_word' id='word_1_182' title='bbox 254 3485 349 3562; x_wconf 73' lang='lat' dir='ltr'><strong>regio,</strong></span> <span class='ocrx_word' id='word_1_183' title='bbox 379 3481 514 3540; x_wconf 87' lang='lat' dir='ltr'><strong>Kanutus</strong></span> <span class='ocrx_word' id='word_1_184' title='bbox 535 3478 644 3539; x_wconf 79' lang='lat' dir='ltr'><strong>assedit</strong></span> <span class='ocrx_word' id='word_1_185' title='bbox 670 3501 707 3538; x_wconf 76' lang='lat' dir='ltr'><strong>ee</strong></span> <span class='ocrx_word' id='word_1_186' title='bbox 726 3502 779 3564; x_wconf 88' lang='lat' dir='ltr'><strong>op-</strong></span> 
     </span>
     <span class='ocr_line' id='line_1_28' title="bbox 147 3587 778 3671; baseline 0.003 -27"><span class='ocrx_word' id='word_1_187' title='bbox 147 3589 266 3671; x_wconf 83' lang='lat' dir='ltr'><strong>posito,</strong></span> <span class='ocrx_word' id='word_1_188' title='bbox 289 3601 411 3670; x_wconf 70' lang='lat' dir='ltr'><strong>gestans</strong></span> <span class='ocrx_word' id='word_1_189' title='bbox 435 3599 464 3644; x_wconf 87' lang='lat' dir='ltr'><strong>et</strong></span> <span class='ocrx_word' id='word_1_190' title='bbox 488 3587 549 3669; x_wconf 86' lang='lat' dir='ltr'><strong>ipse</strong></span> <span class='ocrx_word' id='word_1_191' title='bbox 573 3607 711 3646; x_wconf 84' lang='lat' dir='ltr'><strong>eoronam</strong></span> <span class='ocrx_word' id='word_1_192' title='bbox 734 3609 778 3646; x_wconf 90' lang='lat' dir='ltr'><strong>re·</strong></span> 
     </span>
     <span class='ocr_line' id='line_1_29' title="bbox 150 3675 779 3776; baseline 0.005 -27"><span class='ocrx_word' id='word_1_193' title='bbox 150 3693 212 3773; x_wconf 74' lang='lat' dir='ltr'><strong>gni</strong></span> <span class='ocrx_word' id='word_1_194' title='bbox 251 3675 448 3752; x_wconf 83' lang='lat' dir='ltr'><strong>Obntritarittn</strong></span> <span class='ocrx_word' id='word_1_195' title='bbox 484 3695 666 3776; x_wconf 73' lang='lat' dir='ltr'><strong>stipatusque</strong></span> <span class='ocrx_word' id='word_1_196' title='bbox 690 3691 779 3754; x_wconf 89' lang='lat' dir='ltr'><strong>satel-</strong></span> 
     </span>
     <span class='ocr_line' id='line_1_30' title="bbox 151 3797 776 3882; baseline -0.003 -24"><span class='ocrx_word' id='word_1_197' title='bbox 151 3798 238 3858; x_wconf 83' lang='lat' dir='ltr'><strong>litum</strong></span> <span class='ocrx_word' id='word_1_198' title='bbox 250 3801 371 3880; x_wconf 69' lang='lat' dir='ltr'><strong>agranta</strong></span> <span class='ocrx_word' id='word_1_199' title='bbox 418 3797 558 3860; x_wconf 79' lang='lat' dir='ltr'><strong>Sericum</strong></span> <span class='ocrx_word' id='word_1_200' title='bbox 580 3821 631 3858; x_wconf 78' lang='lat' dir='ltr'><strong>rex</strong></span> <span class='ocrx_word' id='word_1_201' title='bbox 649 3813 776 3882; x_wconf 84' lang='lat' dir='ltr'><strong>patruus</strong></span> 
     </span>
     <span class='ocr_line' id='line_1_31' title="bbox 149 3901 777 3988; baseline -0.002 -26"><span class='ocrx_word' id='word_1_202' title='bbox 149 3902 262 3964; x_wconf 74' lang='lat' dir='ltr'><strong>uideret</strong></span> <span class='ocrx_word' id='word_1_203' title='bbox 277 3919 409 3988; x_wconf 80' lang='lat' dir='ltr'><strong>nepotem</strong></span> <span class='ocrx_word' id='word_1_204' title='bbox 432 3927 515 3966; x_wconf 88' lang='lat' dir='ltr'><strong>suum</strong></span> <span class='ocrx_word' id='word_1_205' title='bbox 537 3907 568 3964; x_wconf 87' lang='lat' dir='ltr'><strong>in</strong></span> <span class='ocrx_word' id='word_1_206' title='bbox 573 3901 666 3986; x_wconf 89' lang='lat' dir='ltr'><strong>sastu</strong></span> <span class='ocrx_word' id='word_1_207' title='bbox 683 3907 777 3984; x_wconf 76' lang='lat' dir='ltr'><strong>regio,</strong></span> 
     </span>
     <span class='ocr_line' id='line_1_32' title="bbox 147 4007 776 4092; baseline 0 -25"><span class='ocrx_word' id='word_1_208' title='bbox 147 4007 261 4090; x_wconf 84' lang='lat' dir='ltr'><strong>sibique</strong></span> <span class='ocrx_word' id='word_1_209' title='bbox 280 4032 331 4068; x_wconf 87' lang='lat' dir='ltr'><strong>nee</strong></span> <span class='ocrx_word' id='word_1_210' title='bbox 352 4033 505 4092; x_wconf 77' lang='lat' dir='ltr'><strong>assurgere</strong></span> <span class='ocrx_word' id='word_1_211' title='bbox 524 4033 575 4070; x_wconf 87' lang='lat' dir='ltr'><strong>nec</strong></span> <span class='ocrx_word' id='word_1_212' title='bbox 596 4009 776 4070; x_wconf 71' lang='lat' dir='ltr'><strong>osculantes</strong></span> 
     </span>
     <span class='ocr_line' id='line_1_33' title="bbox 148 4114 776 4196; baseline 0 -21"><span class='ocrx_word' id='word_1_213' title='bbox 148 4137 228 4175; x_wconf 89' lang='lat' dir='ltr'><strong>mare</strong></span> <span class='ocrx_word' id='word_1_214' title='bbox 241 4115 326 4184; x_wconf 85' lang='lat' dir='ltr'><strong>dare,</strong></span> <span class='ocrx_word' id='word_1_215' title='bbox 348 4117 531 4178; x_wconf 85' lang='lat' dir='ltr'><strong>dissimulata</strong></span> <span class='ocrx_word' id='word_1_216' title='bbox 544 4114 666 4196; x_wconf 80' lang='lat' dir='ltr'><strong>injuria,</strong></span> <span class='ocrx_word' id='word_1_217' title='bbox 679 4130 776 4176; x_wconf 87' lang='lat' dir='ltr'><strong>trans·</strong></span> 
     </span>
     <span class='ocr_line' id='line_1_34' title="bbox 146 4221 776 4298; baseline 0 -16"><span class='ocrx_word' id='word_1_218' title='bbox 146 4226 183 4282; x_wconf 87' lang='lat' dir='ltr'><strong>iit</strong></span> <span class='ocrx_word' id='word_1_219' title='bbox 198 4222 242 4284; x_wconf 77' lang='lat' dir='ltr'><strong>ed</strong></span> <span class='ocrx_word' id='word_1_220' title='bbox 251 4245 327 4298; x_wconf 71' lang='lat' dir='ltr'><strong>eunt,</strong></span> <span class='ocrx_word' id='word_1_221' title='bbox 341 4221 776 4284; x_wconf 77' lang='lat' dir='ltr'><strong>oblaturussalutatt&#39;onemeum</strong></span> 
     </span>
     <span class='ocr_line' id='line_1_35' title="bbox 144 4325 776 4396; baseline -0.006 -6"><span class='ocrx_word' id='word_1_222' title='bbox 144 4328 254 4390; x_wconf 72' lang='lat' dir='ltr'><strong>merlo.</strong></span> <span class='ocrx_word' id='word_1_223' title='bbox 303 4325 363 4392; x_wconf 87' lang='lat' dir='ltr'><strong>Cui</strong></span> <span class='ocrx_word' id='word_1_224' title='bbox 375 4329 424 4388; x_wconf 86' lang='lat' dir='ltr'><strong>iile</strong></span> <span class='ocrx_word' id='word_1_225' title='bbox 441 4349 595 4388; x_wconf 76' lang='lat' dir='ltr'><strong>occursans</strong></span> <span class='ocrx_word' id='word_1_226' title='bbox 615 4349 653 4386; x_wconf 82' lang='lat' dir='ltr'><strong>etr</strong></span> <span class='ocrx_word' id='word_1_227' title='bbox 669 4327 776 4396; x_wconf 69' lang='lat' dir='ltr'><strong>nudie,</strong></span> 
     </span>
     <span class='ocr_line' id='line_1_36' title="bbox 144 4433 775 4520; baseline -0.01 -22"><span class='ocrx_word' id='word_1_228' title='bbox 144 4456 276 4520; x_wconf 77' lang='lat' dir='ltr'><strong>smper</strong></span> <span class='ocrx_word' id='word_1_229' title='bbox 292 4437 390 4496; x_wconf 83' lang='lat' dir='ltr'><strong>otnnt&#39;a</strong></span> <span class='ocrx_word' id='word_1_230' title='bbox 407 4449 521 4518; x_wconf 82' lang='lat' dir='ltr'><strong>patruo</strong></span> <span class='ocrx_word' id='word_1_231' title='bbox 546 4447 575 4492; x_wconf 85' lang='lat' dir='ltr'><strong>et</strong></span> <span class='ocrx_word' id='word_1_232' title='bbox 595 4433 658 4494; x_wconf 86' lang='lat' dir='ltr'><strong>Ioco</strong></span> <span class='ocrx_word' id='word_1_233' title='bbox 680 4449 708 4494; x_wconf 90' lang='lat' dir='ltr'><strong>et</strong></span> <span class='ocrx_word' id='word_1_234' title='bbox 730 4433 775 4492; x_wconf 88' lang='lat' dir='ltr'><strong>di·</strong></span> 
     </span>
     <span class='ocr_line' id='line_1_37' title="bbox 141 4538 776 4624; baseline -0.006 -22"><span class='ocrx_word' id='word_1_235' title='bbox 141 4543 263 4624; x_wconf 76' lang='lat' dir='ltr'><strong>gtsitate</strong></span> <span class='ocrx_word' id='word_1_236' title='bbox 276 4541 449 4621; x_wconf 76' lang='lat' dir='ltr'><strong>adaquavit.</strong></span> <span class='ocrx_word' id='word_1_237' title='bbox 482 4538 572 4624; x_wconf 82' lang='lat' dir='ltr'><strong>Quod</strong></span> <span class='ocrx_word' id='word_1_238' title='bbox 577 4538 699 4623; x_wconf 87' lang='lat' dir='ltr'><strong>factum</strong></span> <span class='ocrx_word' id='word_1_239' title='bbox 716 4539 776 4598; x_wconf 65' lang='lat' dir='ltr'><strong>Kar</strong></span> 
     </span>
     <span class='ocr_line' id='line_1_38' title="bbox 145 4644 775 4708; baseline -0.006 0"><span class='ocrx_word' id='word_1_240' title='bbox 145 4663 218 4708; x_wconf 86' lang='lat' dir='ltr'><strong>nata</strong></span> <span class='ocrx_word' id='word_1_241' title='bbox 242 4645 350 4708; x_wconf 69' lang='lat' dir='ltr'><strong>lethale</strong></span> <span class='ocrx_word' id='word_1_242' title='bbox 372 4644 472 4706; x_wconf 74' lang='lat' dir='ltr'><strong>adriam</strong></span> <span class='ocrx_word' id='word_1_243' title='bbox 500 4646 634 4708; x_wconf 69' lang='lat' dir='ltr'><strong>commit.</strong></span> <span class='ocrx_word' id='word_1_244' title='bbox 695 4645 775 4704; x_wconf 86' lang='lat' dir='ltr'><strong>Nam</strong></span> 
     </span>
     <span class='ocr_line' id='line_1_39' title="bbox 144 4751 775 4834; baseline -0.003 -22"><span class='ocrx_word' id='word_1_245' title='bbox 144 4753 298 4834; x_wconf 73' lang='lat' dir='ltr'><strong>Magnus,</strong></span> <span class='ocrx_word' id='word_1_246' title='bbox 329 4751 413 4831; x_wconf 78' lang='lat' dir='ltr'><strong>filius</strong></span> <span class='ocrx_word' id='word_1_247' title='bbox 434 4751 573 4822; x_wconf 83' lang='lat' dir='ltr'><strong>Nt‘eolai,</strong></span> <span class='ocrx_word' id='word_1_248' title='bbox 599 4775 663 4812; x_wconf 88' lang='lat' dir='ltr'><strong>cum</strong></span> <span class='ocrx_word' id='word_1_249' title='bbox 682 4766 775 4812; x_wconf 86' lang='lat' dir='ltr'><strong>matre</strong></span> 
     </span>
     <span class='ocr_line' id='line_1_40' title="bbox 142 4857 775 4932; baseline -0.002 -14"><span class='ocrx_word' id='word_1_250' title='bbox 142 4857 213 4918; x_wconf 75' lang='lat' dir='ltr'><strong>huie</strong></span> <span class='ocrx_word' id='word_1_251' title='bbox 237 4857 406 4932; x_wconf 78' lang='lat' dir='ltr'><strong>spectacula</strong></span> <span class='ocrx_word' id='word_1_252' title='bbox 432 4857 581 4928; x_wconf 77' lang='lat' dir='ltr'><strong>assidens,</strong></span> <span class='ocrx_word' id='word_1_253' title='bbox 612 4858 775 4922; x_wconf 75' lang='lat' dir='ltr'><strong>incredibile</strong></span> 
     </span>
    </p>
   </div>
   <div class='ocr_carea' id='block_1_5' title="bbox 832 2207 1529 4838">
    <p class='ocr_par' dir='ltr' id='par_1_5' title="bbox 832 2207 1529 4838">
     <span class='ocr_line' id='line_1_41' title="bbox 841 2207 1467 2290; baseline 0.002 -25"><span class='ocrx_word' id='word_1_254' title='bbox 841 2209 947 2267; x_wconf 75' lang='lat' dir='ltr'><strong>tr&#39;rrruiu</strong></span> <span class='ocrx_word' id='word_1_255' title='bbox 993 2207 1083 2290; x_wconf 79' lang='lat' dir='ltr'><strong>Quod</strong></span> <span class='ocrx_word' id='word_1_256' title='bbox 1093 2209 1121 2268; x_wconf 92' lang='lat' dir='ltr'><strong>si</strong></span> <span class='ocrx_word' id='word_1_257' title='bbox 1135 2208 1252 2288; x_wconf 80' lang='lat' dir='ltr'><strong>langius</strong></span> <span class='ocrx_word' id='word_1_258' title='bbox 1270 2207 1467 2268; x_wconf 76' lang='lat' dir='ltr'><strong>dissimulant-</strong></span> 
     </span>
     <span class='ocr_line' id='line_1_42' title="bbox 840 2312 1466 2384; baseline -0.002 -12"><span class='ocrx_word' id='word_1_259' title='bbox 840 2315 895 2384; x_wconf 80' lang='lat' dir='ltr'><strong>ris,</strong></span> <span class='ocrx_word' id='word_1_260' title='bbox 916 2328 945 2372; x_wconf 91' lang='lat' dir='ltr'><strong>et</strong></span> <span class='ocrx_word' id='word_1_261' title='bbox 965 2335 1022 2372; x_wconf 86' lang='lat' dir='ltr'><strong>nort</strong></span> <span class='ocrx_word' id='word_1_262' title='bbox 1039 2312 1177 2376; x_wconf 78' lang='lat' dir='ltr'><strong>oaetdert&#39;s</strong></span> <span class='ocrx_word' id='word_1_263' title='bbox 1193 2336 1270 2384; x_wconf 80' lang='lat' dir='ltr'><strong>eum,</strong></span> <span class='ocrx_word' id='word_1_264' title='bbox 1290 2317 1363 2375; x_wconf 86' lang='lat' dir='ltr'><strong>scito</strong></span> <span class='ocrx_word' id='word_1_265' title='bbox 1387 2327 1415 2372; x_wconf 89' lang='lat' dir='ltr'><strong>te</strong></span> <span class='ocrx_word' id='word_1_266' title='bbox 1437 2325 1466 2372; x_wconf 90' lang='lat' dir='ltr'><strong>et</strong></span> 
     </span>
     <span class='ocr_line' id='line_1_43' title="bbox 840 2409 1466 2504; baseline 0.003 -28"><span class='ocrx_word' id='word_1_267' title='bbox 840 2409 906 2477; x_wconf 78' lang='lat' dir='ltr'><strong>vitei</strong></span> <span class='ocrx_word' id='word_1_268' title='bbox 917 2433 946 2477; x_wconf 91' lang='lat' dir='ltr'><strong>et</strong></span> <span class='ocrx_word' id='word_1_269' title='bbox 966 2440 1055 2500; x_wconf 79' lang='lat' dir='ltr'><strong>regno</strong></span> <span class='ocrx_word' id='word_1_270' title='bbox 1079 2418 1116 2478; x_wconf 84' lang='lat' dir='ltr'><strong>ab</strong></span> <span class='ocrx_word' id='word_1_271' title='bbox 1131 2441 1163 2478; x_wconf 92' lang='lat' dir='ltr'><strong>eo</strong></span> <span class='ocrx_word' id='word_1_272' title='bbox 1178 2419 1365 2504; x_wconf 80' lang='lat' dir='ltr'><strong>prt&#39;atnndum.</strong></span> <span class='ocrx_word' id='word_1_273' title='bbox 1408 2418 1466 2478; x_wconf 77' lang='lat' dir='ltr'><strong>ttr&#39;s</strong></span> 
     </span>
     <span class='ocr_line' id='line_1_44' title="bbox 841 2524 1466 2610; baseline 0.003 -28"><span class='ocrx_word' id='word_1_274' title='bbox 841 2525 939 2606; x_wconf 87' lang='lat' dir='ltr'><strong>itaque</strong></span> <span class='ocrx_word' id='word_1_275' title='bbox 952 2524 1045 2584; x_wconf 84' lang='lat' dir='ltr'><strong>uerbis</strong></span> <span class='ocrx_word' id='word_1_276' title='bbox 1062 2525 1260 2585; x_wconf 83' lang='lat' dir='ltr'><strong>instimulatus</strong></span> <span class='ocrx_word' id='word_1_277' title='bbox 1282 2528 1375 2610; x_wconf 84' lang='lat' dir='ltr'><strong>eoepit</strong></span> <span class='ocrx_word' id='word_1_278' title='bbox 1397 2525 1466 2585; x_wconf 89' lang='lat' dir='ltr'><strong>insi-</strong></span> 
     </span>
     <span class='ocr_line' id='line_1_45' title="bbox 839 2627 1464 2700; baseline -0.006 -12"><span class='ocrx_word' id='word_1_279' title='bbox 839 2627 907 2690; x_wconf 86' lang='lat' dir='ltr'><strong>dias</strong></span> <span class='ocrx_word' id='word_1_280' title='bbox 929 2629 1027 2689; x_wconf 89' lang='lat' dir='ltr'><strong>moliri</strong></span> <span class='ocrx_word' id='word_1_281' title='bbox 1035 2673 1048 2700; x_wconf 81' lang='grc'><strong><em>,</em></strong></span> <span class='ocrx_word' id='word_1_282' title='bbox 1070 2645 1102 2688; x_wconf 89' lang='lat' dir='ltr'><strong>ut</strong></span> <span class='ocrx_word' id='word_1_283' title='bbox 1132 2631 1279 2690; x_wconf 87' lang='lat' dir='ltr'><strong>Kanutum</strong></span> <span class='ocrx_word' id='word_1_284' title='bbox 1316 2629 1464 2690; x_wconf 83' lang='lat' dir='ltr'><strong>occideret.</strong></span> 
     </span>
     <span class='ocr_line' id='line_1_46' title="bbox 841 2733 1465 2818; baseline 0.003 -24"><span class='ocrx_word' id='word_1_285' title='bbox 841 2733 931 2818; x_wconf 80' lang='lat' dir='ltr'><strong>Quod</strong></span> <span class='ocrx_word' id='word_1_286' title='bbox 941 2737 1066 2796; x_wconf 87' lang='lat' dir='ltr'><strong>sentiens</strong></span> <span class='ocrx_word' id='word_1_287' title='bbox 1087 2737 1230 2796; x_wconf 82' lang='lat' dir='ltr'><strong>Nicolaus</strong></span> <span class='ocrx_word' id='word_1_288' title='bbox 1247 2750 1386 2796; x_wconf 86' lang='lat' dir='ltr'><strong>conuocat</strong></span> <span class='ocrx_word' id='word_1_289' title='bbox 1403 2735 1465 2796; x_wconf 88' lang='lat' dir='ltr'><strong>uni·</strong></span> 
     </span>
     <span class='ocr_line' id='line_1_47' title="bbox 837 2842 1463 2927; baseline -0.002 -27"><span class='ocrx_word' id='word_1_290' title='bbox 837 2861 935 2901; x_wconf 82' lang='lat' dir='ltr'><strong>versos</strong></span> <span class='ocrx_word' id='word_1_291' title='bbox 952 2844 1101 2926; x_wconf 81' lang='lat' dir='ltr'><strong>prt&#39;tttt‘pes</strong></span> <span class='ocrx_word' id='word_1_292' title='bbox 1126 2846 1221 2924; x_wconf 70' lang='lat' dir='ltr'><strong>regni,</strong></span> <span class='ocrx_word' id='word_1_293' title='bbox 1241 2842 1376 2923; x_wconf 79' lang='lat' dir='ltr'><strong>deditque</strong></span> <span class='ocrx_word' id='word_1_294' title='bbox 1397 2863 1463 2927; x_wconf 87' lang='lat' dir='ltr'><strong>ope-</strong></span> 
     </span>
     <span class='ocr_line' id='line_1_48' title="bbox 839 2947 1464 3030; baseline 0.003 -24"><span class='ocrx_word' id='word_1_295' title='bbox 839 2967 915 3015; x_wconf 87' lang='lat' dir='ltr'><strong>ram,</strong></span> <span class='ocrx_word' id='word_1_296' title='bbox 930 2962 962 3006; x_wconf 83' lang='lat' dir='ltr'><strong>ut</strong></span> <span class='ocrx_word' id='word_1_297' title='bbox 966 2947 1088 3026; x_wconf 75' lang='lat' dir='ltr'><strong>juvenes</strong></span> <span class='ocrx_word' id='word_1_298' title='bbox 1101 2947 1272 3010; x_wconf 75' lang='lat' dir='ltr'><strong>dtsst&#39;dentes</strong></span> <span class='ocrx_word' id='word_1_299' title='bbox 1277 2947 1464 3030; x_wconf 83' lang='lat' dir='ltr'><strong>consttedera·</strong></span> 
     </span>
     <span class='ocr_line' id='line_1_49' title="bbox 839 3017 1464 3138; baseline 0.005 -27"><span class='ocrx_word' id='word_1_300' title='bbox 839 3067 889 3112; x_wconf 89' lang='lat' dir='ltr'><strong>ret.</strong></span> <span class='ocrx_word' id='word_1_301' title='bbox 944 3053 1176 3126; x_wconf 67' lang='lat' dir='ltr'><strong>Dissenstottibus</strong></span> <span class='ocrx_word' id='word_1_302' title='bbox 1200 3017 1284 3138; x_wconf 63' lang='lat' dir='ltr'><strong>ergri&#39;</strong></span> <span class='ocrx_word' id='word_1_303' title='bbox 1305 3054 1346 3116; x_wconf 82' lang='lat' dir='ltr'><strong>ad</strong></span> <span class='ocrx_word' id='word_1_304' title='bbox 1367 3076 1464 3116; x_wconf 84' lang='lat' dir='ltr'><strong>nucem</strong></span> 
     </span>
     <span class='ocr_line' id='line_1_50' title="bbox 835 3159 1463 3244; baseline -0.003 -26"><span class='ocrx_word' id='word_1_305' title='bbox 835 3160 983 3220; x_wconf 74' lang='lat' dir='ltr'><strong>inclinatis</strong></span> <span class='ocrx_word' id='word_1_306' title='bbox 990 3160 1097 3240; x_wconf 85' lang='lat' dir='ltr'><strong>jurata</strong></span> <span class='ocrx_word' id='word_1_307' title='bbox 1111 3177 1178 3222; x_wconf 88' lang='lat' dir='ltr'><strong>sunt</strong></span> <span class='ocrx_word' id='word_1_308' title='bbox 1193 3163 1325 3244; x_wconf 86' lang='lat' dir='ltr'><strong>utrinque</strong></span> <span class='ocrx_word' id='word_1_309' title='bbox 1336 3159 1463 3226; x_wconf 81' lang='lat' dir='ltr'><strong>foedera.</strong></span> 
     </span>
     <span class='ocr_line' id='line_1_51' title="bbox 837 3261 1464 3352; baseline 0.006 -30"><span class='ocrx_word' id='word_1_310' title='bbox 837 3261 914 3352; x_wconf 77' lang='lat' dir='ltr'><strong>Quae</strong></span> <span class='ocrx_word' id='word_1_311' title='bbox 946 3261 996 3326; x_wconf 86' lang='lat' dir='ltr'><strong>hir</strong></span> <span class='ocrx_word' id='word_1_312' title='bbox 1025 3263 1063 3327; x_wconf 87' lang='lat' dir='ltr'><strong>de</strong></span> <span class='ocrx_word' id='word_1_313' title='bbox 1089 3269 1259 3350; x_wconf 79' lang='lat' dir='ltr'><strong>Margareta</strong></span> <span class='ocrx_word' id='word_1_314' title='bbox 1279 3263 1464 3340; x_wconf 77' lang='lat' dir='ltr'><strong>afferuntur,</strong></span> 
     </span>
     <span class='ocr_line' id='line_1_52' title="bbox 837 3368 1464 3456; baseline 0.006 -28"><span class='ocrx_word' id='word_1_315' title='bbox 837 3368 932 3451; x_wconf 80' lang='lat' dir='ltr'><strong>magis</strong></span> <span class='ocrx_word' id='word_1_316' title='bbox 972 3369 1057 3452; x_wconf 82' lang='lat' dir='ltr'><strong>juxta</strong></span> <span class='ocrx_word' id='word_1_317' title='bbox 1092 3392 1244 3434; x_wconf 89' lang='lat' dir='ltr'><strong>rumorem</strong></span> <span class='ocrx_word' id='word_1_318' title='bbox 1284 3372 1464 3456; x_wconf 84' lang='lat' dir='ltr'><strong>popularem</strong></span> 
     </span>
     <span class='ocr_line' id='line_1_53' title="bbox 838 3475 1464 3558; baseline 0.003 -24"><span class='ocrx_word' id='word_1_319' title='bbox 838 3495 929 3558; x_wconf 82' lang='lat' dir='ltr'><strong>quam</strong></span> <span class='ocrx_word' id='word_1_320' title='bbox 961 3494 997 3537; x_wconf 84' lang='lat' dir='ltr'><strong>ex</strong></span> <span class='ocrx_word' id='word_1_321' title='bbox 1031 3475 1158 3538; x_wconf 80' lang='lat' dir='ltr'><strong>veritate</strong></span> <span class='ocrx_word' id='word_1_322' title='bbox 1188 3477 1330 3540; x_wconf 84' lang='lat' dir='ltr'><strong>ridentur</strong></span> <span class='ocrx_word' id='word_1_323' title='bbox 1364 3475 1464 3537; x_wconf 75' lang='lat' dir='ltr'><strong>attan.</strong></span> 
     </span>
     <span class='ocr_line' id='line_1_54' title="bbox 837 3581 1463 3669; baseline 0.003 -27"><span class='ocrx_word' id='word_1_324' title='bbox 837 3583 933 3642; x_wconf 84' lang='lat' dir='ltr'><strong>Nemo</strong></span> <span class='ocrx_word' id='word_1_325' title='bbox 953 3601 1024 3644; x_wconf 84' lang='lat' dir='ltr'><strong>sane</strong></span> <span class='ocrx_word' id='word_1_326' title='bbox 1046 3581 1181 3661; x_wconf 80' lang='lat' dir='ltr'><strong>audivit,</strong></span> <span class='ocrx_word' id='word_1_327' title='bbox 1210 3583 1282 3669; x_wconf 89' lang='lat' dir='ltr'><strong>quid</strong></span> <span class='ocrx_word' id='word_1_328' title='bbox 1306 3583 1410 3668; x_wconf 76' lang='lat' dir='ltr'><strong>regins</strong></span> <span class='ocrx_word' id='word_1_329' title='bbox 1431 3587 1463 3644; x_wconf 91' lang='lat' dir='ltr'><strong>in</strong></span> 
     </span>
     <span class='ocr_line' id='line_1_55' title="bbox 837 3689 1463 3772; baseline 0.01 -24"><span class='ocrx_word' id='word_1_330' title='bbox 837 3698 990 3748; x_wconf 80' lang='lat' dir='ltr'><strong>conventu</strong></span> <span class='ocrx_word' id='word_1_331' title='bbox 1002 3689 1127 3772; x_wconf 81' lang='lat' dir='ltr'><strong>publiea</strong></span> <span class='ocrx_word' id='word_1_332' title='bbox 1147 3690 1269 3753; x_wconf 82' lang='lat' dir='ltr'><strong>auribus</strong></span> <span class='ocrx_word' id='word_1_333' title='bbox 1298 3689 1353 3754; x_wconf 84' lang='lat' dir='ltr'><strong>iiiii</strong></span> <span class='ocrx_word' id='word_1_334' title='bbox 1382 3692 1463 3754; x_wconf 87' lang='lat' dir='ltr'><strong>insu-</strong></span> 
     </span>
     <span class='ocr_line' id='line_1_56' title="bbox 837 3794 1463 3880; baseline 0.01 -28"><span class='ocrx_word' id='word_1_335' title='bbox 837 3803 987 3870; x_wconf 80' lang='lat' dir='ltr'><strong>surraret3</strong></span> <span class='ocrx_word' id='word_1_336' title='bbox 1008 3795 1097 3858; x_wconf 90' lang='lat' dir='ltr'><strong>multi</strong></span> <span class='ocrx_word' id='word_1_337' title='bbox 1119 3809 1235 3874; x_wconf 84' lang='lat' dir='ltr'><strong>autem,</strong></span> <span class='ocrx_word' id='word_1_338' title='bbox 1262 3796 1314 3880; x_wconf 82' lang='lat' dir='ltr'><strong>qui</strong></span> <span class='ocrx_word' id='word_1_339' title='bbox 1334 3794 1463 3859; x_wconf 85' lang='lat' dir='ltr'><strong>comitiis</strong></span> 
     </span>
     <span class='ocr_line' id='line_1_57' title="bbox 840 3895 1463 3988; baseline 0.013 -31"><span class='ocrx_word' id='word_1_340' title='bbox 840 3895 1057 3980; x_wconf 73' lang='lat' dir='ltr'><strong>imminerunt,</strong></span> <span class='ocrx_word' id='word_1_341' title='bbox 1077 3901 1109 3962; x_wconf 87' lang='lat' dir='ltr'><strong>in</strong></span> <span class='ocrx_word' id='word_1_342' title='bbox 1124 3901 1201 3964; x_wconf 86' lang='lat' dir='ltr'><strong>hane</strong></span> <span class='ocrx_word' id='word_1_343' title='bbox 1218 3899 1352 3964; x_wconf 85' lang='lat' dir='ltr'><strong>incidere</strong></span> <span class='ocrx_word' id='word_1_344' title='bbox 1372 3915 1463 3988; x_wconf 88' lang='lat' dir='ltr'><strong>potu·</strong></span> 
     </span>
     <span class='ocr_line' id='line_1_58' title="bbox 837 4003 1463 4088; baseline 0.013 -25"><span class='ocrx_word' id='word_1_345' title='bbox 837 4015 927 4065; x_wconf 88' lang='lat' dir='ltr'><strong>erunt</strong></span> <span class='ocrx_word' id='word_1_346' title='bbox 949 4003 1141 4088; x_wconf 87' lang='lat' dir='ltr'><strong>opinionem,</strong></span> <span class='ocrx_word' id='word_1_347' title='bbox 1170 4019 1298 4070; x_wconf 82' lang='lat' dir='ltr'><strong>matrem</strong></span> <span class='ocrx_word' id='word_1_348' title='bbox 1321 4004 1402 4070; x_wconf 84' lang='lat' dir='ltr'><strong>fastu</strong></span> <span class='ocrx_word' id='word_1_349' title='bbox 1416 4029 1463 4070; x_wconf 87' lang='lat' dir='ltr'><strong>re-</strong></span> 
     </span>
     <span class='ocr_line' id='line_1_59' title="bbox 835 4109 1463 4193; baseline 0.005 -21"><span class='ocrx_word' id='word_1_350' title='bbox 835 4109 887 4193; x_wconf 81' lang='lat' dir='ltr'><strong>gio</strong></span> <span class='ocrx_word' id='word_1_351' title='bbox 919 4111 1028 4174; x_wconf 84' lang='lat' dir='ltr'><strong>Canuti</strong></span> <span class='ocrx_word' id='word_1_352' title='bbox 1055 4127 1237 4176; x_wconf 86' lang='lat' dir='ltr'><strong>commotam</strong></span> <span class='ocrx_word' id='word_1_353' title='bbox 1275 4112 1463 4176; x_wconf 86' lang='lat' dir='ltr'><strong>muliebriter</strong></span> 
     </span>
     <span class='ocr_line' id='line_1_60' title="bbox 834 4215 1462 4298; baseline 0.006 -22"><span class='ocrx_word' id='word_1_354' title='bbox 834 4215 945 4279; x_wconf 76' lang='lat' dir='ltr'><strong>invidia</strong></span> <span class='ocrx_word' id='word_1_355' title='bbox 971 4219 1131 4298; x_wconf 83' lang='lat' dir='ltr'><strong>exarsisse,</strong></span> <span class='ocrx_word' id='word_1_356' title='bbox 1161 4233 1191 4282; x_wconf 87' lang='lat' dir='ltr'><strong>et</strong></span> <span class='ocrx_word' id='word_1_357' title='bbox 1217 4220 1296 4282; x_wconf 85' lang='lat' dir='ltr'><strong>bano</strong></span> <span class='ocrx_word' id='word_1_358' title='bbox 1317 4219 1462 4281; x_wconf 83' lang='lat' dir='ltr'><strong>invidiam</strong></span> 
     </span>
     <span class='ocr_line' id='line_1_61' title="bbox 832 4321 1462 4406; baseline 0.014 -22"><span class='ocrx_word' id='word_1_359' title='bbox 832 4323 963 4406; x_wconf 84' lang='lat' dir='ltr'><strong>primam</strong></span> <span class='ocrx_word' id='word_1_360' title='bbox 978 4321 1071 4389; x_wconf 82' lang='lat' dir='ltr'><strong>fuisse</strong></span> <span class='ocrx_word' id='word_1_361' title='bbox 1085 4326 1157 4388; x_wconf 81' lang='lat' dir='ltr'><strong>meli</strong></span> <span class='ocrx_word' id='word_1_362' title='bbox 1167 4325 1276 4388; x_wconf 82' lang='lat' dir='ltr'><strong>lehem.</strong></span> <span class='ocrx_word' id='word_1_363' title='bbox 1316 4327 1398 4391; x_wconf 81' lang='lat' dir='ltr'><strong>&#39;Palis</strong></span> <span class='ocrx_word' id='word_1_364' title='bbox 1413 4351 1462 4392; x_wconf 84' lang='lat' dir='ltr'><strong>ro·</strong></span> 
     </span>
     <span class='ocr_line' id='line_1_62' title="bbox 836 4429 1463 4516; baseline 0.013 -25"><span class='ocrx_word' id='word_1_365' title='bbox 836 4451 872 4492; x_wconf 92' lang='lat' dir='ltr'><strong>ro</strong></span> <span class='ocrx_word' id='word_1_366' title='bbox 886 4429 992 4516; x_wconf 88' lang='lat' dir='ltr'><strong>opinio</strong></span> <span class='ocrx_word' id='word_1_367' title='bbox 1006 4430 1086 4495; x_wconf 86' lang='lat' dir='ltr'><strong>haud</strong></span> <span class='ocrx_word' id='word_1_368' title='bbox 1107 4431 1191 4494; x_wconf 90' lang='lat' dir='ltr'><strong>tollit</strong></span> <span class='ocrx_word' id='word_1_369' title='bbox 1211 4430 1354 4496; x_wconf 83' lang='lat' dir='ltr'><strong>disertum</strong></span> <span class='ocrx_word' id='word_1_370' title='bbox 1370 4437 1463 4499; x_wconf 82' lang='lat' dir='ltr'><strong>Saxo—</strong></span> 
     </span>
     <span class='ocr_line' id='line_1_63' title="bbox 834 4533 1529 4626; baseline 0.013 -30"><span class='ocrx_word' id='word_1_371' title='bbox 834 4533 881 4597; x_wconf 87' lang='lat' dir='ltr'><strong>nis</strong></span> <span class='ocrx_word' id='word_1_372' title='bbox 906 4537 1102 4599; x_wconf 84' lang='lat' dir='ltr'><strong>assertionem</strong></span> <span class='ocrx_word' id='word_1_373' title='bbox 1129 4535 1166 4598; x_wconf 89' lang='lat' dir='ltr'><strong>de</strong></span> <span class='ocrx_word' id='word_1_374' title='bbox 1190 4537 1322 4622; x_wconf 80' lang='lat' dir='ltr'><strong>pacificis</strong></span> <span class='ocrx_word' id='word_1_375' title='bbox 1350 4539 1461 4626; x_wconf 75' lang='lat' dir='ltr'><strong>reginae</strong></span> <span class='ocrx_word' id='word_1_376' title='bbox 1524 4596 1529 4604; x_wconf 93' lang='lat'><em>.</em></span> 
     </span>
     <span class='ocr_line' id='line_1_64' title="bbox 834 4639 1460 4728; baseline 0.013 -26"><span class='ocrx_word' id='word_1_377' title='bbox 834 4639 949 4703; x_wconf 88' lang='lat' dir='ltr'><strong>studiis.</strong></span> <span class='ocrx_word' id='word_1_378' title='bbox 990 4645 1160 4728; x_wconf 82' lang='lat' dir='ltr'><strong>Margareta</strong></span> <span class='ocrx_word' id='word_1_379' title='bbox 1183 4643 1264 4706; x_wconf 85' lang='lat' dir='ltr'><strong>baud</strong></span> <span class='ocrx_word' id='word_1_380' title='bbox 1279 4645 1370 4709; x_wconf 87' lang='lat' dir='ltr'><strong>dubie</strong></span> <span class='ocrx_word' id='word_1_381' title='bbox 1384 4647 1460 4711; x_wconf 88' lang='lat' dir='ltr'><strong>obiit</strong></span> 
     </span>
     <span class='ocr_line' id='line_1_65' title="bbox 834 4745 1458 4838; baseline 0.003 -28"><span class='ocrx_word' id='word_1_382' title='bbox 834 4769 914 4810; x_wconf 79' lang='lat' dir='ltr'><strong>anno</strong></span> <span class='ocrx_word' id='word_1_383' title='bbox 932 4745 1013 4812; x_wconf 83' lang='lat'>1130</span> <span class='ocrx_word' id='word_1_384' title='bbox 1032 4745 1208 4832; x_wconf 78' lang='lat' dir='ltr'><strong>(Langebelt</strong></span> <span class='ocrx_word' id='word_1_385' title='bbox 1225 4749 1256 4812; x_wconf 93' lang='lat' dir='ltr'><strong>in</strong></span> <span class='ocrx_word' id='word_1_386' title='bbox 1277 4753 1389 4838; x_wconf 87' lang='lat' dir='ltr'><strong>Seript.</strong></span> <span class='ocrx_word' id='word_1_387' title='bbox 1402 4773 1458 4815; x_wconf 85' lang='lat' dir='ltr'><strong>rer.</strong></span> 
     </span>
    </p>
   </div>
   <div class='ocr_carea' id='block_1_6' title="bbox 834 4853 1189 4941">
    <p class='ocr_par' dir='ltr' id='par_1_6' title="bbox 834 4853 1189 4941">
     <span class='ocr_line' id='line_1_66' title="bbox 834 4853 1189 4941; baseline 0.006 -25"><span class='ocrx_word' id='word_1_388' title='bbox 834 4856 910 4918; x_wconf 85' lang='lat' dir='ltr'><strong>Dan.</strong></span> <span class='ocrx_word' id='word_1_389' title='bbox 930 4855 990 4918; x_wconf 87' lang='lat' dir='ltr'><strong>vol.</strong></span> <span class='ocrx_word' id='word_1_390' title='bbox 1006 4859 1049 4920; x_wconf 87' lang='lat' dir='ltr'><strong>lV</strong></span> <span class='ocrx_word' id='word_1_391' title='bbox 1062 4880 1093 4941; x_wconf 88' lang='lat' dir='ltr'><strong>p.</strong></span> <span class='ocrx_word' id='word_1_392' title='bbox 1105 4853 1189 4936; x_wconf 80' lang='lat'>251).</span> 
     </span>
    </p>
   </div>
   <div class='ocr_carea' id='block_1_7' title="bbox 0 0 1796 5466">
    <p class='ocr_par' dir='ltr' id='par_1_7' title="bbox 0 0 1796 5466">
     <span class='ocr_line' id='line_1_67' title="bbox 0 0 1796 5466; baseline 0 4"><span class='ocrx_word' id='word_1_393' title='bbox 0 0 1796 5466; x_wconf 95' lang='lat' dir='ltr'><strong> </strong></span> 
     </span>
    </p>
   </div>
  </div>
 </body>
</html>
