3536 5462
350 309 476 400 rot*
668 325 844 396 utsron.
860 327 966 398 nau.
982 325 1237 402 trenamv.

299 535 464 636 profecto
483 550 688 634 opportuna
720 531 942 608 medicorum
966 533 1137 610 industria
1161 531 1355 608 debilitate
1382 535 1481 608 vocis
1504 557 1613 634 opem

300 658 572 756 redintegravit3
611 671 646 729 at
671 674 824 730 mentem
857 660 937 757 ejus
969 661 1101 758 ingenti
1134 683 1305 732 curarum
1338 672 1427 730 aestu
1459 656 1615 730 obsitam

300 778 507 880 aegritudine
520 803 646 852 vacare
656 779 839 879 nepotum,
854 785 1003 879 proprio
1014 785 1138 879 spiritu
1146 782 1335 870 carlorum,
1350 779 1490 854 fortuna
1506 804 1622 880 passa.

300 919 450 976 nonest.
502 901 602 974 Adeo
627 901 767 976 facilius
787 905 949 1000 corporis
972 926 1082 1002 quam
1101 905 1207 976 animi
1224 904 1431 976 ‘discrimina
1452 909 1619 978 vitantur.

300 1033 344 1096 At
368 1027 531 1126 Magnus,
547 1028 714 1100 facinoris
733 1024 892 1125 pudore,
926 1050 1034 1123 quam
1054 1027 1144 1098 exilii
1164 1049 1308 1100 causam
1326 1024 1487 1117 haberet,
1513 1027 1620 1100 Hen-

301 1153 376 1222 rico
399 1149 558 1246 pandere
580 1157 734 1240 ueritus,
767 1147 1060 1220 reconciliationis
1092 1148 1139 1221 ab
1166 1153 1245 1248 ipso
1268 1148 1439 1222 duntaxat
1458 1145 1620 1223 remedia

301 1269 514 1369 postulabat.
566 1267 640 1362 Ille,
665 1271 779 1345 erulis
802 1286 883 1343 vota
908 1283 1058 1342 aversari
1084 1271 1235 1369 impium
1252 1289 1374 1360 ratus,
1399 1270 1548 1368 epistola
1570 1271 1621 1346 ad

301 1389 571 1468 Waldemarum
589 1396 802 1484 transmissa,
829 1410 1011 1491 conceptae
1027 1417 1110 1493 erga
1134 1396 1304 1494 Magnum
1322 1391 1466 1465 offensae
1482 1398 1619 1468 remis-

302 1521 437 1615 sionem
460 1517 663 1618 efflagitat¹.
718 1513 774 1588 Ad
796 1513 874 1588 haee
901 1513 1150 1590 waldemarus
1176 1515 1352 1615 legatione
1379 1541 1488 1615 quam
1507 1514 1620 1590 literis

241 1732 245 1742 Ι
299 1638 520 1735 respondere
535 1645 644 1714 satius
660 1656 767 1730 ratus,
794 1639 1001 1730 Henricum,
1025 1665 1136 1739 quem
1152 1636 1297 1713 stabulo
1314 1663 1381 1710 suo
1396 1661 1619 1737 preposue-

300 1778 364 1852 rat,
390 1763 610 1836 Germanicae
631 1765 728 1834 vocis
750 1758 944 1833 admodum
969 1787 1135 1861 gnarum,
1160 1735 1399 1833 in'Saxontam
1417 1757 1519 1860 dirigi
1541 1785 1617 1836 cu-

298 1901 363 1972 rat,
389 1883 489 1981 apud
507 1886 587 1983 ejus
610 1883 742 1956 ducem
761 1884 952 1956 Hearicum
979 1885 1101 1982 Magni
1132 1883 1321 1983 perfidiam
1352 1899 1618 1956 accusaturum.

299 2006 381 2096 Quo
399 2004 537 2098 auditu,
568 2009 733 2104 Magnus,
760 2005 896 2080 rubore
921 2007 956 2078 in
979 2006 1166 2078 audaciam
1189 2029 1305 2096 verso,
1333 2030 1444 2103 quam
1472 2023 1618 2105 poterat

299 2130 534 2228 pertinaciter,
558 2129 710 2229 objectis
727 2154 766 2202 se
781 2127 924 2202 affinem
942 2153 1084 2228 negare,
1108 2144 1142 2202 et
1157 2127 1265 2201 veluti
1285 2133 1320 2201 in
1337 2135 1616 2228 argumentum²

297 2229 651 2324 innocentiae'duello
668 2276 817 2324 manum
840 2251 977 2341 offerre,
1004 2249 1134 2324 eodem
1159 2251 1324 2325 acumine
1351 2249 1618 2327 dissimulatio-

295 2399 379 2447 nem
404 2373 598 2473 amplexus‚
625 2399 699 2472 quo
716 2373 854 2446 facinus
877 2373 1022 2448 molitus
1046 2372 1172 2446 fuerat.
1222 2373 1343 2445 Refert
1366 2371 1518 2472 legatuS,
1541 2402 1619 2452 uon

297 2495 347 2570 oh
371 2499 443 2572 hoc
463 2525 502 2572 sc
528 2521 571 2568 eo
595 2499 756 2586 missum,
782 2513 819 2569 ut
842 2499 1073 2570 accusationis
1095 2513 1214 2596 partes
1237 2493 1339 2594 apud
1356 2513 1494 2572 exteros
1513 2499 1616 2576 ferro

295 2626 465 2719 prosequi
482 2620 621 2710 debeat,
646 2619 710 2694 sed
732 2635 770 2692 ut
792 2644 894 2691 reum
920 2643 1064 2693 causam
1080 2645 1183 2694 suam
1198 2618 1245 2692 ad
1261 2619 1355 2718 regis
1373 2623 1618 2720 cognitionem

296 2742 488 2815 transferre
514 2741 831 2840 defensionemque
854 2743 967 2841 patria
989 2741 1069 2844 lege
1090 2743 1272 2851 decretam
1308 2743 1433 2817 subire
1456 2765 1617 2821 moneat.

295 2869 390 2938 Tum
412 2864 518 2956 duce,
544 2889 652 2964 quem
678 2865 891 2939 defensionis
910 2863 1058 2938 modum
1077 2865 1268 2942 adversum
1291 2865 1364 2940 hoc
1384 2870 1618 2942 criminatio-

296 2993 350 3062 nis
373 3013 487 3088 genus
509 2987 565 3060 lex
587 2991 721 3061 Danica
744 3005 921 3079 statueret,
948 3005 1107 3087 rogante,
1132 3011 1243 3088 penes
1264 2990 1398 3064 ferrum
1417 2994 1616 3092 purgatio-

225 3089 231 3103 *
296 3113 350 3184 uis
373 3135 511 3183 morem
536 3114 751 3184 consistere³
778 3109 972 3210 respondit
1025 3113 1128 3184 Tunc
1147 3113 1310 3212 Magnus,
1336 3137 1357 3186 a
1384 3111 1476 3188 duce
1495 3139 1619 3214 roga-

347 3433 421 3494 '1110
439 3475 466 3492 ..
484 3431 848 3517 rerur'srioaemffagitat]
868 3437 927 3495 ltu·
981 3435 1079 3499 detur.
1129 3440 1161 3498 ln
1187 3418 1293 3504 Saenia
1313 3437 1422 3499 saltem
1442 3460 1459 3499 a
1482 3438 1618 3506 Walde-

295 3535 923 3624 que,quumhaecliebanta·1177‚pax
981 3563 1066 3604 maro
1101 3517 1221 3606 deinum
1256 3543 1389 3607 secundo
1427 3543 1618 3628 abrogatum

165 3681 168 3688 ⁴
294 3646 375 3706 inter
405 3664 508 3729 regem
533 3657 564 3708 et
592 3643 699 3708 ducem
720 3643 757 3706 ad
778 3643 924 3708 Eidoratn
979 3661 1024 3710 est
1044 3645 1092 3727 (tt
1113 3651 1324 3736 Rosenringe‚
1350 3649 1442 3713 danslt
1464 3649 1618 3712 Retshist.

293 3747 419 3814 lluriu'm
439 3751 502 3835 jam
525 3748 730 3836 redintegrata
749 3749 866 3834 fuerat,
896 3775 923 3816 r.
978 3753 1005 3836 5.
1034 3751 1099 3834 24).
1149 3757 1299 3818 Henrieus
1329 3777 1400 3820 vero
1429 3754 1616 3819 stabularius

293 3879 316 3920 r.
335 3879 406 3944 pag.
426 3853 500 3921 895.
792 3877 794 3884 ’
978 3861 1193 3947 respondendo
1216 3861 1354 3947 proxime
1382 3859 1420 3924 ad
1436 3860 1539 3945 'legent
1561 3881 1617 3924 re-

338 3969 397 4027 ²In
420 3964 637 4051 argumentum]
665 3966 848 4032 Emendatio
877 3979 924 4029 eat
976 3969 1074 4052 spexit
1086 3949 1266 4031 castrensem
1278 3969 1389 4032 Canuti
1404 3968 1505 4051 magni
1519 3967 1616 4044 (We-

292 4071 450 4154 Stephauii
471 4074 626 4162 lectionis,
650 4095 739 4160 qoam
762 4072 856 4136 habet
874 4073 922 4136 ed.
977 4076 1109 4158 tierlags
1128 4075 1230 4152 rarle),
1248 4074 1317 4158 quia
1330 4074 1501 4150 haeceine,
1513 4095 1617 4158 quum

291 4198 348 4261 pr..
367 4185 396 4239 iu
417 4197 612 4263 augmentum.
975 4183 1103 4265 Magnus
1124 4181 1204 4242 inter
1232 4180 1370 4243 homines
1397 4178 1478 4263 regis
1504 4199 1616 4242 nurne-

338 4287 455 4348 ³Penes
467 4291 586 4373 ferrum
605 4290 796 4375 purgationis
813 4309 920 4348 rnorem
974 4299 1112 4362 caretur,
1141 4283 1308 4349 secundum
1334 4285 1417 4348 illam
1439 4287 1537 4370 legent
1554 4283 1616 4350 tle-

292 4390 459 4474 ronsisrere]
472 4389 840 4478 illotempore‚quohaec
853 4401 920 4453 acta
975 4391 1125 4455 cernenda
1146 4403 1221 4454 erat.
1263 4395 1295 4455 ln
1317 4389 1491 4477 fragmento
1511 4391 1616 4454 Dani·

291 4507 372 4570 tunt,
393 4509 423 4558 et
441 4510 546 4583 postea
565 4519 657 4587 usque
678 4497 715 4561 ad
735 4495 853 4560 initium
873 4517 920 4559 se·
973 4519 1010 4560 eo
1046 4497 1120 4582 legia
1159 4497 1318 4562 castrensis
1348 4495 1422 4576 (cfr.
1447 4519 1540 4582 snpra
1576 4521 1615 4584 p.

290 4599 351 4663 culi
370 4601 451 4664 tertii
474 4603 582 4667 decimi
602 4608 632 4670 ia
654 4603 792 4669 omnibus
810 4603 918 4668 Daniae
973 4601 1035 4671 595
1056 4617 1121 4668 not.
1150 4603 1185 4681 2)
1207 4605 1293 4668 locus
1314 4617 1449 4668 serratus
1475 4617 1521 4667 est
1546 4605 1617 4672 huc

289 4707 456 4794 provinciis
486 4707 629 4791 judicium
659 4709 733 4776 ferri
760 4709 918 4775 candentis
972 4712 1126 4795 pertinens
1144 4712 1225 4788 (Ser.
1247 4713 1286 4776 lt,
1308 4715 1387 4779 Dan.
1407 4713 1458 4788 tlt,
1480 4705 1552 4788 tot,
1572 4713 1613 4778 E

288 4816 394 4893 (loru,
415 4815 603 4892 Jerutuuut)
629 4815 659 4876 in
681 4837 736 4882 nso
759 4815 850 4882 fultae
873 4819 916 4879 vi·
972 4817 1182 4902 nostratim,
1226 4819 1316 4883 Scml
1352 4816 1388 4882 ef
1415 4819 1458 4902 gl.
1494 4817 1615 4886 (lenm
