3536 5462
554 269 881 344 wunnuanns
914 272 940 342 1.
1305 225 1378 350 stt

123 478 296 579 avideque
321 501 361 554 se
382 483 466 554 tanti
489 477 681 554 sacerdotii
702 477 946 556 tribunalibus
967 481 1179 580 ingessisset.
1237 483 1428 578 Nicolaus,

122 601 360 680 liosltildeusis
392 599 491 679 chori
514 607 633 688 senior
652 607 689 698 ¹,
740 629 853 703 super
882 606 1040 703 irrogata
1071 605 1233 682 antistitis
1259 607 1431 686 violentia

122 749 241 826 parem
258 724 507 826 appellationis
522 751 649 807 rocem
671 724 779 800 edere
795 742 979 802 cunctatus
995 745 1140 802 nonest.
1173 731 1265 802 Tum
1273 731 1431 806 Eskillns

121 849 298 950 aliquanto
324 855 550 941 concussor,
575 850 767 922 certissime
785 873 824 944 se
846 849 1121 948 suffragatorum
1144 850 1306 950 partibus
1330 853 1431 928 affu-

121 989 239 1047 turum
262 967 426 1062 dicebat,
456 967 644 1046 sensurum
669 970 907 1063 Absalouem,
936 998 1002 1046 sua
1037 997 1084 1048 au
1108 974 1203 1050 illius
1234 989 1317 1048 vota
1346 977 1431 1075 plus

120 1093 287 1170 momenti
303 1095 429 1166 Romae
443 1098 512 1168 sint
528 1091 705 1170 habitura.
757 1097 849 1168 Hine
864 1101 981 1170 missae
998 1095 1158 1170 studium
1176 1095 1290 1170 datur.
1349 1102 1430 1192 Qua

118 1215 372 1316 percelebrata,
389 1215 669 1292 benedictionem
685 1217 843 1294 Eskillus
860 1217 1050 1294 Absalouis
1065 1221 1257 1294 ministerio
1272 1227 1432 1318 praestari

119 1345 311 1440 praecepit,
360 1339 430 1414 hac
454 1342 685 1438 usurpatione
716 1367 799 1414 eum
828 1340 1007 1416 electionis
1030 1365 1253 1417 assensorem
1290 1343 1433 1446 efficere

118 1461 319 1564 gestiendo,
344 1465 482 1562 se‚jam
506 1465 640 1538 cunctis
656 1463 883 1563 pontificatus
905 1464 1070 1562 partibus
1091 1464 1323 1555 defunctum,
1345 1465 1433 1542 buic

119 1584 311 1665 ministerio
343 1587 571 1686 congruentia
606 1584 759 1684 amplius
795 1593 921 1684 exequi
954 1612 1026 1660 uon
1055 1604 1223 1686 oportere
1252 1589 1434 1687 praelatus.

118 1715 235 1804 Quem
259 1707 431 1800 ahialon,
452 1711 591 1783 tametsi
613 1707 827 1808 pontificalia
857 1708 1084 1807 deposuerit,
1105 1704 1291 1810 legationis
1313 1729 1433 1788 tamen

117 1835 200 1931 jure
214 1832 448 1908 benedicendi
467 1819 745 1931 praerogativam'
767 1837 919 1906 retinere
934 1830 1096 1924 dicebat,
1130 1834 1317 1932 nequead
1336 1836 1433 1910 inse·-
1494 1831 1496 1834 ’

115 1957 222 2030 rioris
239 1959 404 2055 potentiae
421 1960 516 2028 viros
538 1953 701 2028 debitum
716 1955 856 2053 fastigio
872 1979 944 2054 suo
961 1981 1092 2028 munus
1110 1953 1268 2055 relegare
1285 1955 1428 2034 debere.

115 2083 170 2152 Ea
186 2077 378 2156 Absaluuis
394 2075 608 2152 verecundia
631 2103 754 2152 senem
768 2077 844 2152 voti
859 2075 1033 2174 cupidum
1052 2075 1224 2178 neglectae
1249 2079 1430 2180 diguitatis

115 2227 193 2280 suae
212 2205 413 2278 meminisse
431 2200 556 2300 coiigit.
593 2197 674 2274 Alio
692 2225 841 2301 quoque
857 2197 1109 2276 moderationis
1130 2227 1263 2300 genere
1289 2227 1433 2304 repug-

114 2315 271 2408 nationis
285 2327 366 2423 ejus
381 2329 680 2422 perseverantium
695 2321 791 2396 idem
807 2321 1022 2398 labefactare
1037 2329 1191 2400 tentavit.
1250 2309 1433 2424 Siquidem

113 2451 152 2522 iu
178 2447 390 2530 cubiculum
413 2445 648 2540 devocatum,
672 2471 755 2520 cum
782 2445 953 2546 primibus
976 2447 1184 2546 perilectere
1208 2473 1284 2520 non
1300 2467 1438 2546 posset,

111 2571 274 2672 genibus
294 2575 396 2644 nixus
410 2568 528 2669 plenis
550 2569 819 2670 supplicationis
839 2569 1006 2669 lacrymis
1028 2568 1175 2671 aggredi
1199 2587 1346 2646 mustus
1370 2589 1435 2648 est.

111 2694 289 2768 Profecto
305 2718 453 2786 vacuus,
476 2693 618 2768 tertium
640 2693 843 2768 incitamenti
866 2693 1028 2783 modurn,
1053 2719 1130 2792 quo
1152 2692 1255 2766 electi
1279 2712 1435 2768 mentem

95 2817 165 2893 ad
184 2841 290 2894 suam
305 2822 513 2894 seutentiam
541 2813 757 2907 adduceret,
779 2815 1001 2916 excogitavit,
1027 2823 1199 2890 incertum
1216 2811 1436 2916 relinquens,

111 2942 241 3040 major
260 2939 298 3014 iu
329 2955 480 3038 cogente
508 2963 554 3012 an
583 2943 764 3012 resistente
802 2939 1074 3038 perseverantiae
1107 2953 1255 3014 conatus
1277 2941 1437 3014 extiterit.

110 3061 303 3164 Siquidem
326 3067 465 3162 equites
488 3085 585 3156 suos,
609 3083 759 3134 numero
780 3077 814 3134 et
829 3053 1062 3160 amplitudine
1082 3061 1257 3160 insigues,
1278 3060 1327 3158 ad
1351 3089 1437 3138 eum

109 3187 262 3276 direxit,
283 3183 508 3260 militarifide
526 3207 564 3258 se
588 3186 667 3282 ejus
692 3183 855 3281 partibus
879 3179 1113 3284 obligaturos.
1167 3187 1332 3276 Quorum
1354 3186 1437 3262 Ab·

105 3309 225 3386 salon
249 3307 460 3384 famulatum
476 3307 691 3409 repudians,
708 3332 748 3382 se
765 3331 914 3406 prorsus
932 3305 1160 3382 inhonorem
1179 3334 1304 3382 eorum
1320 3307 1437 3382 obse-

106 3436 217 3534 quiis
232 3429 380 3532 dignum
398 3455 660 3506 consensurum
674 3430 839 3529 negabat.
865 3433 943 3522 Qua
958 3429 1106 3504 demum
1129 3433 1325 3504 constantia
1351 3434 1437 3505 evi-

104 3574 201 3632 ctus
209 3551 381 3650 Esbillm,
395 3581 443 3628 ne
458 3553 724 3652 suppellectilis,
736 3578 846 3652 quam
861 3552 1018 3627 ecelesiae
1031 3553 1234 3651 relinquere
1250 3556 1439 3644 statuisset,

105 3680 313 3754 obscurior
337 3675 512 3776 depositio
529 3676 638 3767 foret,
663 3673 816 3750 eundem
843 3679 877 3746 iu
908 3699 1075 3748 arcanam
1101 3673 1269 3750 vestibuli
1298 3691 1439 3772 purtem
1520 3731 1523 3740 .

101 3802 324 3880 abductum
341 3802 525 3876 instantius
541 3795 673 3874 hortari
686 3797 806 3895 coepit,
826 3797 878 3870 uti
892 3795 1019 3870 saltem
1036 3795 1150 3869 oculis
1164 3821 1242 3870 earn
1260 3796 1451 3894 subjicere,
1530 3787 1539 3817 ¹

98 3929 341 4028 dignaretur.
382 3921 453 3998 Sed
470 3940 503 3997 et
516 3921 612 3999 hanc
627 3945 775 4021 quoque
797 3918 1052 3994 sollicitationis
1061 3935 1200 4017 partem
1214 3919 1439 4016 superiorum

99 4055 238 4132 victor
255 4051 345 4126 mire
364 4051 584 4146 contempsit,
599 4071 656 4136 ue,
682 4047 745 4144 qui
763 4041 887 4144 gloriae
903 4057 1119 4115 tentamenta
1136 4035 1316 4131 calcasset,
1334 4065 1438 4130 ,arra-

97 4179 213 4252 rittae
255 4175 480 4246 irritamentis
527 4167 788 4244 succumberet.
863 4145 1108 4257 Quamobrem
1148 4161 1332 4252 Eskillus,
1385 4164 1440 4236 ira

95 4295 272 4377 accendi
292 4292 464 4386 creditus,
495 4294 613 4366 miuus
635 4315 675 4364 se
696 4289 898 4376 bonorum,
928 4311 1039 4385 quum
1064 4285 1290 4386 cogitaverit,
1312 4285 1441 4384 inquit,

94 4423 235 4501 sacris
255 4435 363 4518 atque
379 4415 579 4492 domesticis
597 4414 725 4490 usibus
740 4410 956 4503 relicturum,
979 4411 1172 4508 ipsumque
1198 4423 1270 4480 tam
1301 4405 1457 4481 stolidae·

159 4693 175 4730 ¹
212 4686 355 4754 Nuculam
476 4675 586 4758 senior]
610 4679 755 4742 Fortasse
811 4634 1190 4758 capitulilloeslildensis3
1207 4690 1236 4734 r.
1254 4667 1359 4749 subm,
1377 4671 1397 4732 l.
1413 4689 1440 4734 e.

89 4797 210 4872 idem
224 4791 293 4871 ills,
310 4788 364 4874 qui
383 4811 410 4852 a.
431 4781 515 4852 1180
541 4785 672 4850 decanus
690 4794 757 4850 erat
812 4783 878 4862 Vll,
892 4776 954 4846 597
972 4801 1018 4864 sq.
1062 4775 1335 4960 (Sempggagristin'.
1363 4771 1443 4858 lig).
