3524 5460
355 316 429 390 720
602 258 606 278 ’
683 312 858 386 aaron
876 313 981 384 naa.
998 311 1135 384 amau
1150 311 1242 414 rav.

302 553 385 604 rum
403 522 627 600 multitudine
652 548 762 622 quam
788 525 910 622 spatiis
934 519 1189 612 abundantem,
1221 525 1257 592 in
1283 545 1391 594 unam
1412 527 1617 619 portionem

303 653 471 740 secrevit3
496 648 532 722 in
557 645 668 720 altera
684 646 898 720 Sialandiam
915 671 958 718 ao
972 646 1154 733 Fioniam,
1184 645 1219 714 in
1238 645 1336 717 tertia
1353 647 1517 718 Scanianr
1531 673 1616 720 cnm

302 770 524 845 attinentibus
541 770 730 868 provinciis
751 768 889 844 locavit.
915 771 1081 865 Cumque
1098 791 1208 865 penes
1217 767 1337 865 ipsum
1354 784 1392 840 ut
1409 772 1618 866 partitionis,

304 903 349 968 ita
365 895 518 993 optionis
536 916 683 991 quoque
701 909 855 989 potestas
869 895 1041 981 existeret,
1058 895 1209 987 primam
1221 889 1300 981 sibi,
1316 889 1508 964 secundam
1522 895 1617 965 Sve-

303 1023 387 1096 noni
412 1014 573 1105 indulsit,
596 1015 766 1113 priorque
781 1016 912 1088 lutiam
926 1019 1004 1110 ipse
1018 1003 1147 1111 delegit
1193 1015 1295 1084 Tunc
1311 1015 1439 1102 Svcno,
1460 1015 1520 1086 cui
1534 1033 1618 1114 post

297 1145 423 1239 'ipsum
438 1140 534 1238 optio
554 1137 766 1228 debebatur,
791 1163 836 1210 ne
860 1135 1017 1208 medium
1041 1137 1130 1206 inter
1153 1131 1302 1206 aemulos
1326 1132 1446 1208 locnrn
1468 1141 1618 1238 accipe-

302 1279 368 1355 ret,
386 1263 547 1336 Scaniarn
562 1265 735 1359 poposcit.
770 1262 819 1330 Ita
837 1262 990 1330 minores
1005 1255 1141 1348 insulae,
1156 1254 1312 1330 duorum
1326 1255 1498 1332 electione
1512 1285 1617 1360 prm-

303 1391 425 1476 teritas,
449 1388 589 1458 Canum
604 1406 753 1456 cessere.
812 1376 917 1452 Fides
940 1384 1030 1476 pacti
1057 1395 1276 1452 sacramento
1297 1383 1544 1478 componitur,
1577 1402 1618 1458 nt

303 1508 484 1608 religionis
510 1521 606 1581 metu
633 1503 782 1604 perfidia
808 1501 1013 1602 pelleretur.
1092 1501 1230 1574 Deinde
1254 1527 1380 1576 manus
1406 1503 1453 1576 ad
1480 1505 1618 1578 coelum

304 1629 518 1722 tenduntur3
553 1645 657 1702 autor
685 1650 806 1700 rerum
832 1626 867 1696 in
901 1628 1100 1698 cautionem
1138 1641 1305 1720 vocatur,
1356 1652 1424 1700 nec
1464 1633 1619 1702 contenti

303 1750 506 1829 concordiae
529 1753 660 1850 pignus
682 1747 848 1822 humanis
866 1747 1023 1822 stabilire
1040 1747 1210 1840 consiliis,
1234 1747 1344 1823 deum
1361 1750 1468 1824 simul
1492 1771 1526 1824 et
1541 1777 1617 1851 pa·-

304 1876 429 1952 ctionia
450 1871 640 1973 praesidem
667 1889 702 1945 et
733 1872 966 1946 temerationis
990 1869 1140 1944 ultorem
1168 1871 1368 1972 efflagitant.
1428 1873 1619 1949 Pontifices

304 2023 466 2100 quoque,
482 2020 645 2070 censuroe
668 2020 744 2070 suae
762 1991 925 2092 partibus
940 1997 1146 2084 intersertis,
1160 1996 1218 2084 iis,
1240 1998 1304 2092 qui
1324 2011 1470 2094 pactum
1490 1999 1620 2093 rupis·-

304 2138 399 2212 sent,
424 2120 653 2192 execrationis
679 2123 885 2192 sententiam
913 2114 1140 2190 intentabant.
1198 2099 1373 2190 riaererea
1400 2117 1618 2209 condictum,

304 2241 480 2318 delatores
496 2257 619 2314 mutuo
635 2239 737 2339 prodi
765 2238 915 2329 debere,
941 2263 986 2310 ne
1010 2236 1279 2312 mendaciorum
1302 2239 1516 2314 obscuritate
1536 2242 1621 2314 sin·-

305 2366 458 2440 ceritatis
474 2361 620 2438 habitus
647 2376 936 2461 corrumperetur
967 2359 1243 2460 concordiaeque
1268 2378 1500 2461 quassaretur
1518 2364 1620 2436 inte-

304 2492 425 2590 gritas.
483 2487 547 2558 His
569 2487 616 2558 ita
636 2487 861 2583 compositis,
882 2487 1039 2558 Canutus
1071 2489 1107 2556 in
1137 2483 1368 2574 Sialnndiam,
1406 2487 1513 2585 cujus
1542 2487 1621 2586 jam

305 2615 569 2712 possessionem
600 2606 752 2706 adeptus
784 2607 915 2698 fuerat,
950 2606 1175 2681 Waldemaro
1202 2607 1410 2695 comitante,
1441 2608 1623 2706 praeeedit,

304 2737 505 2808 Svenonem
519 2731 621 2804 brevi
634 2729 913 2804 subsecutarum
927 2729 1083 2828 hospitio
1098 2735 1281 2827 suscipere
1293 2729 1451 2829 cupiens
1498 2735 1621 2826 Quem

304 2854 479 2958 postridie
496 2849 704 2951 Ringstadio
729 2871 939 2950 susceptum
954 2867 1137 2950 expertus,
1163 2850 1253 2925 dum
1275 2856 1311 2924 in
1324 2853 1402 2949 ejus
1421 2877 1622 2928 occursum

304 2981 412 3054 bonae
428 2975 512 3052 fidei
530 2972 649 3050 studio
666 2989 847 3072 pergeret,
870 2972 1107 3074 Ringstadicae
1133 2972 1311 3074 religionis
1326 2974 1517 3073 praelatum
1531 3001 1623 3050 cum

305 3097 512 3197 liudulpho,
529 3101 649 3196 equite
664 3094 898 3190 Theutonico,
915 3097 1065 3171 obvium'
1082 3094 1230 3186 babuit,
1254 3094 1502 3191 affirmantem,
1517 3125 1624 3172 nun-

304 3224 428 3296 tiatam
448 3220 556 3293 fuisse
576 3220 767 3321 Svenoni¹,
791 3245 875 3292 curn
899 3236 1119 3292 armatorum
1137 3216 1364 3292 multitudine
1381 3246 1465 3294 eum
1486 3229 1625 3297 venire.
1751 3259 1752 3292 r

305 3345 433 3420 Hausit
458 3367 547 3442 ergo
579 3365 663 3413 cum
684 3342 885 3440 suspicione
906 3341 1099 3434 cautelam,
1143 3359 1429 3444 argumentoque
1460 3343 1628 3443 perfidiae

306 3483 470 3566 sumpto,
496 3451 726 3554 concionem,
742 3489 824 3562 quae
846 3489 890 3538 eo
920 3465 1013 3540 forte
1040 3465 1098 3538 die
1122 3488 1253 3564 magna
1277 3465 1512 3565 popularium
1537 3466 1626 3540 ire-

306 3595 450 3690 qnentia
477 3581 685 3688 gerebatur,
728 3584 905 3663 declinato
938 3593 1117 3681 Svenone,
1157 3588 1291 3685 petivit.
1368 3588 1629 3665 Waldemarus

350 3907 554 3970 'Nuntiatum
568 3905 668 3992 sarisa
694 3901 834 3986 Saenoar]
863 3907 931 3968 Ste·
990 3903 1114 3968 <lemaro
1135 3915 1284 3988 rogante,
1306 3923 1360 3967 cur
1381 3923 1486 3967 omnes
1504 3905 1629 3966 satelli·

305 4009 444 4096 phanias,
469 4012 571 4074 locum
596 4032 659 4073 non
684 4010 869 4094 intelligens,
888 4008 931 4072 ita
988 4024 1033 4074 tes
1050 4010 1116 4094 ejus
1139 4021 1239 4073 ament
1259 4009 1394 4089 loricati,
1414 4008 1630 4096 respondisse,

306 4136 344 4180 ex
362 4117 486 4204 ingenio
508 4117 541 4178 in
563 4137 616 4178 sua
637 4113 772 4178 editione
787 4112 930 4176 mutarit:
988 4135 1021 4180 se
1037 4113 1131 4178 suado
1154 4127 1345 4200 compertam
1367 4115 1496 4196 habere,
1518 4119 1633 4184 Canu·

306 4231 470 4286 rmntiatam
480 4223 596 4302 sumre,
616 4225 773 4286 Sucronem
798 4245 861 4283 cum
883 4244 932 4282 ar·
990 4234 1056 4286 tum
1068 4234 1159 4306 pacta
1172 4241 1294 4286 servare
1312 4222 1405 4284 nolle.
1453 4223 1547 4308 Igitur
1568 4243 1632 4290 cu-

305 4345 448 4390 marorum
476 4331 662 4392 multitudine
684 4331 789 4392 oemio.
851 4327 930 4388 Saxo
990 4341 1113 4394 raserat
1133 4329 1234 4394 Saeuo
1261 4347 1400 4394 rumores
1429 4327 1635 4414 spargendos

305 4429 428 4516 quidem
444 4451 510 4494 rem
530 4433 652 4500 brevius
676 4446 707 4498 et
735 4433 807 4498 binc
822 4431 931 4497 obscu-
990 4433 1028 4500 de
1046 4439 1165 4502 Canuto
1189 4453 1257 4500 cnm
1283 4435 1407 4520 *agmina
1432 4448 1636 4504 armatorum
1747 4425 1748 4430 ἵ

305 4533 368 4600 rius
388 4537 534 4619 narrarit,
552 4539 605 4604 sed
626 4539 776 4628 prolixior
797 4537 932 4603 namatio
991 4542 1141 4620 veniente,
1170 4553 1205 4604 ut
1224 4542 1291 4626 ipse
1311 4554 1398 4606 tanto
1418 4543 1539 4628 majore
1554 4544 1637 4628 jure

304 4641 338 4706 in
357 4642 484 4706 historia
505 4644 740 4734 Iinytlingo'rum
757 4644 868 4710 Saroni
887 4644 933 4706 lu·
992 4661 1139 4712 armatam
1158 4669 1283 4714 suorum
1304 4649 1436 4716 militurn
1456 4649 1554 4712 eciem
1580 4650 1638 4712 in·

305 4769 372 4814 cem
394 4747 538 4814 affundit.
589 4755 624 4814 In
650 4771 685 4815 ea
708 4752 790 4814 enim
804 4751 932 4836 legimur
993 4765 1132 4818 strueret.

305 4854 351 4942 (p.
361 4851 450 4936 365),
465 4857 635 4922 Svenonem
651 4855 934 4941 Ringstadii,Wal·
