3582 5466
704 311 724 332 '¹
777 307 934 382 SVENO.
1014 313 1017 323 '
1061 321 1063 333 '
1385 309 1459 386 tta

203 519 396 622 pedisque
421 535 599 618 stuprum
630 522 757 591 menos
782 515 1102 618 ardore,⁴usptsu
1132 518 1285 620 repudio
1317 517 1511 596 submovit·

203 647 277 716 Nec
290 641 410 716 solum
424 643 477 714 ira
493 640 672 730 abstinuit,
695 638 879 714 sedetiam
898 641 946 713 ab
963 640 1079 714 illicita
1097 642 1267 718 connubii
1282 643 1513 740 usurpatione

203 781 357 840 mentem
376 767 533 838 retraxit(
580 761 699 838 Gutha
714 785 874 860 quoque,
884 771 1050 859 paternos
1065 783 1212 864 penates
1228 767 1426 865 repetens&
1440 786 1511 838 su·-

204 890 335 987 sceptis
353 885 533 962 viduitatis
547 883 755 984 insignibus,
770 909 852 957 cum
874 909 1013 958 summa
1030 911 1172 960 murum
1196 891 1393 962 sinceritate
1414 911 1512 960 cun-

203 1013 338 1099 senuit,
363 1011 631 1106 castitatemque
654 1011 743 1080 votis
767 1005 928 1106 prulesss
952 1010 1062 1083 virilis
1085 1009 1295 1084 concubitus
1317 1009 1511 1109 experien-

202 1139 286 1208 tiam
305 1132 504 1221 abdicavit,
530 1147 584 1221 et,
607 1131 693 1226 quia
710 1131 845 1228 injusto
862 1153 900 1203 se
915 1147 994 1204 turo
1014 1133 1262 1224 maculaverat,
1287 1131 1429 1206 nullum
1444 1129 1509 1204 ul-

93 1345 103 1355 ,
203 1259 310 1332 terius
326 1255 396 1330 sibi
410 1256 482 1353 juri
494 1277 573 1328 esse
595 1253 764 1351 permisit.
823 1254 1019 1328 Sanctitatis
1041 1255 1216 1355 siquidem
1232 1251 1395 1352 amplexa
1415 1277 1511 1352 pro-

203 1382 361 1480 positum
385 1376 565 1476 reliquum
589 1381 668 1450 ritae
690 1393 834 1472 tempus
850 1373 987 1449 coelebs
1014 1379 1148 1476 exegit,
1169 1379 1372 1476 ingentique
1393 1375 1509 1476 pudi-

203 1505 293 1578 οἰῶ
308 1505 493 1576 severitate
507 1498 612 1572 illiciti
627 1498 835 1572 concubitus
851 1523 981 1572 noxam
1003 1500 1138 1574 licentis
1160 1499 1347 1572 evitatione
1370 1523 1509 1598 pensa·

204 1627 264 1700 vit.
316 1621 388 1698 Sed
402 1647 469 1696 nec
484 1625 584 1696 inerti
603 1625 676 1698 otio
693 1625 858 1718 tempus²
878 1621 1025 1695 effluere
1042 1645 1159 1721 passa,
1181 1621 1390 1718 quotidiana
1413 1649 1509 1700 ccu-

202 1747 390 1822 svetndins
413 1747 585 1845 exquisita
607 1746 840 1818 sacrariorum
863 1761 1071 1818 omameuta
1091 1743 1264 1844 fingebat,
1285 1748 1396 1846 inque
1416 1771 1510 1824 ean-

201 1869 287 1944 dem
301 1893 452 1969 operam
467 1869 674 1944 continuam
691 1863 939 1940 ancillularum
958 1891 1080 1942 curam
1104 1865 1265 1964 cogebat.
1318 1873 1411 1944 lnter
1425 1897 1509 1971 qnae

198 1992 427 2092 chlamydem
449 1989 703 2066 sacerdotalem
726 1989 890 2064 sutilibus
915 1988 1036 2088 sigillis
1058 1987 1233 2064 excultam
1266 1997 1511 2095 preciosaque

200 2121 360 2190 materiae
374 2119 535 2213 impensa
553 2137 596 2186 ac
612 2111 753 2186 mirifici
778 2115 899 2211 operis
923 2127 997 2184 arte
1028 2111 1250 2186 elaboratam
1281 2115 1510 2195 Roskildensi

193 2238 358 2312 meraris
382 2235 466 2310 doni
487 2237 631 2310 nomine
643 2235 769 2336 largita
786 2251 848 2309 est.
909 2235 988 2309 Alia
1014 2261 1165 2335 quoque
1187 2236 1375 2336 complura
1397 2238 1509 2318 divini

201 2359 318 2434 crdtus
333 2359 483 2459 insignia
498 2381 684 2432 sacrorum
701 2357 827 2432 usibus
852 2373 999 2456 operata
1013 2374 1076 2432 est.

334 2486 453 2558 Sveno
469 2505 556 2554 vero
573 2491 759 2554 'sacrorum
787 2479 1090 2554 administratores
1105 2503 1215 2578 quam
1238 2483 1391 2556 maxime
1411 2507 1508 2559 con-

202 2608 400 2682 versatione
416 2601 625 2704 probabiles
648 2601 887 2677 contrahebat
946 2605 987 2674 ln
1013 2599 1147 2701 quibus
1163 2625 1372 2701 quanquam
1385 2606 1508 2680 scien-

201 2731 287 2803 tiam
310 2741 555 2817 veneraretur,
585 2752 727 2800 mamm
755 2743 873 2800 tamen
896 2729 1071 2799 curiosius
1102 2723 1267 2798 habitum
1291 2725 1509 2822 intuebatur,

198 2849 383 2950 iudignum
398 2865 506 2942 ratus,
512 2849 694 2924 literarum
709 2851 869 2926 suavitati
894 2873 1074 2923 summurn
1090 2846 1329 2924 familiaritatis
1350 2875 1507 2928 conscr-

200 2975 291 3046 tium
304 2970 423 3046 tribui.
458 2969 559 3046 Adeo
584 2973 688 3072 igitur
715 2969 910 3046 honestatis
931 2969 1095 3045 scholam
1117 2969 1297 3044 literarum
1317 2971 1507 3050 mdirnen·

201 3101 245 3169 tis
259 3092 540 3194 praeponderare
553 3093 730 3186 credebat,
755 3111 796 3168 ut
814 3101 849 3166 in
871 3092 1011 3195 agendo
1031 3092 1243 3168 clericorum
1264 3093 1406 3172 delectu
1427 3101 1508 3174 vir-

191 3221 285 3290 ·tutis
300 3217 420 3313 potius
447 3239 559 3315 quaxn
585 3219 738 3290 scientias
753 3216 925 3292 elementa
941 3233 1116 3316 pensaret,
1142 3216 1328 3316 lateraque
1344 3243 1410 3294 sua
1424 3221 1507 3298 fidis

199 3349 312 3438 quarn
330 3335 445 3412 doctis
463 3337 649 3439 obsequiis
666 3339 941 3414 vallaremallet.
1015 3341 1215 3414 Svencnem
1231 3365 1392 3438 quoque,
1408 3347 1506 3418 Nor-

199 3463 335 3563 vagicae
348 3463 499 3560 νεςίουίε
513 3467 641 3553 virum,
657 3468 789 3538 cunctis
813 3466 946 3540 virtutis
961 3461 1125 3561 partibus
1139 3487 1182 3534 ac
1194 3467 1354 3536 numeris
1365 3467 1506 3542 iustru-

201 3587 408 3675 ctissimum,
426 3581 490 3658 sed
508 3608 638 3682 parum
652 3587 746 3684 justa
769 3591 890 3662 notitia
912 3587 1093 3662 literarum
1108 3585 1324 3660 monimenta
1338 3583 1506 3690 comple-

199 3734 306 3797 xum,
330 3711 365 3779 in
379 3709 441 3805 jus
463 3705 704 3782 lunuliaritatis
721 3707 926 3784 adsciverat
978 3712 1044 3782 liic
1066 3733 1110 3781 ex
1132 3710 1345 3806 praelectum
1369 3711 1416 3786 ad
1439 3737 1504 3788 sa·-

198 3830 400 3904 cerdotium
423 3829 632 3920 translatus,
667 3834 805 3904 tametsi
827 3834 959 3906 Latinae
982 3837 1079 3907 vocis
1101 3835 1250 3930 penuria
1270 3849 1505 3936 premeretur,

199 3949 385 4026 domestici
402 3959 574 4026 sermonis
589 3952 956 4054 opibusahundabat.
1010 3957 1126 4048 Quem
1143 3955 1258 4026 caeteri
1270 3955 1417 4052 ingeniis
1431 3959 1505 4034 suis

199 4075 251 4147 oh
267 4074 442 4166 virtutem,
458 4100 531 4173 qua
546 4077 633 4175 ipsis
648 4077 853 4175 praestabat,
879 4102 999 4178 arege
1016 4077 1178 4176 praeierri
1191 4072 1363 4168 videntes,
1381 4081 1504 4176 perri-

197 4195 319 4270 dicula
343 4198 527 4298 imperitia
542 4200 816 4298 exprobratione
840 4200 1030 4276 scurriliter
1052 4196 1294 4275 cavillandum
1316 4199 1504 4276 duxerunt.

247 4467 258 4499 ¹
278 4463 378 4524 Gutlta
405 4505 425 4522 ..
443 4479 587 4549 paternos
601 4481 725 4552 perimes
745 4489 826 4554 rspe-
922 4469 1034 4528 ²1mret
1044 4469 1103 4526 otriv
1115 4417 1240 4551 temptes]
1251 4469 1284 4528 ln
1296 4463 1344 4528 sd
1357 4489 1405 4552 pr.
1419 4467 1505 4534 abest

197 4563 404 4647 rmeudu
417 4568 533 4653 regine
547 4569 615 4637 vide
629 4569 710 4657 apud
717 4569 825 4636 Adam.
880 4587 1005 4657 tempus,
1018 4567 1071 4631 sed
1084 4569 1267 4654 Stephanim
1279 4585 1364 4637 recte
1373 4572 1504 4638 vocabu·

196 4679 356 4740 Bremens.
370 4671 475 4740 lihlii
492 4695 558 4762 cap
575 4673 623 4741 tu
655 4667 714 4742 Ed.
731 4699 778 4763 pr.
795 4677 826 4740 h.
879 4676 944 4738 lum
958 4673 1085 4756 addidit,
1102 4676 1291 4762 mainerus
1309 4677 1434 4744 omnino
1446 4699 1504 4764 po·

197 4783 221 4844 1.
234 4779 328 4845 behet
334 4783 466 4857 Grutla,
483 4783 685 4849 inconstantia
698 4783 828 4870 quedam
880 4781 981 4846 sulae.

196 4884 360 4948 scribendi.
