3524 5460
367 289 442 368 672
700 291 1149 368 ultramontanum
1164 295 1256 370 XIV.

314 509 461 582 mastica
477 501 574 578 bella
587 503 747 579 confecit.
799 501 1050 604 Expeditiones
1068 509 1176 599 enim,
1198 529 1288 605 quas
1303 504 1493 582 adversum
1517 502 1625 580 Scla-

316 652 384 706 ros
406 624 594 728 ductabat,
622 641 788 700 nontam
815 627 931 701 timori
961 631 1011 700 eis
1034 651 1145 726 qnam
1167 626 1325 702 ludibrio
1349 626 1460 702 fuere.
1518 627 1624 702 Adeo

315 730 409 826 enim
424 749 525 849 apud
541 773 623 822 eum
641 751 761 822 inertia
776 751 893 822 omnia
910 748 1100 848 solutaque
1113 750 1233 842 fuere,
1256 766 1303 824 nt
1316 769 1406 824 rua
1431 756 1508 824 viro
1529 754 1623 848 qui-

315 873 398 948 dem
413 871 506 948 edita
522 887 741 970 putarentur.
790 869 904 944 infimi
918 874 1096 972 cujusque
1113 877 1149 946 in
1166 872 1337 948 solvenda
1353 871 1473 946 militia
1492 873 1623 946 abitri-

315 1023 377 1069 um
392 994 620 1093 sequebatur.
673 995 775 1090 Saepe
788 991 937 1068 lixarum
945 993 1217 1077 redeundum
1194 995 1463 1070 miserantium
1476 996 1622 1070 clamo-

314 1145 391 1194 rem
416 1133 556 1192 secutus
578 1117 727 1192 classem
749 1113 887 1189 dimisit.
953 1117 1010 1190 Ob
1029 1120 1135 1217 cujus
1157 1119 1340 1194 mollitiem
1357 1124 1509 1192 animata
1522 1123 1621 1192 Bar-

313 1243 487 1314 barorum
502 1246 667 1314 atrocitas
692 1264 765 1312 non
780 1237 899 1312 solum
919 1264 1002 1312 eum
1018 1240 1103 1314 foris
1126 1257 1379 1343 pervagantem
1394 1243 1622 1339 contempsit,

313 1365 378 1440 sed
396 1368 497 1438 etiam
512 1362 611 1439 domi
627 1364 873 1436 consistentem
889 1366 1024 1438 invasit.
1079 1368 1147 1457 Qui
1165 1391 1247 1439 oum
1263 1366 1300 1438 in
1314 1365 1473 1436 Fioniam
1490 1364 1584 1437 forte
1599 1388 1622 1435 e

314 1487 489 1573 sialandia
512 1488 735 1603 nauigatione
760 1485 1004 1578 contenderet,
1025 1488 1157 1584 piratas
1175 1503 1258 1586 post
1278 1503 1417 1586 tergum
1436 1486 1621 1558 imminere

312 1597 546 1708 conspiciens,
571 1606 675 1682 aride
690 1608 797 1706 petito
825 1607 941 1680 littore
963 1612 1261 1716 armamentisque
1277 1608 1474 1684 omnibus
1463 1635 1500 1682 ιιι
1515 1633 1620 1708 prte-

313 1735 398 1809 dam
421 1732 566 1822 relictis,
590 1755 662 1804 non
683 1735 758 1804 sine
773 1711 907 1803 rubore
929 1746 963 1803 et
980 1747 1076 1805 metu
1099 1735 1240 1831 navigio
1260 1734 1370 1807 cessit.
1428 1735 1620 1832 interjectis

312 1863 423 1949 annis,
448 1877 531 1928 cum
517 1838 649 1952 ‘apud
665 1850 877 1925 sialandiam
892 1849 983 1927 febri
1002 1877 1041 1926 se
1062 1851 1279 1950 implicatum
1309 1857 1467 1946 sentiret,
1490 1857 1619 1930 Fioni-
1628 1942 1633 1951 Ι

312 2003 370 2054 am
386 2001 513 2076 usque,
527 1976 635 2071 cnjus
650 1991 726 2046 erat
739 1975 924 2066 oriundus,
942 1980 1126 2070 concessit,
1146 1979 1322 2077 spiritum,
1339 1976 1401 2051 ubi
1416 1967 1618 2076 inperat,

288 2099 527 2178 'redditurus
582 2095 656 2168 lllie
670 2093 859 2196 desperato
881 2097 1062 2200 languoris
1071 2101 1254 2194 remedio,
1283 2104 1370 2201 quia
1387 2102 1530 2200 corpori
1543 2122 1618 2174 non

310 2240 462 2328 poterat,
477 2221 614 2320 spiritui
627 2218 813 2295 consulere
832 2228 991 2322 cupiens,
1006 2230 1141 2325 regiam
1156 2235 1291 2300 vestem
1306 2221 1448 2298 cuculla
1462 2247 1618 2321 permu-

283 2356 371 2442 ‘·tat,
385 2362 588 2443 vocataque
601 2342 751 2416 militum
769 2343 925 2439 cohorte,
942 2345 1061 2446 palam
1084 2371 1196 2447 regno
1222 2349 1415 2420 renunciat.
1480 2344 1617 2420 Credi-

206 2482 213 2493 '
310 2489 388 2546 mm
402 2475 497 2543 enim
512 2485 565 2544 est
589 2482 624 2540 et
638 2492 660 2541 a
676 2491 862 2544 sacrorum
876 2472 995 2569 peritis
1009 2467 1195 2563 traditum,
1225 2464 1312 2546 nihil
1328 2463 1517 2542 abolendis
1530 2469 1618 2566 pia-

311 2593 402 2670 culis
422 2592 635 2690 poenitentite
651 2589 824 2690 religione
842 2591 1015 2668 valentine
1031 2595 1189 2692 reperiri.
1241 2595 1343 2664 Tunc
1356 2587 1483 2664 Elivus
1497 2615 1520 2662 n
1536 2595 1617 2666 vino

311 2718 506 2816 Wisingo¹,
529 2720 590 2813 qui
608 2715 731 2812 etipse
747 2737 845 2813 aegro
868 2739 951 2788 cum
969 2716 1044 2790 aliis
1060 2713 1260 2807 assidebat,
1287 2727 1436 2786 cunctos
1457 2708 1504 2786 de
1529 2738 1615 2788 cre-

294 2837 406 2912 ·ando
418 2863 505 2936 rege
522 2837 785 2935 circumspectis
798 2861 877 2911 esse
890 2837 1063 2938 suffragiis
1077 2839 1192 2938 jobet,
1213 2851 1339 2935 utpote
1360 2838 1528 2934 praesenti
1540 2840 1615 2936 jam

308 2961 430 3034 militia
445 2959 588 3035 liberos.
637 2961 728 3052 Quae
749 2981 820 3032 vox
843 2961 952 3034 vitam
976 2963 1087 3062 regis,
1157 2958 1421 3058 conducunque
1445 2960 1615 3052 restabat,

309 3082 545 3181 absumpsit2,
562 3105 657 3181 aegre
674 3079 828 3175 ferentis,
844 3081 964 3160 adbuc
980 3085 1062 3159 vivo
1077 2985 1403 3159 sibisuccessorem
1415 3082 1558 3180 inquiri.

355 3287 476 3348 ¹Eliaus
490 3309 509 3348 a
524 3288 585 3347 nico
598 3281 753 3370 Wkiugo]
766 3287 856 3348 Hunc
871 3287 931 3349 Ar·
992 3291 1042 3351 W
1039 3290 1217 3352 aldemaram
1238 3302 1268 3348 et
1284 3287 1432 3350 Kanutum
1444 3286 1615 3349 hereditate

309 3389 418 3454 noldus
441 3387 638 3453 Hvitltfeldus
668 3390 700 3451 in
727 3389 853 3454 historia
878 3387 966 3456 sua·
984 3411 1115 3483 paterna
1124 3395 1218 3480 jussit
1232 3415 1292 3455 esse
1305 3407 1467 3463 contentos,
1494 3394 1615 3456 ardma-

309 3495 488 3581 Danlna(p.
514 3493 931 3574 mediolanensium
990 3506 1082 3585 risque
1110 3501 1212 3562 taliter
1244 3499 1339 3571 rebus,
1370 3494 1527 3575 defunctus
1563 3513 1613 3560 est.

308 3621 372 3666 esse
384 3612 514 3666 testam
527 3615 616 3688 atque
634 3604 770 3668 Eilerum
786 3604 931 3669 comitem
989 3610 1053 3672 Nee
1071 3629 1167 3677 mora,
1182 3607 1318 3668 Kariatas
1329 3603 1545 3688 Magnifiiius,
1566 3629 1614 3667 ιιι·

307 3711 474 3792 aVestrup
488 3708 552 3772 tito
569 3709 704 3794 Bistrttp.
722 3711 928 3800 (Vismgstorp
986 3729 1044 3801 pta
1069 3716 1215 3777 curatort's
1235 3715 1285 3774 atti
1305 3711 1508 3798 dispositione,
1526 3735 1614 3776 wne·

306 3816 499 3880 mutuabitur
510 3817 542 3878 in
561 3819 593 3880 V
591 3822 685 3906 t'strup
696 3817 760 3880 site
780 3819 927 3906 Bistrup.)
989 3837 1037 3882 tus
1049 3837 1093 3882 est
1102 3823 1232 3906 arripere
1246 3839 1379 3902 regnum,
1390 3823 1535 3904 movitque
1548 3843 1614 3884 oon-

350 3919 548 4008 ²Adsumpsit]
561 3925 649 3986 Juxta
661 3926 929 3990 annalesmortuns
989 3943 1038 3990 tra
1057 3927 1212 3988 &emnem
1221 3926 1328 4012 prolia
1348 3947 1466 4008 magna.
1517 3928 1613 3986 Porro

304 4039 351 4090 est
371 4027 480 4089 Erittus
498 4030 673 4092 Lemanno
700 4024 789 4108 1147,
812 4043 843 4093 et
862 4032 929 4116 qni·
989 4037 1041 4096 W
1036 4033 1200 4094 aldemanus
1215 4046 1320 4116 partes
1337 4030 1423 4092 Soein
1440 4033 1614 4113 diffunditat,

305 4129 376 4196 dem
389 4129 438 4196 die
458 4129 502 4196 27
516 4133 646 4218 Augusti
664 4132 740 4211 (vit.
759 4137 928 4200 Schmin
987 4155 1017 4202 et
1035 4155 1174 4201 commota
1191 4151 1234 4200 est
1248 4139 1381 4198 urubersa
1400 4139 1510 4200 Dama.
1537 4139 1615 4236 Quas

302 4231 489 4324 peltata).
530 4241 615 4304 De”
594 4261 641 4322 ns,
661 4263 729 4327 qntn
746 4241 852 4307 Ericos
864 4263 929 4307 mo-
988 4242 1040 4307 bic
1059 4254 1255 4306 narrantura
1277 4241 1396 4304 Saxone
1417 4243 1533 4320 aliena,
1559 4265 1614 4326 pa·

304 4343 386 4406 rinna
409 4347 524 4430 egerit,
544 4347 724 4412 Helmoldus
745 4348 812 4425 baec
832 4347 929 4414 affert
989 4371 1058 4412 rum
1073 4347 1330 4433 probabiliann'bi
1348 4345 1496 4414 videntur.
1544 4347 1614 4412 Pri·

304 4446 432 4529 (Cbront
446 4453 563 4518 Slavor.
578 4452 630 4517 lib.
650 4458 663 4516 1
685 4473 751 4540 cap.
764 4451 837 4537 61)=
857 4460 930 4522 Sen-
988 4476 1072 4518 munt
1090 4454 1200 4534 oratio,
1219 4475 1289 4539 quan
1308 4454 1358 4518 hic
1379 4456 1445 4540 regi
1468 4453 1614 4518 morienti

304 4558 380 4617 triam
408 4559 532 4630 metm,
586 4565 821 4650 appropinquare
853 4563 927 4628 daem
987 4559 1142 4639 tribuitur,
1158 4581 1266 4646 parurn
1277 4558 1358 4623 cudit
1376 4559 1612 4624 inimhocittiu-

303 4665 668 4737 mortissuoemmocaott
689 4683 748 4732 trus
765 4671 928 4735 odolesceu-
987 4679 1051 4731 tem
1080 4667 1174 4732 Erici-
1244 4669 1346 4731 Porro
1375 4665 1447 4730 satis
1479 4678 1612 4746 constat,

303 4783 348 4832 tes
384 4775 500 4855 regios,
541 4772 724 4858 adhibitoque
756 4794 927 4861 magnatum
985 4772 1220 4844 Walderntrnm
1239 4771 1335 4837 aerius
1359 4769 1481 4838 deuon
1506 4785 1612 4859 partes

302 4880 438 4953 comalio,
455 4879 544 4943 Stetit
558 4877 716 4944 wemma
729 4883 773 4946 od
792 4905 926 4968 mgnum,
987 4879 1022 4944 iu
1037 4880 1098 4946 hoc
1114 4879 1299 4952 bello‚oirili
1311 4879 1505 4960 annumero,
1529 4875 1611 4942 unde
