3582 5466
701 287 918 395 cumcun
1255 321 1262 338 ·
1331 291 1404 368 err
1492 309 1502 326 ·

44 484 51 504 ’
150 491 230 573 dnb't'
246 492 445 592 woibor
462 492 651 574 decorum
666 519 734 595 per
748 500 902 594 quietem
923 499 1103 594 praecepit,
1120 501 1274 578 suenoni
1289 500 1457 580 cultione

148 613 298 708 diceret,
322 617 474 716 quodie
489 617 747 696 candificanda
761 621 916 694 sacrario
932 617 1110 696 Wilbelrni
1131 621 1202 698 eibi
1224 627 1348 699 merita
1371 629 1456 700 vin·-

148 737 297 820 diettatet
313 765 358 817 ao
368 739 494 838 gloriae
509 763 584 818 auae
602 739 719 817 alieno
734 740 860 818 labore
875 755 1015 839 partam
1033 761 1234 844 arrogasset
1245 747 1457 843 impensam,

147 887 199 954 ne,
223 863 330 980 eujua
346 865 478 940 samam
508 881 709 962 aucupatus
731 865 875 956 suimet,
914 865 1017 940 etiam
1044 870 1180 940 cinerea
1212 867 1456 962 submoveret,

146 1011 282 1085 eoaque
299 1011 323 1064 a·
337 985 519 1062 carissimo
542 987 637 1082 rogia
656 991 834 1084 eorpore²
854 1002 1045 1084 separaret.
1101 989 1213 1086 Cujus
1231 988 1314 1065 sacti
1328 1015 1456 1088 poenae

146 1109 245 1186 haud
260 1109 375 1186 dubie
390 1107 439 1183 ab
450 1109 534 1206 ipae
552 1106 749 1183 violationis
766 1125 923 1202 cremore,
937 1112 1002 1184 nisi
1013 1111 1090 1184 vitae
1105 1110 1184 1207 ejus
1197 1118 1362 1188 eanotitaa
1378 1115 1456 1189 ob-

146 1234 302 1325 rtit'naet,
327 1229 545 1330 expetendae
563 1230 692 1324 sume,
716 1255 812 1306 nuno
828 1259 916 1312 vero
940 1235 976 1306 in
991 1234 1089 1331 iprae
1108 1235 1252 1308 sacrarii
1272 1253 1391 1332 parter
1406 1239 1455 1312 ab

147 1381 191 1428 eo
206 1354 367 1430 conditas
383 1351 644 1444 ulciscendum,
679 1379 794 1453 aeque
817 1379 959 1432 omnem
977 1357 1096 1452 operia
1115 1358 1195 1454 ejus
1211 1357 1345 1434 molem
1362 1359 1454 1436 ian·-

149 1477 241 1556 ditua
252 1453 480 1552 eremurum'.
504 1477 653 1551 Monuit
670 1501 832 1576 quoque,
847 1503 893 1552 ne
909 1481 991 1578 quie
1004 1503 1112 1554 enum
1125 1479 1171 1554 de
1181 1495 1311 1554 cetero
1326 1497 1454 1560 tumu-

146 1601 220 1677 lum
244 1615 411 1678 auentare
435 1616 687 1696 preaumeret,
721 1600 902 1697 praefatus,
920 1603 1106 1692 neminen»,
1132 1605 1196 1701 qui
1219 1607 1354 1678 cinerea
1375 1609 1456 1706 ejur

146 1723 226 1802 ben
248 1721 582 1814 euoaulamorerit,
620 1723 767 1820 impune
788 1722 956 1798 laturum.
1012 1722 1151 1818 Deinde
1173 1725 1309 1802 baoulu
1323 1743 1455 1806 tectum

145 1845 331 1942 impellere
365 1861 551 1942 tutamque
573 1847 691 1943 operia
717 1843 848 1923 molem
871 1846 1014 1922 diruere
1040 1848 1156 1938 rhua,
1188 1853 1317 1925 somnii
1344 1851 1455 1928 fidem

145 1967 231 2045 arlia
259 1965 398 2046 excidio
419 1966 675 2064 comprobavit.
745 1973 889 2068 Quippe
913 1970 1104 2046 samarium
1130 1989 1276 2070 repente
1306 1973 1355 2051 ab
1374 1979 1456 2055 imia

146 2089 457 2172 fundamentorum
481 2089 634 2168 aedihua
651 2091 864 2170 convulsum
889 2091 1054 2185 excidit²‚
1068 2093 1235 2193 adeoque
1256 2120 1314 2172 ree
1327 2100 1455 2174 visioni

144 2231 383 2292 maurataneae
398 2213 475 2305 brit,
488 2213 672 2288 utendam
688 2219 860 2313 temporie
876 2229 1056 2292 metuente
1074 2217 1176 2290 ruina
1191 2223 1318 2295 commi
1332 2245 1455 2298 cornea

145 2337 333 2427 incederet,
358 2353 608 2434 nocturnaque
623 2337 727 2412 unius
743 2339 866 2436 opinio
882 2339 1043 2414 omnium
1063 2337 1179 2413 oculis
1192 2341 1343 2416 interdiu
1356 2343 1454 2419 aub-

144 2461 236 2558 jecta
262 2459 483 2540 claaeaoeret.
544 2463 701 2535 Tantum
725 2477 841 2534 autem
866 2461 917 2536 rai
942 2459 1155 2540 miraculum
1185 2465 1311 2556 extitit,
1347 2481 1388 2540 ut
1407 2491 1454 2542 ne

145 2581 343 2682 collapsum
359 2581 506 2681 quidem
523 2583 716 2660 sacrarium
733 2581 920 2659 custodem
944 2585 1170 2680 oppresserit
1229 2591 1319 2662 Nam
1333 2614 1454 2690 neque

144 2723 326 2803 petrarum
340 2703 524 2810 pondere,
549 2729 633 2803 quae
661 2703 821 2803 turdique
843 2705 1153 2806 congerebantur,
1184 2705 1293 2784 eliam
1333 2735 1455 2810 nequa

143 2828 217 2902 ulla
231 2828 399 2928 oollapaae
424 2828 529 2906 moda
555 2831 817 2926 importunitate
834 2819 1041 2926 questurus,
1073 2847 1190 2906 tutum
1205 2834 1334 2930 quietia
1346 2857 1454 2913 naum

143 2949 290 3044 babuit,
321 2976 530 3052 quaequam
553 2949 672 3028 cubile
692 2953 772 3050 ejue
787 2949 926 3030 cadenti
947 2959 1103 3030 materie
1118 2957 1326 3056 mntiguum
1342 2955 1454 3034 fuera

144 3075 290 3155 Attoniti
312 3074 462 3175 irequre'
483 3077 579 3149 cives
611 3077 722 3152 ruinae
748 3078 931 3171 prasentia
960 3075 1193 3152 admiratione
1223 3097 1453 3174 concurrunt,

144 3197 419 3296 custodemque,
434 3194 568 3278 excidio
584 3199 722 3295 perisse
735 3197 918 3292 creditum,
932 3198 1063 3274 mediia
1073 3198 1235 3297 lapidum
1253 3225 1453 3302 coagmen-

146 3325 187 3396 tis
211 3319 432 3403 ineolumem
450 3319 573 3422 egredi
597 3337 754 3400 meunt.
808 3325 898 3416 Quae
922 3349 979 3398 rea
996 3325 1157 3402 omnium
1174 3326 1209 3400 in
1224 3349 1306 3398 eum
1327 3325 1453 3406 oculor

142 3443 308 3546 Quen
323 3443 421 3548 vulgi
437 3442 665 3520 admiratione
688 3451 871 3520 convertit.
902 3443 1094 3539 Incertum,
1116 3463 1237 3522 utrum
1252 3447 1377 3548 templi
1391 3447 1453 3526 la-

143 3591 231 3666 paua
250 3592 296 3643 an
312 3569 467 3648 sacrista
483 3567 580 3644 salua
598 3565 680 3668 plue
694 3569 885 3645 visentibus
900 3572 1056 3668 stuporis
1073 3569 1236 3647 attulerit.
1268 3576 1341 3646 Nec
1358 3597 1452 3670 pac-

144 3690 274 3766 rulum
296 3690 425 3770 viniani
448 3705 576 3766 auctor
597 3693 676 3790 ejus
693 3689 741 3764 ab
763 3693 955 3770 imminenti
982 3692 1143 3794 lapidum
1166 3693 1263 3772 mole
1283 3693 1452 3773 delemur
1510 3755 1516 3766 .

188 4031 372 4094 'Carissimo
395 4028 615 4118 regiscorporc]
628 4033 676 4094 Ex
694 4049 768 4094 eon·
824 4028 991 4094 Roaltildite
1004 4030 1084 4094 band
1099 4027 1189 4096 facile
1209 4031 1357 4098 oblivioni
1371 4035 1452 4101 tradi

32 4202 37 4211 .
140 4133 258 4217 jovina
288 4133 444 4222 probabili
468 4135 651 4220 stephanius
688 4137 770 4200 hano
825 4137 936 4221 potuit.
978 4136 1090 4202 Saroni
1107 4139 1218 4222 igitur,
1238 4139 1342 4202 comiti
1355 4140 1451 4208 Abac-

141 4239 465 4326 leniorrenaraplexua
480 4254 536 4309 eat.
545 4241 604 4305 Ed.
615 4265 663 4327 pr.
676 4242 768 4306 babet
825 4243 914 4322 lenia,
937 4255 1059 4308 eentum
1075 4257 1105 4306 et
1122 4243 1206 4328 qaod
1220 4245 1352 4308 manmit
1365 4249 1451 4311 annia

141 4347 254 4440 Canuti
270 4353 351 4432 regis
363 4373 491 4436 corpore.
547 4351 660 4427 (latmo
677 4356 768 4413 οανιζι·
824 4350 933 4435 alaprie
954 4350 1014 4412 ltott
1037 4351 1189 4413 enamnb'
1209 4349 1291 4414 ltatrd
1311 4350 1386 4416 litlet
1404 4365 1451 4418 m

140 4457 214 4516 stau
235 4454 313 4539 teg.)
372 4532 373 4536 Ἰ
824 4452 1009 4540 deneganda.
1068 4461 1145 4520 Tam
1178 4469 1271 4521 reatae
1301 4471 1450 4544 praeterea

185 4553 377 4624 'Sacrorum
384 4579 529 4648 repertu„
541 4563 706 4625 amenum
717 4584 768 4624 ee·
824 4575 895 4624 aaut
908 4563 1006 4625 ralrm
1018 4563 1051 4625 in
1061 4563 1169 4644 oborn,
1183 4579 1217 4630 nt
1231 4562 1322 4628 labile
1331 4565 1451 4630 admitti

139 4663 225 4746 cidit]
248 4670 374 4730 Partem
399 4668 556 4731 estruem
578 4679 674 4730 tama
692 4666 768 4730 mdia
824 4679 925 4752 queat,
944 4681 1043 4732 tantas
1062 4672 1166 4736 valvae
1187 4643 1288 4736 minna
1309 4685 1450 4738 acueram

22 4769 23 4786 ¹
139 4767 242 4838 subito
258 4771 426 4836 ooncidieae
450 4785 486 4836 at
502 4793 625 4858 maguae
649 4772 767 4838 deditae
824 4785 991 4838 exstructae
1015 4797 1068 4841 ane
1099 4778 1182 4842 mole
1207 4799 1278 4844 moe
1307 4799 1450 4844 munem

139 4875 257 4957 ruinae,
277 4892 345 4942 erat
355 4899 405 4942 rea
419 4881 452 4943 in
468 4878 553 4943 laeto
569 4881 679 4966 potita,
695 4902 766 4966 qun
823 4881 968 4966 potuiaae.
