3508 5460
346 322 424 396 sos
574 273 580 285 ’
668 323 843 394 atsaoa.
861 324 968 393 nau.
982 287 1121 394 ussa
1140 323 1232 398 xiv.

294 507 378 606 dem
391 529 500 602 animi
521 529 709 625 praeseutia
733 528 906 628 repulere.
978 536 1061 626 Quo
1090 532 1187 606 facto
1213 547 1286 604 tam
1316 531 1473 608 hoedum
1500 559 1614 632 quarm
1737 593 1738 622 .

294 659 426 730 civium
442 657 480 724 in'
503 671 540 721 se
567 648 834 725 admirationem
858 671 1018 747 vertere,
1048 679 1299 756 magnumque
1328 654 1397 730 illis
1426 657 1615 748 ruborem,
1737 643 1738 730 ἶ

294 780 350 852 his
363 785 455 852 iuter
470 789 605 846 metum
624 790 659 847 et
672 773 828 847 laetitiam
843 774 1097 871 haesitantibus,
1113 803 1295 877 peperere.
1347 783 1453 854 Aser
1469 779 1612 854 tandem
1737 759 1738 836 l

294 901 474 1000 equitibus
489 901 655 987 attentati,
689 899 888 972 invutabili
911 903 1035 974 mentis
1063 899 1192 976 habita
1205 906 1412 1000 perstitere,
1441 917 1616 1000 tanquam
1737 991 1738 998 ἵ

292 1026 449 1100 hostium
464 1024 617 1118 ignaviae
633 1019 747 1117 plenis
767 1019 984 1096 foritudinis
1002 1025 1127 1098 animis
1140 1023 1359 1098 insultantes.
1411 1030 1484 1099 Nec
1501 1025 1615 1102 defait

294 1145 464 1223 Absaloni
483 1159 655 1241 prompta
671 1169 770 1220 meus
785 1144 832 1218 ad
858 1171 967 1244 opem
990 1169 1115 1220 eorum
1133 1149 1256 1222 virtuti
1277 1147 1495 1248 fiduciaeque
1510 1167 1614 1250 prae·-

293 1268 466 1348 staadam.
516 1265 698 1364 Siquidem
716 1282 767 1342 tot
782 1295 933 1344 suorum
947 1275 1122 1368 equitum,
1143 1287 1232 1369 quot
1244 1271 1427 1347 hostilium
1440 1273 1612 1346 animad-

293 1409 454 1486 verteret,
474 1393 525 1466 eis
543 1418 612 1490 pro
629 1392 882 1492 supplemento
899 1395 1101 1467 transmisit.
1153 1393 1270 1466 Sclsvi
1295 1419 1445 1494 qnoque
1460 1419 1613 1468 morum

199 1507 201 1512 ¹
292 1519 510 1617 paucitatem
525 1520 684 1588 certatim
700 1521 901 1590 numerosis
921 1515 1069 1588 militum
1086 1515 1262 1614 praesidiis
1287 1519 1614 1616 prosequebamur.

291 1647 416 1740 ltaque
431 1638 692 1739 supplementis
709 1645 877 1738 utrinque
894 1654 1064 1738 tanquam
1080 1663 1123 1712 ex
1139 1640 1482 1738 parieresoeatibus,
1500 1645 1613 1740 equi·-

292 1764 461 1864 tibusque
480 1763 587 1838 veluti
603 1763 649 1836 ad
671 1762 805 1836 militiae
827 1761 1077 1860 spectaculum
1100 1789 1121 1836 e
1143 1761 1287 1837 diverso
1304 1763 1614 1855 convenientibus,
1737 1823 1738 1856 .

293 1885 550 1978 Sialandeuses,
564 1883 768 1960 ulteriorem
782 1883 939 1958 hostium
955 1883 1185 1984 petulantiam
1200 1891 1402 1984 inspectare
1415 1897 1492 1960 uoti
1504 1893 1614 1985 passi,

294 2012 461 2086 universa
484 2013 560 2081 acie
579 2012 630 2082 eis
650 2009 850 2080 occurrunt.
902 2012 1067 2101 Quorum
1091 2013 1229 2108 lugam,
1258 2008 1361 2085 vadis
1378 2009 1613 2108 inpedienti-

293 2134 379 2226 bus,
400 2131 551 2234 longum
569 2115 710 2230 ins'equi
726 2143 963 2228 nequeuntes,
987 2133 1162 2231 majorem
1186 2150 1365 2232 eqttot‘um
1398 2156 1511 2231 quam
1536 2132 1611 2208 ho-

294 2264 430 2332 miuum
462 2269 620 2354 stragem
638 2267 797 2352 egerunt.
879 2256 1046 2354 Cumque
1070 2259 1137 2328 iter
1167 2253 1216 2328 ad
1246 2275 1361 2330 astes
1380 2255 1614 2347 reflemreat,

293 2382 471 2480 remigum
488 2398 639 2452 suoram
656 2378 768 2449 aciem
787 2379 895 2451 armis
910 2380 1043 2475 pariter
1055 2401 1098 2450 ac
1115 2379 1225 2479 signis
1243 2380 1456 2456 instructum
1466 2380 1613 2456 obviam

293 2503 511 2595 habuerunt,
537 2523 647 2600 quam
665 2499 713 2572 ad
727 2500 856 2573 auxilia
881 2502 987 2576 sociis
1002 2499 1152 2574 terenda
1168 2502 1315 2576 fortuito
1338 2509 1464 2580 nuntio
1488 2512 1611 2578 moni-

203 2657 207 2663 ·
293 2645 331 2702 ta
345 2629 459 2703 vetus
473 2623 680 2699 adduxerat.
730 2626 775 2696 Hi
789 2625 954 2723 proiecto
971 2647 1053 2698 cum
1069 2623 1252 2698 ilbsalone
1278 2627 1434 2701 victorie
1457 2627 1610 2727 pluriam

293 2755 656 2842 communicaverunt,
673 2749 732 2821 cui
747 2773 786 2822 se
800 2766 929 2846 sponte
943 2751 1083 2823 virtutis
1099 2747 1457 2824 sociosobtuletuut.
1512 2755 1610 2826 Inte·

294 2899 356 2949 rea
374 2897 435 2948 rex
449 2878 537 2949 seris
558 2873 709 2972 vigilum
729 2873 870 2946 monitis
888 2875 1070 2965 excitatus,
1098 2874 1240 2946 omissae
1263 2875 1498 2974 navigationis
1525 2889 1609 2948 mo-

293 3023 371 3072 ram
387 3017 622 3095 praepropera
645 2995 871 3069 festinatione
896 2992 1071 3068 discussit.
1130 2996 1199 3085 Qui
1226 3018 1328 3087 cum,
1362 2999 1447 3070 risis
1467 2998 1606 3072 Sialsn-

294 3119 480 3210 densihus,
505 3117 705 3217 populandi
721 3124 832 3218 gratia
855 3115 902 3192 ad
925 3117 1022 3190 littus
1039 3114 1221 3215 appellere
1240 3116 1428 3211 vomant,
1462 3115 1511 3194 ab
1530 3123 1609 3195 ab·

295 3241 430 3333 salone,
450 3240 541 3318 'nihil
556 3241 691 3316 hostilis
704 3241 850 3340 praedae,
876 3236 978 3340 quod
999 3244 1078 3337 eins
1100 3239 1235 3337 rapinis
1261 3256 1403 3338 pateat,
1424 3265 1609 3344 mperesse

294 3363 503 3464 perdoctus,
529 3383 752 3464 magnopere
764 3362 960 3464 gratulatus
977 3379 1039 3456 est,
1065 3362 1170 3462 quod·
1183 3377 1258 3434 tam
1277 3387 1389 3470 parre
1407 3389 1536 3442 manas
1549 3372 1606 3440 ni-

294 3486 370 3562 hilo
384 3485 599 3586 languidius,
624 3506 734 3586 quam
764 3489 793 3562 si
809 3485 1058 3586 ipssadesset,
1078 3510 1153 3560 rem
1178 3488 1335 3585 propriis
1353 3491 1521 3588 μίσεα
1537 3513 1611 3564 ιιι-ι

295 3615 426 3709 spiclis.
477 3613 570 3684 Hinc
586 3629 670 3684 eam
688 3609 776 3685 alios
789 3609 919 3685 insulae
931 3607 1019 3684 fines
1035 3616 1143 3683 armis
1162 3611 1313 3710 ignique
1332 3627 1514 3706 mamea,
1535 3615 1609 3690 tio—

295 3716 396 3808 mum
412 3734 616 3808 concessit¹.
635 3788 639 3794 .

424 3859 583 3930 Rursum
605 3862 699 3930 cirea
716 3861 875 3930 autumni
901 3857 1076 3955 principia
1100 3853 1216 3930 classe
1236 3877 1435 3955 regressus,
1457 3865 1612 3957 ptissana

297 3977 479 4054 vastandis
496 3985 590 4080 agris
604 4003 754 4078 operam
770 3975 875 4070 dedit,
896 3995 946 4072 ut,
964 3994 1087 4078 segete
1109 3993 1340 4079 cousumpta,
1371 3982 1512 4058 incolas
1524 4003 1610 4058 nra-

296 4101 509 4177 mendarum
525 4102 672 4178 urbium
686 4109 919 4176 instrumento
934 4104 1101 4201 privaret.
1151 4104 1250 4175 Cum-
1270 4102 1321 4176 ot
1342 4105 1610 4182 urbem‘fflon

344 4410 446 4470 ¹Ht'nc
465 4452 490 4471 ..
520 4410 634 4472 domum
655 4403 808 4488 concessit]
835 4397 924 4470 Hanc
982 4425 1054 4492 rege
1091 4405 1237 4493 episeopo
1269 4421 1353 4472 sciat
1387 4411 1498 4477 omisit.
1550 4411 1606 4478 Sed

299 4511 522 4596 expeditionem
560 4514 718 4600 descripsit
753 4513 844 4577 etiam
874 4535 926 4577 aa·
982 4515 1130 4578 nonnulla
1158 4511 1275 4578 addidit
1310 4520 1432 4582 nomina
1460 4521 1604 4598 locorum,

298 4617 750 4706 etorHist.Ilnytl.(csp.121,
768 4643 800 4707 p.
820 4615 925 4683 382-
982 4634 1014 4685 et
1034 4641 1084 4686 res
1105 4645 1123 4685 a
1143 4623 1239 4686 Danis
1266 4639 1367 4710 gestas
1385 4625 1419 4690 iu
1439 4627 1537 4711 majus
1557 4647 1603 4690 aa·

297 4721 395 4810 383),
435 4724 487 4812 qai
523 4745 625 4812 neque
655 4725 731 4792 dues
764 4725 929 4792 Absalouis
983 4729 1037 4794 xit.

298 4829 415 4922 equites
436 4831 610 4899 submersos
634 4853 732 4922 neque
764 4835 877 4920 gratias
907 4857 925 4898 a
