3508 5460
345 259 420 332 ros
669 208 1236 334 nrsrouosunmnnxrv.

292 485 362 558 tur,
388 463 592 562 exemplum
616 470 742 555 secuti,
769 465 989 540 clandestino
1012 469 1164 566 trajectu
1188 465 1343 540 fluminis
1378 491 1460 541 curn
1488 469 1617 538 uxori-

290 591 363 663 bus
381 614 425 662 oc
439 587 562 661 liberis
577 588 813 686 municipium
837 587 1021 682 deserunt,
1047 605 1195 686 penates
1222 588 1392 664 duntaxat
1414 589 1527 662 rebus
1544 616 1637 676 νειμ

292 739 382 786 euos
397 709 680 784 hostililsoevitiae
694 709 859 784 relicturi.
919 716 1086 805 Quorum
1109 712 1239 786 urbem
1259 737 1322 784 rex
1349 709 1450 784 nullo
1467 718 1614 811 negotio

290 842 518 934 interceptam
535 832 705 908 militibus
723 859 766 906 ac
788 833 973 933 stipendiis
990 838 1150 928 instruit,
1176 859 1332 934 eamque
1349 833 1614 908 Wetlremanno

290 962 413 1056 piratre
433 954 630 1030 curandam
651 959 870 1030 committit1.
922 958 1120 1034 Ornenses²
1139 982 1310 1056 quoque,
1335 955 1420 1054 plus
1447 981 1491 1030 ex
1517 955 1613 1028 alia-

288 1107 370 1156 rum
387 1078 532 1154 urbium
552 1079 694 1154 fortuna
712 1081 855 1174 timoris,
882 1105 993 1180 qnam
1008 1107 1052 1156 ex
1078 1084 1152 1156 suis
1176 1081 1360 1156 rnoenibus
1382 1077 1525 1152 fiduciee
1542 1103 1613 1150 ca-

288 1208 438 1304 pientes,
463 1219 501 1276 ut
514 1202 581 1276 sibi
601 1203 797 1276 vicinarum
815 1205 1013 1296 civitatum,
1036 1229 1193 1303 quarum
1218 1200 1445 1276 formidinem
1473 1225 1612 1298 seque-

286 1329 429 1418 bantur,
453 1325 620 1423 exemplo
635 1324 870 1414 consulerent,
898 1326 1039 1419 urbem,
1061 1355 1107 1400 ne
1122 1329 1170 1400 ab
1198 1325 1364 1398 hostibus
1389 1322 1460 1396 coli
1475 1340 1612 1420 posset,

288 1449 468 1524 desertam
499 1447 710 1536 incendunt,
747 1465 893 1546 penates
924 1475 1011 1524 suos
1035 1451 1109 1548 igni
1134 1475 1247 1548 quam
1281 1446 1375 1522 hosti
1408 1445 1612 1543 relinquere

286 1587 539 1671 preoptantes.
593 1575 696 1645 Tunc
713 1598 787 1663 rex,
808 1590 929 1670 ponte,
947 1579 1008 1672 qui
1027 1573 1184 1647 medium
1203 1597 1345 1644 amnem
1363 1595 1488 1643 secare
1502 1565 1613 1640 vide-

284 1695 412 1785 batur,
437 1693 630 1792 abrupto³,
655 1693 878 1794 sublatisque
898 1701 1034 1772 creteris
1056 1695 1294 1798 navigationis
1322 1689 1537 1779 obstaculis,
1564 1687 1611 1760 ad

286 1816 447 1916 Stolpam
464 1818 584 1892 vicum
604 1819 788 1916 processit,
814 1818 878 1890 ubi
901 1836 936 1893 et
956 1820 1090 1896 ducem
1111 1816 1343 1920 postmodum
1368 1815 1521 1889 obvium
1537 1811 1610 1884 lra-

285 1942 372 2014 buit.
424 1944 595 2040 igiturne
611 1937 871 2040 Walogostum‚
887 1943 1016 2018 eodem
1034 1942 1200 2042 exemplo
1219 1939 1417 2030 desertum,
1445 1963 1522 2036 quo
1539 1961 1608 2008 ea-

284 2082 399 2164 ptum,
425 2079 508 2162 post
521 2061 719 2138 discessum
737 2088 843 2138 suum
859 2063 1024 2142 hostibus
1042 2066 1271 2157 redderetur,
1310 2065 1511 2162 praesertim
1526 2064 1607 2132 Da-

283 2213 362 2280 noS,
380 2193 408 2260 si
424 2211 469 2260 eo
492 2185 711 2278 fruerentur,
744 2191 998 2287 sempiternum
1019 2188 1167 2262 Scluviae
1193 2189 1385 2286 imperium
1405 2183 1607 2268 habituros,

283 2313 504 2402 existimans,
539 2309 779 2403 Absalonem,
828 2316 1008 2386 Burisium
1041 2313 1335 2410 Svenonemque,
1375 2327 1461 2384 tunc
1489 2307 1605 2378 drusii

282 2435 489 2535 pontificatu
512 2435 723 2532 insignem⁴,
756 2437 838 2534 ejus
861 2439 1057 2546 municipes
1081 2432 1220 2507 edicere
1247 2437 1383 2523 statuit,
1411 2429 1550 2531 quibus
1572 2443 1605 2498 et

328 2709 485 2791 ¹(laorum
517 2709 613 2768 urbem
641 2729 692 2767 rec
789 2709 912 2770 Wetlre·
972 2707 1085 2768 domini
1112 2705 1214 2768 1166
1252 2689 1346 2768 mense
1377 2703 1539 2766 Februario
1570 2697 1606 2758 ab

280 2833 389 2875 maruno
404 2809 570 2888 committit]
582 2807 824 2893 occupationem
832 2816 912 2880 We·
972 2815 1101 2874 Henrr'co
1110 2858 1123 2884 ,
1152 2815 1250 2898 primo
1279 2811 1383 2890 abiete
1408 2809 1443 2869 V
1440 2803 1603 2872 r'tmreltoloe,

280 2917 395 3000 logosll
424 2917 601 3000 (Wolgsst)
623 2932 842 2984 commemorat
858 2943 910 2982 eu·
969 2921 1088 2980 emissos
1100 2919 1201 3003 fuisse
1220 2919 1263 2980 ad
1282 2920 1376 2980 locum
1393 2913 1543 2994 Smulreng
1561 2909 1604 2969 δέ·

280 3011 350 3086 ctor
379 3022 679 3112 hist.1tnyrling.p.
701 3021 772 3088 381.
970 3040 1061 3095 ctum,
1092 3047 1174 3108 quem
1202 3023 1260 3086 sibi
1280 3025 1451 3110 paravisset
1479 3016 1603 3080 Erlr'lltts

326 3127 509 3208 ²Ornenses]
536 3131 690 3195 Ornenses
714 3131 795 3194 baud
817 3131 908 3198 dubie
971 3131 1158 3192 Arlusr'errsis
1170 3133 1335 3216 episwpus,
1353 3132 1404 3212 qul
1416 3130 1602 3190 ‘ederim‘

278 3235 492 3318 intelliguntur
522 3235 673 3299 Oscenses
702 3238 765 3299 sive
800 3240 910 3303 incolae
971 3239 1001 3295 in
1020 3238 1204 3322 expeditione
1224 3253 1328 3298 eontra
1347 3237 1453 3298 Siccos
1478 3231 1603 3292 decesse-

279 3341 392 3420 Osnsr,
420 3343 451 3404 in
478 3326 594 3419 insule,
623 3363 693 3426 qum
723 3343 816 3407 hodie
837 3349 910 3411 Usa.
970 3345 1053 3402 serit.
1093 3345 1140 3404 Ex
1160 3341 1217 3405 hnc
1233 3355 1335 3406 autem
1346 3337 1524 3403 narratione
1538 3355 1602 3396 non

278 3445 351 3510 dom
373 3460 517 3527 vocatur,
543 3447 620 3510 sitm.
971 3447 1124 3532 sequitur,
1159 3449 1308 3513 Esltillum
1339 3449 1373 3510 in
1399 3445 1478 3510 rivis
1498 3441 1603 3512 fuisse,

324 3559 443 3618 ‘Ponte
462 3598 484 3616 ..
506 3553 646 3643 abrupto]
670 3559 761 3619 Hunc
782 3571 911 3642 pontem
970 3568 1039 3614 cum
1060 3554 1201 3620 ¹¹¹⁰¹1⁸0hl
1219 3553 1257 3618 ⁸⁸1
1277 3553 1431 3638 smabeng
1452 3549 1605 3631 fflidffle’

277 3661 841 3750 auctorhistorielluytlingorum,qui
854 3688 909 3730 no·
969 3657 1041 3721 tint·
1082 3661 1180 3744 Igitur
1199 3675 1332 3728 statuere
1347 3663 1430 3742 licet,
1450 3655 1605 3722 Eslrillum

276 3789 346 3832 men
378 3766 465 3832 ssusii
498 3768 577 3832 Peni
610 3791 766 3854 nunquam
801 3771 908 3853 effert,
968 3782 1041 3826 Vere
1063 3767 1134 3828 ³¹¹¹st
1156 3764 1238 3832 1164
1255 3768 1428 3846 (Ῑθθθδθῖθθθ,
1450 3763 1533 3830 unde
1554 3779 1604 3823 *θ’

276 3879 453 3938 Dnnzarhru
475 3875 641 3960 appellarit
666 3877 685 3938 l.
708 3895 735 3938 c.
752 3901 784 3962 p.
803 3876 877 3942 381.
969 3869 1088 3952 quitur,
1122 3878 1258 3956 potuisse
1293 3893 1500 3938 successorem
1534 3868 1604 3948 ejus

320 3987 501 4046 *Sucronem
526 4001 594 4044 tanc
608 3988 715 4047 Arusir'
727 3989 907 4070 ponteficalis
967 3977 1154 4062 ⁰¹P0dltl⁰1ll
1180 3997 1327 4047 autumno
1349 3983 1416 4067 ejus
1438 3979 1510 4044 enni
1536 4000 1605 4043 sns-

274 4087 429 4173 r'nsr'garm]
455 4088 623 4152 Contendit
645 4088 788 4154 Submius
811 4091 906 4170 (ilict.
972 4096 1073 4168 ceptae
1088 4087 1244 4156 intersere.
1295 4093 1382 4168 (Huc
1401 4087 1527 4176 quidem
1547 4087 1606 4148 lie-

181 4257 185 4266 ,
273 4192 309 4254 al
327 4197 437 4257 Danm.
465 4194 536 4262 Vol.
561 4196 617 4262 vlt
639 4215 671 4278 p.
702 4191 781 4273 163,
819 4195 906 4282 210),
967 4190 995 4252 ri
1018 4193 1129 4275 potnit
1172 4197 1234 4262 sad
1254 4197 1280 4262 si
1301 4217 1408 4262 rerum
1429 4209 1493 4274 oet,
1514 4193 1607 4278 quod

272 4299 445 4366 Svenonem
472 4323 551 4364 enno
584 4299 705 4364 demum
739 4299 822 4368 1166
842 4307 906 4390 epi.
966 4309 1074 4362 auctor
1101 4301 1183 4368 illius
1212 4306 1397 4369 narrationis
1433 4303 1496 4366 ello
1529 4301 1609 4362 loeo

272 4423 400 4490 scopum
415 4407 557 4472 Arbusim
578 4410 717 4489 erasisse,
738 4411 905 4498 respiciens
964 4401 1053 4480 (ibid
1075 4431 1107 4491 p·
1127 4405 1203 4492 257)
1222 4410 1339 4491 refert,
1361 4413 1539 4476 sie-om
1559 4409 1608 4470 ill

271 4510 311 4574 ad
342 4511 464 4576 initium
499 4517 683 4580 narrationis
708 4517 747 4582 de
777 4519 903 4584 exordio
965 4509 1029 4574 Cel.
1058 4514 1174 4579 Norbr.
1204 4538 1286 4581 enno
1322 4517 1522 4605 pontificense
1552 4517 1610 4578 sui

271 4619 360 4681 Cerne
388 4620 496 4682 insule
531 4618 696 4710 (Scriptor.
729 4645 791 4692 rer.
819 4631 900 4690 Dan.
962 4622 1095 4683 viserem
1114 4643 1199 4688 seete
1211 4639 1366 4690 mortuum
1390 4644 1467 4706 esee,
1487 4624 1520 4686 in
1540 4623 1612 4688 lanc

270 4727 343 4789 Vol.
362 4727 394 4793 V
417 4746 449 4810 p.
469 4725 556 4812 236).
607 4731 669 4796 Sed
687 4734 718 4795 in
741 4751 776 4795 on
798 4753 902 4797 narra·
961 4726 1174 4811 expeditione,
1202 4755 1229 4796 e.
1264 4729 1346 4802 1164
1373 4729 1613 4820 proculdubio

268 4832 355 4898 tione
377 4831 470 4898 modo
491 4839 615 4925 legitur,
640 4841 795 4904 monachos
820 4865 899 4908 anno
960 4830 1061 4918 fimi
1089 4839 1226 4908 ”wilm
1256 4844 1419 4930 eplttoput
1447 4855 1515 4910 mi
1540 4841 1614 4907 Ar·
1737 4892 1743 4919 t
