<?xml version="1.0" encoding="UTF-8"?>
<!DOCTYPE html PUBLIC "-//W3C//DTD XHTML 1.0 Transitional//EN"
    "http://www.w3.org/TR/xhtml1/DTD/xhtml1-transitional.dtd">
<html xmlns="http://www.w3.org/1999/xhtml" xml:lang="en" lang="en">
 <head>
  <title>
</title>
<meta http-equiv="Content-Type" content="text/html;charset=utf-8" />
  <meta name='ocr-system' content='tesseract 3.04.00' />
  <meta name='ocr-capabilities' content='ocr_page ocr_carea ocr_par ocr_line ocrx_word'/>
</head>
<body>
  <div class='ocr_page' id='page_1' title='image "./historiadanica01velsgoog_0093.png"; bbox 0 0 3582 5466; ppageno 0'>
   <div class='ocr_carea' id='block_1_1' title="bbox 315 296 1268 370">
    <p class='ocr_par' dir='ltr' id='par_1_1' title="bbox 315 296 1268 370">
     <span class='ocr_line' id='line_1_1' title="bbox 315 296 1268 370; baseline -0.001 -1"><span class='ocrx_word' id='word_1_1' title='bbox 315 297 322 330; x_wconf 76' lang='lat'>⁸</span> <span class='ocrx_word' id='word_1_2' title='bbox 383 297 457 369; x_wconf 81' lang='lat'><strong>630</strong></span> <span class='ocrx_word' id='word_1_3' title='bbox 713 296 888 366; x_wconf 84' lang='lat' dir='ltr'><strong>HISTOR.</strong></span> <span class='ocrx_word' id='word_1_4' title='bbox 906 297 1011 368; x_wconf 83' lang='lat' dir='ltr'><strong>DAN.</strong></span> <span class='ocrx_word' id='word_1_5' title='bbox 1027 297 1163 370; x_wconf 85' lang='lat' dir='ltr'>LIBER</span> <span class='ocrx_word' id='word_1_6' title='bbox 1179 299 1268 368; x_wconf 88' lang='lat' dir='ltr'><strong>Xlll.</strong></span> 
     </span>
    </p>
   </div>
   <div class='ocr_carea' id='block_1_2' title="bbox 326 505 1646 3148">
    <p class='ocr_par' dir='ltr' id='par_1_2' title="bbox 329 505 1646 1096">
     <span class='ocr_line' id='line_1_2' title="bbox 332 505 1645 607; baseline 0.002 -27"><span class='ocrx_word' id='word_1_7' title='bbox 332 509 482 607; x_wconf 80' lang='lat' dir='ltr'><strong>negavit.</strong></span> <span class='ocrx_word' id='word_1_8' title='bbox 536 509 652 598; x_wconf 86' lang='lat' dir='ltr'>Quem</span> <span class='ocrx_word' id='word_1_9' title='bbox 666 507 824 580; x_wconf 90' lang='lat' dir='ltr'><strong>Canutus</strong></span> <span class='ocrx_word' id='word_1_10' title='bbox 840 505 954 580; x_wconf 84' lang='lat' dir='ltr'><strong>nihilo</strong></span> <span class='ocrx_word' id='word_1_11' title='bbox 971 507 1102 605; x_wconf 84' lang='lat' dir='ltr'><strong>magis²</strong></span> <span class='ocrx_word' id='word_1_12' title='bbox 1124 505 1242 580; x_wconf 87' lang='lat' dir='ltr'><strong>ovillis</strong></span> <span class='ocrx_word' id='word_1_13' title='bbox 1257 529 1423 584; x_wconf 87' lang='lat' dir='ltr'><strong>securum</strong></span> <span class='ocrx_word' id='word_1_14' title='bbox 1438 508 1645 606; x_wconf 85' lang='lat' dir='ltr'><strong>tergoribus</strong></span> 
     </span>
     <span class='ocr_line' id='line_1_3' title="bbox 331 626 1644 728; baseline 0.003 -26"><span class='ocrx_word' id='word_1_15' title='bbox 331 627 533 728; x_wconf 88' lang='lat' dir='ltr'><strong>respondit,</strong></span> <span class='ocrx_word' id='word_1_16' title='bbox 556 626 758 703; x_wconf 87' lang='lat' dir='ltr'><strong>lacessitum</strong></span> <span class='ocrx_word' id='word_1_17' title='bbox 776 631 882 703; x_wconf 85' lang='lat' dir='ltr'><strong>vestis</strong></span> <span class='ocrx_word' id='word_1_18' title='bbox 900 653 975 702; x_wconf 83' lang='lat' dir='ltr'><strong>suec</strong></span> <span class='ocrx_word' id='word_1_19' title='bbox 996 627 1173 727; x_wconf 77' lang='lat' dir='ltr'><strong>fulgorem</strong></span> <span class='ocrx_word' id='word_1_20' title='bbox 1188 627 1328 702; x_wconf 87' lang='lat' dir='ltr'><strong>urbano</strong></span> <span class='ocrx_word' id='word_1_21' title='bbox 1350 631 1550 706; x_wconf 77' lang='lat' dir='ltr'><strong>rusticitatis</strong></span> <span class='ocrx_word' id='word_1_22' title='bbox 1566 655 1644 728; x_wconf 87' lang='lat' dir='ltr'><strong>op·-</strong></span> 
     </span>
     <span class='ocr_line' id='line_1_4' title="bbox 331 748 1643 850; baseline 0 -26"><span class='ocrx_word' id='word_1_23' title='bbox 331 751 479 850; x_wconf 90' lang='lat' dir='ltr'><strong>probrio</strong></span> <span class='ocrx_word' id='word_1_24' title='bbox 496 753 692 849; x_wconf 85' lang='lat' dir='ltr'><strong>speciosius</strong></span> <span class='ocrx_word' id='word_1_25' title='bbox 707 775 817 848; x_wconf 90' lang='lat' dir='ltr'><strong>quam</strong></span> <span class='ocrx_word' id='word_1_26' title='bbox 832 756 935 824; x_wconf 88' lang='lat' dir='ltr'><strong>minis</strong></span> <span class='ocrx_word' id='word_1_27' title='bbox 953 765 1014 823; x_wconf 91' lang='lat' dir='ltr'><strong>aut</strong></span> <span class='ocrx_word' id='word_1_28' title='bbox 1030 752 1201 824; x_wconf 88' lang='lat' dir='ltr'><strong>conviciis</strong></span> <span class='ocrx_word' id='word_1_29' title='bbox 1223 748 1326 826; x_wconf 89' lang='lat' dir='ltr'><strong>ultus.</strong></span> <span class='ocrx_word' id='word_1_30' title='bbox 1360 755 1485 848; x_wconf 89' lang='lat' dir='ltr'><strong>Itaque</strong></span> <span class='ocrx_word' id='word_1_31' title='bbox 1501 777 1643 848; x_wconf 83' lang='lat' dir='ltr'><strong>expro-</strong></span> 
     </span>
     <span class='ocr_line' id='line_1_5' title="bbox 331 870 1646 948; baseline -0.003 0"><span class='ocrx_word' id='word_1_32' title='bbox 331 875 469 948; x_wconf 91' lang='lat' dir='ltr'><strong>bratam</strong></span> <span class='ocrx_word' id='word_1_33' title='bbox 494 875 561 948; x_wconf 90' lang='lat' dir='ltr'><strong>sibi</strong></span> <span class='ocrx_word' id='word_1_34' title='bbox 585 875 718 946; x_wconf 80' lang='lat' dir='ltr'><strong>externi</strong></span> <span class='ocrx_word' id='word_1_35' title='bbox 751 871 870 946; x_wconf 90' lang='lat' dir='ltr'><strong>cultus</strong></span> <span class='ocrx_word' id='word_1_36' title='bbox 912 870 1172 948; x_wconf 88' lang='lat' dir='ltr'><strong>aemulationem</strong></span> <span class='ocrx_word' id='word_1_37' title='bbox 1206 870 1390 948; x_wconf 85' lang='lat' dir='ltr'><strong>domestici</strong></span> <span class='ocrx_word' id='word_1_38' title='bbox 1422 871 1646 946; x_wconf 86' lang='lat' dir='ltr'><strong>cavillatione</strong></span> 
     </span>
     <span class='ocr_line' id='line_1_6' title="bbox 329 998 846 1096; baseline -0.015 -23"><span class='ocrx_word' id='word_1_39' title='bbox 329 998 501 1096; x_wconf 85' lang='lat' dir='ltr'><strong>prosequi</strong></span> <span class='ocrx_word' id='word_1_40' title='bbox 522 1012 709 1069; x_wconf 89' lang='lat' dir='ltr'><strong>contentus</strong></span> <span class='ocrx_word' id='word_1_41' title='bbox 726 1001 846 1069; x_wconf 86' lang='lat' dir='ltr'><strong>extitit.</strong></span> 
     </span>
    </p>

    <p class='ocr_par' dir='ltr' id='par_1_3' title="bbox 326 1117 1645 3148">
     <span class='ocr_line' id='line_1_7' title="bbox 458 1117 1641 1215; baseline -0.002 -25"><span class='ocrx_word' id='word_1_42' title='bbox 458 1118 555 1192; x_wconf 90' lang='lat' dir='ltr'><strong>Idem</strong></span> <span class='ocrx_word' id='word_1_43' title='bbox 571 1117 802 1214; x_wconf 90' lang='lat' dir='ltr'><strong>postmodum</strong></span> <span class='ocrx_word' id='word_1_44' title='bbox 819 1118 971 1188; x_wconf 83' lang='lat' dir='ltr'><strong>Orientis</strong></span> <span class='ocrx_word' id='word_1_45' title='bbox 987 1131 1106 1211; x_wconf 90' lang='lat' dir='ltr'><strong>partes</strong></span> <span class='ocrx_word' id='word_1_46' title='bbox 1129 1119 1277 1214; x_wconf 90' lang='lat' dir='ltr'><strong>piratica</strong></span> <span class='ocrx_word' id='word_1_47' title='bbox 1293 1133 1530 1215; x_wconf 84' lang='lat' dir='ltr'><strong>pervagatus,</strong></span> <span class='ocrx_word' id='word_1_48' title='bbox 1555 1143 1641 1192; x_wconf 90' lang='lat' dir='ltr'><strong>cum</strong></span> 
     </span>
     <span class='ocr_line' id='line_1_8' title="bbox 329 1237 1644 1342; baseline -0.002 -26"><span class='ocrx_word' id='word_1_49' title='bbox 329 1243 491 1342; x_wconf 83' lang='lat' dir='ltr'><strong>speciosa</strong></span> <span class='ocrx_word' id='word_1_50' title='bbox 506 1239 658 1314; x_wconf 90' lang='lat' dir='ltr'><strong>domum</strong></span> <span class='ocrx_word' id='word_1_51' title='bbox 672 1238 788 1339; x_wconf 88' lang='lat' dir='ltr'><strong>spolia</strong></span> <span class='ocrx_word' id='word_1_52' title='bbox 804 1238 991 1330; x_wconf 87' lang='lat' dir='ltr'><strong>retulisset,</strong></span> <span class='ocrx_word' id='word_1_53' title='bbox 1011 1237 1166 1336; x_wconf 92' lang='lat' dir='ltr'><strong>ideoque</strong></span> <span class='ocrx_word' id='word_1_54' title='bbox 1181 1264 1221 1314; x_wconf 89' lang='lat' dir='ltr'><strong>se</strong></span> <span class='ocrx_word' id='word_1_55' title='bbox 1236 1238 1413 1338; x_wconf 82' lang='lat' dir='ltr'><strong>diguitatis</strong></span> <span class='ocrx_word' id='word_1_56' title='bbox 1426 1242 1644 1314; x_wconf 87' lang='lat' dir='ltr'><strong>incrementa</strong></span> 
     </span>
     <span class='ocr_line' id='line_1_9' title="bbox 329 1363 1643 1463; baseline -0.005 -21"><span class='ocrx_word' id='word_1_57' title='bbox 329 1380 562 1463; x_wconf 84' lang='lat' dir='ltr'><strong>accepturum</strong></span> <span class='ocrx_word' id='word_1_58' title='bbox 576 1381 752 1463; x_wconf 82' lang='lat' dir='ltr'><strong>speraret,</strong></span> <span class='ocrx_word' id='word_1_59' title='bbox 777 1387 847 1460; x_wconf 87' lang='lat' dir='ltr'><strong>pro</strong></span> <span class='ocrx_word' id='word_1_60' title='bbox 865 1365 977 1459; x_wconf 87' lang='lat' dir='ltr'><strong>gratia</strong></span> <span class='ocrx_word' id='word_1_61' title='bbox 996 1368 1260 1436; x_wconf 88' lang='lat' dir='ltr'><strong>accusationem</strong></span> <span class='ocrx_word' id='word_1_62' title='bbox 1277 1379 1441 1460; x_wconf 84' lang='lat' dir='ltr'><strong>expertus</strong></span> <span class='ocrx_word' id='word_1_63' title='bbox 1455 1381 1528 1456; x_wconf 89' lang='lat' dir='ltr'><strong>est,</strong></span> <span class='ocrx_word' id='word_1_64' title='bbox 1554 1363 1643 1440; x_wconf 91' lang='lat' dir='ltr'><strong>cul-</strong></span> 
     </span>
     <span class='ocr_line' id='line_1_10' title="bbox 328 1465 1644 1588; baseline -0.003 -26"><span class='ocrx_word' id='word_1_65' title='bbox 328 1505 434 1588; x_wconf 81' lang='lat' dir='ltr'><strong>patus</strong></span> <span class='ocrx_word' id='word_1_66' title='bbox 448 1513 470 1560; x_wconf 88' lang='lat' dir='ltr'><strong>a</strong></span> <span class='ocrx_word' id='word_1_67' title='bbox 486 1511 582 1586; x_wconf 86' lang='lat' dir='ltr'><strong>rege,</strong></span> <span class='ocrx_word' id='word_1_68' title='bbox 607 1484 708 1584; x_wconf 91' lang='lat' dir='ltr'><strong>quod</strong></span> <span class='ocrx_word' id='word_1_69' title='bbox 722 1489 760 1558; x_wconf 93' lang='lat' dir='ltr'><strong>in</strong></span> <span class='ocrx_word' id='word_1_70' title='bbox 777 1511 814 1557; x_wconf 94' lang='lat' dir='ltr'><strong>re</strong></span> <span class='ocrx_word' id='word_1_71' title='bbox 831 1486 969 1556; x_wconf 88' lang='lat' dir='ltr'><strong>Svetica</strong></span> <span class='ocrx_word' id='word_1_72' title='bbox 985 1482 1167 1581; x_wconf 87' lang='lat' dir='ltr'><strong>praedam²</strong></span> <span class='ocrx_word' id='word_1_73' title='bbox 1188 1489 1326 1584; x_wconf 86' lang='lat' dir='ltr'><strong>egisset.</strong></span> <span class='ocrx_word' id='word_1_74' title='bbox 1362 1465 1476 1584; x_wconf 85' lang='lat' dir='ltr'><strong>Cujus</strong></span> <span class='ocrx_word' id='word_1_75' title='bbox 1491 1510 1644 1584; x_wconf 90' lang='lat' dir='ltr'><strong>operam</strong></span> 
     </span>
     <span class='ocr_line' id='line_1_11' title="bbox 329 1604 1643 1708; baseline -0.006 -24"><span class='ocrx_word' id='word_1_76' title='bbox 329 1610 489 1684; x_wconf 88' lang='lat' dir='ltr'><strong>valenter</strong></span> <span class='ocrx_word' id='word_1_77' title='bbox 505 1607 635 1682; x_wconf 89' lang='lat' dir='ltr'><strong>editam</strong></span> <span class='ocrx_word' id='word_1_78' title='bbox 649 1604 821 1682; x_wconf 86' lang='lat' dir='ltr'><strong>consimili</strong></span> <span class='ocrx_word' id='word_1_79' title='bbox 838 1605 1027 1704; x_wconf 84' lang='lat' dir='ltr'><strong>probitatis</strong></span> <span class='ocrx_word' id='word_1_80' title='bbox 1044 1633 1175 1708; x_wconf 79' lang='lat' dir='ltr'><strong>genere</strong></span> <span class='ocrx_word' id='word_1_81' title='bbox 1190 1605 1377 1682; x_wconf 72' lang='lat' dir='ltr'><strong>aemulatus</strong></span> <span class='ocrx_word' id='word_1_82' title='bbox 1391 1611 1556 1708; x_wconf 84' lang='lat' dir='ltr'><strong>Magnus,</strong></span> <span class='ocrx_word' id='word_1_83' title='bbox 1576 1613 1643 1682; x_wconf 56' lang='lat' dir='ltr'><strong>iu„-</strong></span> 
     </span>
     <span class='ocr_line' id='line_1_12' title="bbox 328 1729 1645 1830; baseline 0.001 -25"><span class='ocrx_word' id='word_1_84' title='bbox 328 1749 382 1806; x_wconf 93' lang='lat' dir='ltr'><strong>ter</strong></span> <span class='ocrx_word' id='word_1_85' title='bbox 399 1747 524 1806; x_wconf 81' lang='lat' dir='ltr'><strong>caetera</strong></span> <span class='ocrx_word' id='word_1_86' title='bbox 540 1729 788 1829; x_wconf 90' lang='lat' dir='ltr'><strong>trophaeorum</strong></span> <span class='ocrx_word' id='word_1_87' title='bbox 804 1755 953 1804; x_wconf 88' lang='lat' dir='ltr'><strong>suorum</strong></span> <span class='ocrx_word' id='word_1_88' title='bbox 980 1732 1128 1830; x_wconf 86' lang='lat' dir='ltr'><strong>insignia</strong></span> <span class='ocrx_word' id='word_1_89' title='bbox 1148 1732 1300 1804; x_wconf 86' lang='lat' dir='ltr'><strong>inusitati</strong></span> <span class='ocrx_word' id='word_1_90' title='bbox 1318 1729 1488 1826; x_wconf 89' lang='lat' dir='ltr'><strong>ponderis</strong></span> <span class='ocrx_word' id='word_1_91' title='bbox 1509 1730 1645 1806; x_wconf 87' lang='lat' dir='ltr'><strong>malle-</strong></span> 
     </span>
     <span class='ocr_line' id='line_1_13' title="bbox 328 1850 1641 1954; baseline -0.001 -26"><span class='ocrx_word' id='word_1_92' title='bbox 328 1879 381 1938; x_wconf 82' lang='lat' dir='ltr'><strong>os.</strong></span> <span class='ocrx_word' id='word_1_93' title='bbox 408 1851 685 1954; x_wconf 80' lang='lat' dir='ltr'><strong>quosJoriales³</strong></span> <span class='ocrx_word' id='word_1_94' title='bbox 704 1853 893 1945; x_wconf 87' lang='lat' dir='ltr'><strong>vocabant,</strong></span> <span class='ocrx_word' id='word_1_95' title='bbox 908 1850 1006 1949; x_wconf 89' lang='lat' dir='ltr'><strong>apud</strong></span> <span class='ocrx_word' id='word_1_96' title='bbox 1021 1850 1213 1926; x_wconf 90' lang='lat' dir='ltr'><strong>insularum</strong></span> <span class='ocrx_word' id='word_1_97' title='bbox 1233 1850 1416 1948; x_wconf 88' lang='lat' dir='ltr'><strong>quandam</strong></span> <span class='ocrx_word' id='word_1_98' title='bbox 1433 1859 1551 1951; x_wconf 87' lang='lat' dir='ltr'><strong>prisca</strong></span> <span class='ocrx_word' id='word_1_99' title='bbox 1577 1857 1641 1928; x_wconf 90' lang='lat' dir='ltr'><strong>vi-</strong></span> 
     </span>
     <span class='ocr_line' id='line_1_14' title="bbox 328 1972 1642 2076; baseline -0.001 -25"><span class='ocrx_word' id='word_1_100' title='bbox 328 2001 452 2051; x_wconf 88' lang='lat' dir='ltr'><strong>rorum</strong></span> <span class='ocrx_word' id='word_1_101' title='bbox 468 1973 637 2076; x_wconf 83' lang='lat' dir='ltr'><strong>religione</strong></span> <span class='ocrx_word' id='word_1_102' title='bbox 652 1973 777 2068; x_wconf 88' lang='lat' dir='ltr'><strong>cultos,</strong></span> <span class='ocrx_word' id='word_1_103' title='bbox 799 1983 835 2048; x_wconf 91' lang='lat' dir='ltr'><strong>in</strong></span> <span class='ocrx_word' id='word_1_104' title='bbox 853 1977 1003 2074; x_wconf 86' lang='lat' dir='ltr'><strong>patriam</strong></span> <span class='ocrx_word' id='word_1_105' title='bbox 1019 1972 1260 2072; x_wconf 89' lang='lat' dir='ltr'><strong>deportandos</strong></span> <span class='ocrx_word' id='word_1_106' title='bbox 1277 1981 1422 2048; x_wconf 86' lang='lat' dir='ltr'><strong>curavit.</strong></span> <span class='ocrx_word' id='word_1_107' title='bbox 1483 1977 1642 2074; x_wconf 85' lang='lat' dir='ltr'><strong>Cupiens</strong></span> 
     </span>
     <span class='ocr_line' id='line_1_15' title="bbox 328 2097 1644 2194; baseline 0.002 -24"><span class='ocrx_word' id='word_1_108' title='bbox 328 2101 420 2172; x_wconf 91' lang='lat' dir='ltr'><strong>enim</strong></span> <span class='ocrx_word' id='word_1_109' title='bbox 453 2099 642 2194; x_wconf 89' lang='lat' dir='ltr'><strong>antiquitas</strong></span> <span class='ocrx_word' id='word_1_110' title='bbox 676 2104 909 2172; x_wconf 87' lang='lat' dir='ltr'><strong>tonitruorum</strong></span> <span class='ocrx_word' id='word_1_111' title='bbox 941 2121 1067 2172; x_wconf 89' lang='lat' dir='ltr'><strong>causas</strong></span> <span class='ocrx_word' id='word_1_112' title='bbox 1104 2102 1231 2172; x_wconf 90' lang='lat' dir='ltr'><strong>usitata</strong></span> <span class='ocrx_word' id='word_1_113' title='bbox 1261 2123 1383 2170; x_wconf 90' lang='lat' dir='ltr'><strong>rerum</strong></span> <span class='ocrx_word' id='word_1_114' title='bbox 1415 2097 1644 2174; x_wconf 86' lang='lat' dir='ltr'><strong>similitudine</strong></span> 
     </span>
     <span class='ocr_line' id='line_1_16' title="bbox 328 2217 1640 2322; baseline 0 -28"><span class='ocrx_word' id='word_1_115' title='bbox 328 2219 644 2322; x_wconf 85' lang='lat' dir='ltr'><strong>comprehendere,</strong></span> <span class='ocrx_word' id='word_1_116' title='bbox 669 2219 828 2311; x_wconf 92' lang='lat' dir='ltr'><strong>malleos,</strong></span> <span class='ocrx_word' id='word_1_117' title='bbox 853 2220 988 2319; x_wconf 91' lang='lat' dir='ltr'><strong>quibus</strong></span> <span class='ocrx_word' id='word_1_118' title='bbox 1004 2217 1086 2292; x_wconf 87' lang='lat' dir='ltr'><strong>eceli</strong></span> <span class='ocrx_word' id='word_1_119' title='bbox 1100 2218 1266 2318; x_wconf 73' lang='lat' dir='ltr'><strong>fragores·</strong></span> <span class='ocrx_word' id='word_1_120' title='bbox 1279 2221 1362 2294; x_wconf 89' lang='lat' dir='ltr'><strong>cieri</strong></span> <span class='ocrx_word' id='word_1_121' title='bbox 1379 2220 1559 2314; x_wconf 90' lang='lat' dir='ltr'><strong>credebat,</strong></span> <span class='ocrx_word' id='word_1_122' title='bbox 1575 2223 1640 2294; x_wconf 92' lang='lat' dir='ltr'><strong>in-</strong></span> 
     </span>
     <span class='ocr_line' id='line_1_17' title="bbox 327 2343 1640 2445; baseline 0 -29"><span class='ocrx_word' id='word_1_123' title='bbox 327 2348 422 2445; x_wconf 85' lang='lat' dir='ltr'><strong>genti</strong></span> <span class='ocrx_word' id='word_1_124' title='bbox 440 2369 511 2416; x_wconf 87' lang='lat' dir='ltr'><strong>aere</strong></span> <span class='ocrx_word' id='word_1_125' title='bbox 529 2343 717 2442; x_wconf 88' lang='lat' dir='ltr'><strong>complexa</strong></span> <span class='ocrx_word' id='word_1_126' title='bbox 740 2343 873 2434; x_wconf 87' lang='lat' dir='ltr'><strong>fuerat,</strong></span> <span class='ocrx_word' id='word_1_127' title='bbox 900 2343 1079 2441; x_wconf 83' lang='lat' dir='ltr'><strong>aptissime</strong></span> <span class='ocrx_word' id='word_1_128' title='bbox 1096 2358 1200 2414; x_wconf 79' lang='lat' dir='ltr'><strong>tautae</strong></span> <span class='ocrx_word' id='word_1_129' title='bbox 1226 2345 1423 2417; x_wconf 89' lang='lat' dir='ltr'><strong>sonoritatis</strong></span> <span class='ocrx_word' id='word_1_130' title='bbox 1439 2346 1531 2418; x_wconf 73' lang='lat' dir='ltr'><strong>vim*</strong></span> <span class='ocrx_word' id='word_1_131' title='bbox 1553 2368 1640 2416; x_wconf 90' lang='lat' dir='ltr'><strong>ma-</strong></span> 
     </span>
     <span class='ocr_line' id='line_1_18' title="bbox 329 2464 1642 2567; baseline 0.002 -28"><span class='ocrx_word' id='word_1_132' title='bbox 329 2465 513 2540; x_wconf 88' lang='lat' dir='ltr'><strong>chinarum</strong></span> <span class='ocrx_word' id='word_1_133' title='bbox 537 2465 717 2540; x_wconf 85' lang='lat' dir='ltr'><strong>fabrilium</strong></span> <span class='ocrx_word' id='word_1_134' title='bbox 739 2472 859 2564; x_wconf 91' lang='lat' dir='ltr'><strong>specie</strong></span> <span class='ocrx_word' id='word_1_135' title='bbox 879 2464 1082 2538; x_wconf 89' lang='lat' dir='ltr'><strong>imitandam</strong></span> <span class='ocrx_word' id='word_1_136' title='bbox 1099 2465 1309 2537; x_wconf 84' lang='lat' dir='ltr'><strong>existimaus.</strong></span> <span class='ocrx_word' id='word_1_137' title='bbox 1362 2469 1515 2567; x_wconf 83' lang='lat' dir='ltr'><strong>Magnus</strong></span> <span class='ocrx_word' id='word_1_138' title='bbox 1540 2493 1642 2560; x_wconf 82' lang='lat' dir='ltr'><strong>vero,</strong></span> 
     </span>
     <span class='ocr_line' id='line_1_19' title="bbox 328 2586 1641 2694; baseline 0.002 -33"><span class='ocrx_word' id='word_1_139' title='bbox 328 2586 536 2694; x_wconf 74' lang='lat' dir='ltr'><strong>Christianae</strong></span> <span class='ocrx_word' id='word_1_140' title='bbox 560 2589 755 2688; x_wconf 89' lang='lat' dir='ltr'><strong>disciplinae</strong></span> <span class='ocrx_word' id='word_1_141' title='bbox 781 2587 899 2662; x_wconf 91' lang='lat' dir='ltr'><strong>studio</strong></span> <span class='ocrx_word' id='word_1_142' title='bbox 925 2613 1106 2687; x_wconf 85' lang='lat' dir='ltr'><strong>paganam</strong></span> <span class='ocrx_word' id='word_1_143' title='bbox 1129 2612 1300 2685; x_wconf 74' lang='lat' dir='ltr'><strong>peccem,</strong></span> <span class='ocrx_word' id='word_1_144' title='bbox 1319 2605 1353 2662; x_wconf 88' lang='lat' dir='ltr'><strong>et</strong></span> <span class='ocrx_word' id='word_1_145' title='bbox 1391 2589 1514 2664; x_wconf 85' lang='lat' dir='ltr'><strong>sanum</strong></span> <span class='ocrx_word' id='word_1_146' title='bbox 1538 2590 1641 2667; x_wconf 87' lang='lat' dir='ltr'><strong>cultu</strong></span> 
     </span>
     <span class='ocr_line' id='line_1_20' title="bbox 328 2707 1641 2810; baseline 0.001 -26"><span class='ocrx_word' id='word_1_147' title='bbox 328 2727 364 2784; x_wconf 90' lang='lat' dir='ltr'><strong>et</strong></span> <span class='ocrx_word' id='word_1_148' title='bbox 379 2714 505 2784; x_wconf 85' lang='lat' dir='ltr'><strong>Jovetu</strong></span> <span class='ocrx_word' id='word_1_149' title='bbox 530 2711 728 2810; x_wconf 86' lang='lat' dir='ltr'><strong>insignibus</strong></span> <span class='ocrx_word' id='word_1_150' title='bbox 745 2711 901 2809; x_wconf 93' lang='lat' dir='ltr'><strong>spoliare</strong></span> <span class='ocrx_word' id='word_1_151' title='bbox 929 2713 1118 2784; x_wconf 84' lang='lat' dir='ltr'><strong>sanctitatis</strong></span> <span class='ocrx_word' id='word_1_152' title='bbox 1141 2708 1225 2782; x_wconf 90' lang='lat' dir='ltr'><strong>loco</strong></span> <span class='ocrx_word' id='word_1_153' title='bbox 1252 2707 1389 2784; x_wconf 85' lang='lat' dir='ltr'><strong>habuit.</strong></span> <span class='ocrx_word' id='word_1_154' title='bbox 1447 2715 1495 2784; x_wconf 86' lang='lat' dir='ltr'><strong>Et</strong></span> <span class='ocrx_word' id='word_1_155' title='bbox 1518 2709 1641 2786; x_wconf 91' lang='lat' dir='ltr'><strong>adbuc</strong></span> 
     </span>
     <span class='ocr_line' id='line_1_21' title="bbox 328 2830 1640 2933; baseline 0.004 -30"><span class='ocrx_word' id='word_1_156' title='bbox 328 2830 476 2930; x_wconf 86' lang='lat' dir='ltr'><strong>quidem</strong></span> <span class='ocrx_word' id='word_1_157' title='bbox 494 2835 758 2925; x_wconf 73' lang='lat' dir='ltr'><strong>eum-Sveones,</strong></span> <span class='ocrx_word' id='word_1_158' title='bbox 774 2832 922 2931; x_wconf 84' lang='lat' dir='ltr'><strong>perinde</strong></span> <span class='ocrx_word' id='word_1_159' title='bbox 939 2857 981 2905; x_wconf 92' lang='lat' dir='ltr'><strong>ac</strong></span> <span class='ocrx_word' id='word_1_160' title='bbox 1003 2830 1202 2906; x_wconf 90' lang='lat' dir='ltr'><strong>coelestium</strong></span> <span class='ocrx_word' id='word_1_161' title='bbox 1225 2831 1424 2930; x_wconf 89' lang='lat' dir='ltr'><strong>spoliorum</strong></span> <span class='ocrx_word' id='word_1_162' title='bbox 1446 2850 1640 2933; x_wconf 86' lang='lat' dir='ltr'><strong>raptorem,</strong></span> 
     </span>
     <span class='ocr_line' id='line_1_22' title="bbox 326 2953 1638 3055; baseline 0.001 -28"><span class='ocrx_word' id='word_1_163' title='bbox 326 2953 539 3053; x_wconf 86' lang='lat' dir='ltr'><strong>sacrilegum</strong></span> <span class='ocrx_word' id='word_1_164' title='bbox 564 2958 782 3030; x_wconf 84' lang='lat' dir='ltr'><strong>autumant⁵.</strong></span> <span class='ocrx_word' id='word_1_165' title='bbox 852 2955 922 3030; x_wconf 91' lang='lat' dir='ltr'><strong>Sed</strong></span> <span class='ocrx_word' id='word_1_166' title='bbox 945 2959 1080 3028; x_wconf 90' lang='lat' dir='ltr'><strong>utinam</strong></span> <span class='ocrx_word' id='word_1_167' title='bbox 1105 2953 1207 3028; x_wconf 87' lang='lat' dir='ltr'><strong>initiis</strong></span> <span class='ocrx_word' id='word_1_168' title='bbox 1235 2955 1313 3053; x_wconf 87' lang='lat' dir='ltr'><strong>ejus</strong></span> <span class='ocrx_word' id='word_1_169' title='bbox 1343 2957 1454 3030; x_wconf 79' lang='lat' dir='ltr'><strong>exitus</strong></span> <span class='ocrx_word' id='word_1_170' title='bbox 1476 2979 1638 3055; x_wconf 88' lang='lat' dir='ltr'><strong>respon-</strong></span> 
     </span>
     <span class='ocr_line' id='line_1_23' title="bbox 328 3071 446 3148; baseline 0.025 -2"><span class='ocrx_word' id='word_1_171' title='bbox 328 3071 446 3148; x_wconf 90' lang='lat' dir='ltr'><strong>disset.</strong></span> 
     </span>
    </p>
   </div>
   <div class='ocr_carea' id='block_1_3' title="bbox 373 3379 1776 3470">
    <p class='ocr_par' dir='ltr' id='par_1_4' title="bbox 373 3379 1776 3470">
     <span class='ocr_line' id='line_1_24' title="bbox 373 3379 1776 3470; baseline 0.004 -28"><span class='ocrx_word' id='word_1_172' title='bbox 373 3379 495 3443; x_wconf 63' lang='lat' dir='ltr'><strong>uvanto</strong></span> <span class='ocrx_word' id='word_1_173' title='bbox 510 3379 676 3467; x_wconf 81' lang='lat' dir='ltr'><strong>mugis]1ta</strong></span> <span class='ocrx_word' id='word_1_174' title='bbox 692 3381 874 3468; x_wconf 84' lang='lat' dir='ltr'><strong>stephanius</strong></span> <span class='ocrx_word' id='word_1_175' title='bbox 890 3401 948 3465; x_wconf 92' lang='lat' dir='ltr'><strong>pro</strong></span> <span class='ocrx_word' id='word_1_176' title='bbox 1008 3401 1073 3443; x_wconf 90' lang='lat' dir='ltr'><strong>rem</strong></span> <span class='ocrx_word' id='word_1_177' title='bbox 1103 3379 1159 3444; x_wconf 90' lang='lat' dir='ltr'><strong>sub</strong></span> <span class='ocrx_word' id='word_1_178' title='bbox 1192 3382 1314 3445; x_wconf 88' lang='lat' dir='ltr'><strong>nomine</strong></span> <span class='ocrx_word' id='word_1_179' title='bbox 1341 3383 1512 3463; x_wconf 80' lang='lat' dir='ltr'><strong>Perlrunui,</strong></span> <span class='ocrx_word' id='word_1_180' title='bbox 1547 3383 1639 3470; x_wconf 85' lang='lat' dir='ltr'><strong>eique</strong></span> <span class='ocrx_word' id='word_1_181' title='bbox 1753 3441 1776 3449; x_wconf 71' lang='grc'><strong>.,</strong></span> 
     </span>
    </p>
   </div>
   <div class='ocr_carea' id='block_1_4' title="bbox 308 3473 1642 4952">
    <p class='ocr_par' dir='ltr' id='par_1_5' title="bbox 308 3473 1642 4952">
     <span class='ocr_line' id='line_1_25' title="bbox 326 3473 1641 3574; baseline 0.005 -28"><span class='ocrx_word' id='word_1_182' title='bbox 326 3473 406 3547; x_wconf 78' lang='lat' dir='ltr'><strong>nullo</strong></span> <span class='ocrx_word' id='word_1_183' title='bbox 420 3492 516 3571; x_wconf 55' lang='lat' dir='ltr'><strong>nqis</strong></span> <span class='ocrx_word' id='word_1_184' title='bbox 535 3488 567 3550; x_wconf 91' lang='lat' dir='ltr'><strong>iu</strong></span> <span class='ocrx_word' id='word_1_185' title='bbox 580 3487 627 3552; x_wconf 89' lang='lat' dir='ltr'><strong>ed.</strong></span> <span class='ocrx_word' id='word_1_186' title='bbox 643 3512 701 3574; x_wconf 79' lang='lat' dir='ltr'><strong>pn,</strong></span> <span class='ocrx_word' id='word_1_187' title='bbox 720 3488 802 3574; x_wconf 90' lang='lat' dir='ltr'><strong>quod</strong></span> <span class='ocrx_word' id='word_1_188' title='bbox 829 3507 949 3551; x_wconf 84' lang='lat' dir='ltr'><strong>serrsum</strong></span> <span class='ocrx_word' id='word_1_189' title='bbox 1007 3487 1152 3550; x_wconf 90' lang='lat' dir='ltr'><strong>malleum</strong></span> <span class='ocrx_word' id='word_1_190' title='bbox 1173 3485 1307 3550; x_wconf 81' lang='lat' dir='ltr'><strong>ferreum</strong></span> <span class='ocrx_word' id='word_1_191' title='bbox 1331 3481 1463 3573; x_wconf 79' lang='lat' dir='ltr'><strong>ingentis</strong></span> <span class='ocrx_word' id='word_1_192' title='bbox 1485 3491 1641 3573; x_wconf 85' lang='lat' dir='ltr'><strong>maguitu-</strong></span> 
     </span>
     <span class='ocr_line' id='line_1_26' title="bbox 308 3589 1641 3662; baseline 0.005 -8"><span class='ocrx_word' id='word_1_193' title='bbox 308 3589 441 3654; x_wconf 71' lang='lat' dir='ltr'><strong>‘turbas</strong></span> <span class='ocrx_word' id='word_1_194' title='bbox 934 3629 938 3638; x_wconf 41' lang='grc' dir='ltr'><em>ι</em></span> <span class='ocrx_word' id='word_1_195' title='bbox 1006 3591 1085 3658; x_wconf 83' lang='lat' dir='ltr'><strong>dinis</strong></span> <span class='ocrx_word' id='word_1_196' title='bbox 1106 3605 1312 3662; x_wconf 83' lang='lat' dir='ltr'><strong>sacrum&#39;esse</strong></span> <span class='ocrx_word' id='word_1_197' title='bbox 1340 3598 1512 3660; x_wconf 81' lang='lat' dir='ltr'><strong>voluerunt.</strong></span> <span class='ocrx_word' id='word_1_198' title='bbox 1542 3599 1641 3660; x_wconf 38' lang='lat' dir='ltr'><strong>&#39;Hoc</strong></span> 
     </span>
     <span class='ocr_line' id='line_1_27' title="bbox 369 3696 1642 3786; baseline 0.003 -28"><span class='ocrx_word' id='word_1_199' title='bbox 369 3700 436 3758; x_wconf 84' lang='lat' dir='ltr'><strong>²In</strong></span> <span class='ocrx_word' id='word_1_200' title='bbox 458 3722 489 3759; x_wconf 83' lang='lat' dir='ltr'><strong>rc</strong></span> <span class='ocrx_word' id='word_1_201' title='bbox 506 3699 622 3762; x_wconf 58' lang='lat' dir='ltr'><strong>&amp;eleba</strong></span> <span class='ocrx_word' id='word_1_202' title='bbox 641 3696 788 3786; x_wconf 81' lang='lat' dir='ltr'><strong>pradum]</strong></span> <span class='ocrx_word' id='word_1_203' title='bbox 816 3700 948 3762; x_wconf 82' lang='lat' dir='ltr'><strong>canutus</strong></span> <span class='ocrx_word' id='word_1_204' title='bbox 1010 3720 1081 3764; x_wconf 83' lang='lat' dir='ltr'><strong>sane</strong></span> <span class='ocrx_word' id='word_1_205' title='bbox 1094 3699 1132 3766; x_wconf 75' lang='lat' dir='ltr'><strong>de</strong></span> <span class='ocrx_word' id='word_1_206' title='bbox 1151 3700 1309 3764; x_wconf 83' lang='lat' dir='ltr'><strong>Lithuanis</strong></span> <span class='ocrx_word' id='word_1_207' title='bbox 1331 3723 1366 3764; x_wconf 83' lang='lat' dir='ltr'><strong>ex</strong></span> <span class='ocrx_word' id='word_1_208' title='bbox 1388 3702 1563 3766; x_wconf 74' lang='lat' dir='ltr'><strong>testimonio</strong></span> <span class='ocrx_word' id='word_1_209' title='bbox 1591 3699 1642 3762; x_wconf 80' lang='lat' dir='ltr'><strong>di-</strong></span> 
     </span>
     <span class='ocr_line' id='line_1_28' title="bbox 323 3799 1641 3888; baseline 0.002 -24"><span class='ocrx_word' id='word_1_210' title='bbox 323 3799 516 3865; x_wconf 88' lang='lat' dir='ltr'><strong>hauddubie</strong></span> <span class='ocrx_word' id='word_1_211' title='bbox 538 3803 643 3869; x_wconf 87' lang='lat' dir='ltr'><strong>littora</strong></span> <span class='ocrx_word' id='word_1_212' title='bbox 664 3807 801 3870; x_wconf 80' lang='lat' dir='ltr'><strong>Estoniae</strong></span> <span class='ocrx_word' id='word_1_213' title='bbox 825 3804 950 3883; x_wconf 88' lang='lat' dir='ltr'><strong>adierat,</strong></span> <span class='ocrx_word' id='word_1_214' title='bbox 1006 3821 1089 3870; x_wconf 90' lang='lat' dir='ltr'><strong>serto</strong></span> <span class='ocrx_word' id='word_1_215' title='bbox 1104 3811 1210 3871; x_wconf 87' lang='lat' dir='ltr'><strong>AEneae</strong></span> <span class='ocrx_word' id='word_1_216' title='bbox 1232 3806 1326 3888; x_wconf 80' lang='lat' dir='ltr'><strong>Sylvii</strong></span> <span class='ocrx_word' id='word_1_217' title='bbox 1348 3805 1526 3872; x_wconf 82' lang='lat' dir='ltr'><strong>Rudbebius</strong></span> <span class='ocrx_word' id='word_1_218' title='bbox 1551 3819 1641 3868; x_wconf 88' lang='lat' dir='ltr'><strong>retu-</strong></span> 
     </span>
     <span class='ocr_line' id='line_1_29' title="bbox 324 3905 1371 3996; baseline 0.004 -27"><span class='ocrx_word' id='word_1_219' title='bbox 324 3928 454 3992; x_wconf 86' lang='lat' dir='ltr'><strong>quorum</strong></span> <span class='ocrx_word' id='word_1_220' title='bbox 469 3905 598 3973; x_wconf 85' lang='lat' dir='ltr'><strong>fortasse</strong></span> <span class='ocrx_word' id='word_1_221' title='bbox 621 3926 740 3996; x_wconf 89' lang='lat' dir='ltr'><strong>partem</strong></span> <span class='ocrx_word' id='word_1_222' title='bbox 757 3933 811 3994; x_wconf 70' lang='lat' dir='ltr'><strong>res</strong></span> <span class='ocrx_word' id='word_1_223' title='bbox 832 3912 949 3976; x_wconf 79' lang='lat' dir='ltr'><strong>Sveciae</strong></span> <span class='ocrx_word' id='word_1_224' title='bbox 1007 3913 1042 3975; x_wconf 87' lang='lat' dir='ltr'><strong>lit</strong></span> <span class='ocrx_word' id='word_1_225' title='bbox 1059 3915 1177 3976; x_wconf 81' lang='lat' dir='ltr'><strong>Atlaut.</strong></span> <span class='ocrx_word' id='word_1_226' title='bbox 1198 3916 1225 3974; x_wconf 89' lang='lat' dir='ltr'><strong>ll</strong></span> <span class='ocrx_word' id='word_1_227' title='bbox 1246 3935 1278 3996; x_wconf 88' lang='lat' dir='ltr'><strong>p.</strong></span> <span class='ocrx_word' id='word_1_228' title='bbox 1298 3909 1371 3974; x_wconf 82' lang='lat'><strong>434.</strong></span> 
     </span>
     <span class='ocr_line' id='line_1_30' title="bbox 322 4011 1641 4100; baseline 0.003 -24"><span class='ocrx_word' id='word_1_229' title='bbox 322 4033 384 4076; x_wconf 74' lang='lat' dir='ltr'><strong>suo</strong></span> <span class='ocrx_word' id='word_1_230' title='bbox 400 4011 510 4080; x_wconf 90' lang='lat' dir='ltr'><strong>ditioni</strong></span> <span class='ocrx_word' id='word_1_231' title='bbox 523 4015 693 4100; x_wconf 86' lang='lat' dir='ltr'><strong>subjectam</strong></span> <span class='ocrx_word' id='word_1_232' title='bbox 707 4039 770 4082; x_wconf 86' lang='lat' dir='ltr'><strong>esee</strong></span> <span class='ocrx_word' id='word_1_233' title='bbox 782 4017 948 4084; x_wconf 84' lang='lat' dir='ltr'><strong>contendit</strong></span> <span class='ocrx_word' id='word_1_234' title='bbox 1052 4022 1255 4084; x_wconf 78' lang='lat' dir='ltr'><strong>⁴Sonontan&#39;s</strong></span> <span class='ocrx_word' id='word_1_235' title='bbox 1275 4016 1347 4100; x_wconf 82' lang='lat' dir='ltr'><strong>cim]</strong></span> <span class='ocrx_word' id='word_1_236' title='bbox 1368 4022 1524 4084; x_wconf 80' lang='lat' dir='ltr'><strong>Sonorr&#39;tus</strong></span> <span class='ocrx_word' id='word_1_237' title='bbox 1543 4035 1641 4080; x_wconf 86' lang='lat' dir='ltr'><strong>sonus</strong></span> 
     </span>
     <span class='ocr_line' id='line_1_31' title="bbox 367 4121 1642 4204; baseline -0.002 -18"><span class='ocrx_word' id='word_1_238' title='bbox 367 4123 523 4186; x_wconf 71' lang='lat' dir='ltr'><strong>&#39;Mallem</strong></span> <span class='ocrx_word' id='word_1_239' title='bbox 537 4121 681 4204; x_wconf 69' lang='lat' dir='ltr'><strong>sociales]</strong></span> <span class='ocrx_word' id='word_1_240' title='bbox 695 4125 798 4188; x_wconf 82' lang='lat' dir='ltr'><strong>Mallei</strong></span> <span class='ocrx_word' id='word_1_241' title='bbox 815 4124 948 4188; x_wconf 79' lang='lat' dir='ltr'><strong>Joviales</strong></span> <span class='ocrx_word' id='word_1_242' title='bbox 1006 4137 1053 4188; x_wconf 88' lang='lat' dir='ltr'><strong>cst</strong></span> <span class='ocrx_word' id='word_1_243' title='bbox 1075 4126 1174 4190; x_wconf 86' lang='lat' dir='ltr'><strong>clarus</strong></span> <span class='ocrx_word' id='word_1_244' title='bbox 1201 4139 1231 4190; x_wconf 88' lang='lat' dir='ltr'><strong>et</strong></span> <span class='ocrx_word' id='word_1_245' title='bbox 1261 4128 1409 4191; x_wconf 85' lang='lat' dir='ltr'><strong>immanis.</strong></span> <span class='ocrx_word' id='word_1_246' title='bbox 1461 4128 1530 4186; x_wconf 87' lang='lat' dir='ltr'><strong>Hac</strong></span> <span class='ocrx_word' id='word_1_247' title='bbox 1560 4141 1642 4185; x_wconf 84' lang='lat' dir='ltr'><strong>voce</strong></span> 
     </span>
     <span class='ocr_line' id='line_1_32' title="bbox 322 4227 1640 4330; baseline 0.002 -42"><span class='ocrx_word' id='word_1_248' title='bbox 322 4227 637 4309; x_wconf 76' lang='lat' dir='ltr'><strong>respondeutDanicc</strong></span> <span class='ocrx_word' id='word_1_249' title='bbox 661 4231 863 4303; x_wconf 77' lang='lat' dir='ltr'><strong>Tharsiamre,</strong></span> <span class='ocrx_word' id='word_1_250' title='bbox 885 4249 946 4314; x_wconf 91' lang='lat' dir='ltr'><strong>quo</strong></span> <span class='ocrx_word' id='word_1_251' title='bbox 1006 4253 1077 4296; x_wconf 86' lang='lat' dir='ltr'><strong>usus</strong></span> <span class='ocrx_word' id='word_1_252' title='bbox 1099 4245 1145 4296; x_wconf 87' lang='lat' dir='ltr'><strong>est</strong></span> <span class='ocrx_word' id='word_1_253' title='bbox 1171 4233 1324 4296; x_wconf 78' lang='lat' dir='ltr'><strong>lohannes</strong></span> <span class='ocrx_word' id='word_1_254' title='bbox 1352 4229 1581 4296; x_wconf 80' lang='lat' dir='ltr'><strong>sarisberiensis</strong></span> <span class='ocrx_word' id='word_1_255' title='bbox 1601 4228 1640 4330; x_wconf 72' lang='lat' dir='ltr'><strong>ip</strong></span> 
     </span>
     <span class='ocr_line' id='line_1_33' title="bbox 321 4331 1521 4421; baseline 0.008 -29"><span class='ocrx_word' id='word_1_256' title='bbox 321 4331 444 4394; x_wconf 82' lang='lat' dir='ltr'><strong>nomiae</strong></span> <span class='ocrx_word' id='word_1_257' title='bbox 465 4337 545 4400; x_wconf 88' lang='lat' dir='ltr'><strong>Dani</strong></span> <span class='ocrx_word' id='word_1_258' title='bbox 565 4336 621 4402; x_wconf 90' lang='lat' dir='ltr'><strong>hos</strong></span> <span class='ocrx_word' id='word_1_259' title='bbox 643 4337 768 4400; x_wconf 86' lang='lat' dir='ltr'><strong>malleos</strong></span> <span class='ocrx_word' id='word_1_260' title='bbox 790 4334 872 4400; x_wconf 86' lang='lat' dir='ltr'><strong>baud</strong></span> <span class='ocrx_word' id='word_1_261' title='bbox 892 4335 947 4398; x_wconf 91' lang='lat' dir='ltr'><strong>du·</strong></span> <span class='ocrx_word' id='word_1_262' title='bbox 1005 4339 1191 4402; x_wconf 89' lang='lat' dir='ltr'><strong>Policratico</strong></span> <span class='ocrx_word' id='word_1_263' title='bbox 1210 4338 1263 4400; x_wconf 90' lang='lat' dir='ltr'><strong>lib.</strong></span> <span class='ocrx_word' id='word_1_264' title='bbox 1276 4341 1303 4400; x_wconf 90' lang='lat'><strong>11</strong></span> <span class='ocrx_word' id='word_1_265' title='bbox 1319 4359 1384 4421; x_wconf 90' lang='lat' dir='ltr'><strong>cap.</strong></span> <span class='ocrx_word' id='word_1_266' title='bbox 1399 4333 1447 4400; x_wconf 89' lang='grc'><strong>16.</strong></span> <span class='ocrx_word' id='word_1_267' title='bbox 1471 4335 1521 4416; x_wconf 85' lang='lat' dir='ltr'><strong>(S)</strong></span> 
     </span>
     <span class='ocr_line' id='line_1_34' title="bbox 322 4435 1639 4529; baseline 0.008 -33"><span class='ocrx_word' id='word_1_268' title='bbox 322 4435 373 4498; x_wconf 88' lang='lat' dir='ltr'><strong>bie</strong></span> <span class='ocrx_word' id='word_1_269' title='bbox 393 4438 628 4522; x_wconf 78' lang='lat' dir='ltr'><strong>insigniremus,</strong></span> <span class='ocrx_word' id='word_1_270' title='bbox 663 4463 715 4507; x_wconf 89' lang='lat' dir='ltr'><strong>eos</strong></span> <span class='ocrx_word' id='word_1_271' title='bbox 737 4463 806 4506; x_wconf 87' lang='lat' dir='ltr'><strong>cum</strong></span> <span class='ocrx_word' id='word_1_272' title='bbox 834 4443 945 4506; x_wconf 86' lang='lat' dir='ltr'><strong>malleo</strong></span> <span class='ocrx_word' id='word_1_273' title='bbox 1052 4449 1254 4529; x_wconf 70' lang='lat' dir='ltr'><strong>‘Sacrilegum</strong></span> <span class='ocrx_word' id='word_1_274' title='bbox 1270 4442 1437 4522; x_wconf 80' lang='lat' dir='ltr'><strong>autumem]</strong></span> <span class='ocrx_word' id='word_1_275' title='bbox 1454 4443 1516 4512; x_wconf 85' lang='lat' dir='ltr'><strong>Vix</strong></span> <span class='ocrx_word' id='word_1_276' title='bbox 1539 4443 1639 4506; x_wconf 83' lang='lat' dir='ltr'><strong>Sreo—</strong></span> 
     </span>
     <span class='ocr_line' id='line_1_35' title="bbox 322 4541 1640 4633; baseline 0.005 -28"><span class='ocrx_word' id='word_1_277' title='bbox 322 4541 419 4605; x_wconf 79' lang='lat' dir='ltr'><strong>Thuri</strong></span> <span class='ocrx_word' id='word_1_278' title='bbox 446 4563 482 4606; x_wconf 85' lang='lat' dir='ltr'><strong>ex</strong></span> <span class='ocrx_word' id='word_1_279' title='bbox 514 4545 594 4610; x_wconf 87' lang='lat' dir='ltr'><strong>avita</strong></span> <span class='ocrx_word' id='word_1_280' title='bbox 622 4550 836 4633; x_wconf 87' lang='lat' dir='ltr'><strong>superstitione</strong></span> <span class='ocrx_word' id='word_1_281' title='bbox 868 4560 943 4611; x_wconf 90' lang='lat' dir='ltr'><strong>noto</strong></span> <span class='ocrx_word' id='word_1_282' title='bbox 1005 4571 1058 4614; x_wconf 87' lang='lat' dir='ltr'><strong>nes</strong></span> <span class='ocrx_word' id='word_1_283' title='bbox 1076 4549 1418 4614; x_wconf 80' lang='lat' dir='ltr'><strong>sacristristianorum</strong></span> <span class='ocrx_word' id='word_1_284' title='bbox 1439 4548 1554 4613; x_wconf 86' lang='lat' dir='ltr'><strong>addicti</strong></span> <span class='ocrx_word' id='word_1_285' title='bbox 1569 4553 1640 4612; x_wconf 80' lang='lat' dir='ltr'><strong>ilia·</strong></span> 
     </span>
     <span class='ocr_line' id='line_1_36' title="bbox 322 4651 1640 4741; baseline 0.006 -31"><span class='ocrx_word' id='word_1_286' title='bbox 322 4661 540 4734; x_wconf 83' lang='lat' dir='ltr'><strong>comparantes.</strong></span> <span class='ocrx_word' id='word_1_287' title='bbox 581 4655 685 4736; x_wconf 87' lang='lat' dir='ltr'><strong>Neque</strong></span> <span class='ocrx_word' id='word_1_288' title='bbox 697 4655 757 4720; x_wconf 87' lang='lat' dir='ltr'><strong>hoc</strong></span> <span class='ocrx_word' id='word_1_289' title='bbox 770 4669 884 4720; x_wconf 87' lang='lat' dir='ltr'><strong>temere</strong></span> <span class='ocrx_word' id='word_1_290' title='bbox 899 4653 945 4717; x_wconf 84' lang='lat' dir='ltr'><strong>fe·</strong></span> <span class='ocrx_word' id='word_1_291' title='bbox 994 4677 1098 4740; x_wconf 76' lang='lat' dir='ltr'><strong>gnum</strong></span> <span class='ocrx_word' id='word_1_292' title='bbox 1135 4655 1346 4722; x_wconf 86' lang='lat' dir='ltr'><strong>tantummodo</strong></span> <span class='ocrx_word' id='word_1_293' title='bbox 1387 4669 1519 4741; x_wconf 87' lang='lat' dir='ltr'><strong>propter</strong></span> <span class='ocrx_word' id='word_1_294' title='bbox 1563 4651 1640 4718; x_wconf 81' lang='lat' dir='ltr'><strong>iana</strong></span> 
     </span>
     <span class='ocr_line' id='line_1_37' title="bbox 321 4759 1641 4846; baseline 0.006 -30"><span class='ocrx_word' id='word_1_295' title='bbox 321 4765 443 4834; x_wconf 82' lang='lat' dir='ltr'><strong>cerunt3</strong></span> <span class='ocrx_word' id='word_1_296' title='bbox 466 4776 536 4818; x_wconf 89' lang='lat' dir='ltr'><strong>nam</strong></span> <span class='ocrx_word' id='word_1_297' title='bbox 553 4759 661 4842; x_wconf 90' lang='lat' dir='ltr'><strong>populi</strong></span> <span class='ocrx_word' id='word_1_298' title='bbox 692 4762 870 4824; x_wconf 86' lang='lat' dir='ltr'><strong>Sclarorum</strong></span> <span class='ocrx_word' id='word_1_299' title='bbox 892 4781 944 4824; x_wconf 85' lang='lat' dir='ltr'><strong>rs·</strong></span> <span class='ocrx_word' id='word_1_300' title='bbox 1003 4759 1194 4824; x_wconf 86' lang='lat' dir='ltr'><strong>deastrorum</strong></span> <span class='ocrx_word' id='word_1_301' title='bbox 1222 4764 1352 4846; x_wconf 84' lang='lat' dir='ltr'><strong>spoliata</strong></span> <span class='ocrx_word' id='word_1_302' title='bbox 1379 4763 1561 4846; x_wconf 85' lang='lat' dir='ltr'><strong>sacrilegum</strong></span> <span class='ocrx_word' id='word_1_303' title='bbox 1589 4759 1641 4824; x_wconf 91' lang='lat' dir='ltr'><strong>di·</strong></span> 
     </span>
     <span class='ocr_line' id='line_1_38' title="bbox 319 4855 1639 4952; baseline 0.008 -31"><span class='ocrx_word' id='word_1_304' title='bbox 319 4861 418 4924; x_wconf 83' lang='lat' dir='ltr'><strong>necati</strong></span> <span class='ocrx_word' id='word_1_305' title='bbox 434 4873 505 4926; x_wconf 87' lang='lat' dir='ltr'><strong>sunt</strong></span> <span class='ocrx_word' id='word_1_306' title='bbox 524 4863 618 4928; x_wconf 88' lang='lat' dir='ltr'><strong>solem</strong></span> <span class='ocrx_word' id='word_1_307' title='bbox 644 4861 838 4950; x_wconf 79' lang='lat' dir='ltr'><strong>fulminisque</strong></span> <span class='ocrx_word' id='word_1_308' title='bbox 858 4879 943 4930; x_wconf 90' lang='lat' dir='ltr'><strong>auto·</strong></span> <span class='ocrx_word' id='word_1_309' title='bbox 1001 4855 1121 4932; x_wconf 82' lang='lat' dir='ltr'><strong>xisseut.</strong></span> <span class='ocrx_word' id='word_1_310' title='bbox 1163 4867 1222 4932; x_wconf 86' lang='lat' dir='ltr'><strong>Sed</strong></span> <span class='ocrx_word' id='word_1_311' title='bbox 1241 4888 1310 4932; x_wconf 90' lang='lat' dir='ltr'><strong>cum</strong></span> <span class='ocrx_word' id='word_1_312' title='bbox 1333 4871 1412 4934; x_wconf 89' lang='lat' dir='ltr'><strong>mala</strong></span> <span class='ocrx_word' id='word_1_313' title='bbox 1433 4883 1512 4935; x_wconf 85' lang='lat' dir='ltr'><strong>esset</strong></span> <span class='ocrx_word' id='word_1_314' title='bbox 1529 4869 1639 4952; x_wconf 83' lang='lat' dir='ltr'><strong>Magni</strong></span> 
     </span>
    </p>
   </div>
   <div class='ocr_carea' id='block_1_5' title="bbox 0 0 1796 5466">
    <p class='ocr_par' dir='ltr' id='par_1_6' title="bbox 0 0 1796 5466">
     <span class='ocr_line' id='line_1_39' title="bbox 0 0 1796 5466; baseline 0 3"><span class='ocrx_word' id='word_1_315' title='bbox 0 0 1796 5466; x_wconf 95' lang='lat' dir='ltr'><strong> </strong></span> 
     </span>
    </p>
   </div>
  </div>
 </body>
</html>
