3536 5462
387 1154 612 1274 Saxonis
646 1148 995 1274 Grammatici
1027 1157 1274 1274 Historiae
1305 1157 1534 1270 Danicae

666 1363 798 1498 Liber
827 1365 1012 1484 Quintus
1037 1366 1248 1464 Decimus.
1310 1349 1318 1360 ’

305 1717 526 1830 Posthac
565 1781 647 1848 rex,
669 1747 834 1833 nondum
867 1754 1010 1830 ultionis
1044 1759 1080 1828 in
1110 1781 1233 1832 rerum
1271 1781 1416 1832 suarum
1451 1769 1616 1854 raptores

307 1878 498 1952 satietatem
516 1877 684 1976 adeptus,
711 1880 935 1979 expeditione
950 1878 1123 1954 Sclaviam
1137 1895 1261 1977 petere
1283 1879 1404 1953 statuit
1427 1881 1455 1951 ¹.
1498 1881 1618 1971 Quam

306 1997 413 2095 dum,
448 2000 785 2099 septentrionalibus
812 2005 902 2076 lutis
936 2001 1170 2102 supersedere
1190 2003 1319 2102 jussis,
1349 1999 1520 2099 australes
1543 2004 1618 2072 im-

306 2143 432 2198 menso
452 2140 645 2198 ventorum
671 2123 760 2200 flatu
786 2143 966 2223 peterent,
1005 2126 1279 2202 Slesvicensiom
1308 2129 1449 2198 sodates
1476 2119 1618 2195 Frede-

305 2247 419 2336 ricus‚
443 2247 738 2346 perfectissimum
762 2247 952 2323 honestatis
976 2251 1178 2346 specimen,
1218 2247 1309 2323 dum
1340 2245 1410 2320 veli
1433 2247 1619 2346 maguitu-

305 2365 391 2442 dine
413 2374 575 2443 eximiam
591 2396 761 2446 aurarum
789 2370 920 2444 molem
944 2371 1258 2470 intolerabilesque
1283 2369 1498 2470 navigationi
1512 2383 1621 2443 notos

176 2571 184 2582 ,
305 2489 577 2591 complectitur,
608 2490 745 2568 defecta
762 2494 1010 2594 gubernaculo
1034 2519 1177 2594 puppe,
1206 2519 1289 2567 cum
1319 2493 1491 2568 omnibus
1523 2517 1621 2592 pene

304 2619 412 2691 sociis
435 2616 672 2716 periclitatus,
702 2633 890 2692 contractae
913 2617 1033 2694 classis
1059 2621 1198 2692 animos
1223 2617 1354 2718 ingenti
1376 2614 1494 2692 luctus
1509 2639 1619 2688 ocer-

304 2735 415 2812 hitate
440 2737 599 2816 coniecit.
657 2744 772 2841 Cujus
794 2740 869 2814 fato
893 2745 1009 2815 minus
1020 2745 1123 2815 triste
1139 2767 1213 2815 non
1230 2742 1299 2816 fuit
1307 2793 1317 2834 ,
1344 2738 1467 2842 quod,
1491 2741 1619 2814 socio-

304 2887 388 2936 rum
410 2860 645 2939 cadaveribus
666 2863 763 2938 ultro
792 2865 964 2963 repertis,
989 2861 1109 2937 solum
1139 2865 1222 2964 ejus
1255 2889 1388 2963 corpus
1419 2866 1619 2964 impensius

306 2989 545 3088 perquisitum
568 3003 648 3060 ante
670 2991 813 3086 spiritus
835 2989 947 3060 sancti
977 2984 1124 3060 solenne
1146 2983 1367 3086 deprehendi
1390 3009 1466 3059 non
1492 2985 1618 3085 potuit.

307 3110 422 3208 Cujus
452 3125 614 3210 temporo
641 3108 842 3183 Sialandico
873 3105 977 3182 littori
1013 3108 1208 3208 appulsum
1250 3133 1323 3190 nou
1358 3107 1474 3184 odore
1508 3107 1619 3198 triste,

305 3256 373 3306 nec
407 3249 557 3332 aspectu
588 3230 750 3307 deforme
779 3247 1006 3331 compertum
1044 3249 1118 3322 est,
1159 3255 1309 3332 prorsus
1338 3247 1378 3307 ut
1409 3227 1620 3330 conuptela

305 3379 458 3432 vacuum
480 3361 707 3430 existimares.
756 3358 838 3449 Quo
852 3356 1057 3454 integritatis
1076 3356 1206 3431 habitu
1226 3357 1441 3432 sanctitatem
1463 3356 1529 3431 viri
1553 3350 1620 3424 di-

308 3481 438 3554 vinitus
468 3476 683 3554 declaratam
718 3476 941 3555 crediderim.
1007 3485 1081 3555 Nec
1109 3485 1227 3555 minus
1260 3495 1430 3555 veneratu
1455 3476 1622 3579 dignum,

307 3601 408 3702 quod
426 3601 534 3694 idem,
566 3603 698 3678 frustra
713 3602 760 3676 ab
786 3605 906 3677 amicis
929 3605 1120 3702 quaesitus,
1144 3606 1222 3703 ejus
1235 3607 1461 3703 potissimum
1485 3599 1621 3673 festum

306 3729 470 3824 corporis
495 3733 549 3802 soi
572 3732 774 3826 repertione
799 3725 996 3801 clarescere
1019 3725 1152 3819 voluit,
1186 3727 1243 3800 cui
1271 3724 1464 3825 peculiaris
1498 3719 1622 3796 cultus

306 3850 427 3926 officio
450 3849 628 3926 honorem
653 3847 790 3924 hahere
813 3865 1055 3926 concreverat.
1107 3851 1202 3923 Tum
1230 3872 1316 3924 vcro
1339 3846 1487 3947 insignis
1502 3843 1623 3920 Absa-

305 3974 399 4050 lonis
426 3979 580 4075 gemitus
607 3987 700 4067 erat,
741 3974 986 4074 praecordialis
1014 3976 1116 4046 amici
1142 3995 1264 4046 casum
1290 3970 1439 4072 lugentis
1458 3973 1489 4042 ².
1543 3969 1625 4040 Rex

354 4194 363 4226 ¹
389 4189 585 4277 Erpeditions
692 4184 815 4265 otmari]
853 4189 934 4254 Vero
988 4184 1105 4249 boreali
1130 4181 1222 4268 hujus
1251 4183 1360 4270 tempii
1391 4178 1513 4266 depicta
1548 4197 1623 4240 cum

308 4293 491 4362 mni1179.
541 4296 688 4360 Sclaviom
715 4292 838 4380 scripsit
865 4295 934 4358 Ste-
987 4291 1046 4355 hac
1072 4291 1288 4376 inscriptiones
1329 4293 1394 4352 Das
1425 4287 1625 4363 snorum,

306 4398 437 4490 phanias
450 4421 510 4487 pro
522 4425 596 4480 οαηι,
619 4397 704 4485 quod
717 4398 811 4466 hebet
827 4399 872 4464 ed.
883 4421 932 4484 pr.
986 4422 1047 4486 eps.
1074 4401 1277 4477 Sia-vicensis,
1316 4395 1448 4482 sepultos
1476 4395 1507 4453 in
1535 4413 1627 4452 muro

353 4508 519 4590 ²1nst'gntis
546 4509 704 4572 AEsatanis
727 4551 771 4570 ...
789 4504 930 4593 lugentes]
985 4505 1174 4577 Sanctuarir}
1202 4525 1231 4567 v.
1249 4497 1411 4590 stephanii
1435 4507 1501 4561 not.
1530 4495 1573 4558 ad
1591 4492 1625 4557 lt.

306 4607 444 4676 Absslon
462 4611 592 4676 amicum
614 4635 702 4678 suom
730 4615 763 4679 in
784 4613 851 4680 ade
870 4635 934 4680 mc·
991 4611 1028 4689 l,
1046 4607 1254 4689 wendelose,
1269 4603 1519 4673 hlindssmaerlter
1535 4599 1548 4665 i
1562 4603 1625 4666 So-

306 4713 433 4784 notent
465 4719 604 4784 Soreusis
637 4720 785 4806 sepelivit.
843 4719 936 4813 Quod
989 4719 1043 4784 rde
1061 4716 1172 4801 idriis,
1199 4738 1231 4803 p.
1250 4710 1311 4795 553
1331 4711 1389 4780 cir.
1409 4711 1523 4792 Suhm,
1553 4707 1578 4772 l.
1595 4726 1626 4770 c-

306 4835 459 4894 muniar
489 4823 617 4912 insignis
650 4827 717 4911 ojus
753 4829 786 4893 iu
817 4828 934 4914 pariete
989 4827 1056 4907 Vll,
1071 4819 1142 4890 551·
