3582 5466
363 295 438 374 502
694 301 869 374 fltsrott.
885 302 991 374 ΒΑΝ.
1008 302 1146 376 LIBER
1162 305 1221 376 xt.

312 533 391 588 tum
408 515 503 588 orbe
530 527 744 603 exemerunt,
771 511 969 586 caelestium
991 490 1121 584 usibus
1146 513 1404 611 applicabunt,
1418 513 1634 614 caducaque

311 637 346 712 ei
361 639 479 738 fragili
493 639 646 735 potentia
665 634 856 734 spoliatum
879 625 1004 708 solidae
1033 649 1140 734 atque
1164 649 1303 710 eterne
1324 635 1498 712 felicitatis
1522 660 1632 711 com-
1777 638 1778 704 i

309 779 431 860 potem
448 773 652 834 statuerunt.
710 751 779 830 Sed
796 773 831 830 et
848 756 1066 832 clandestina
1085 759 1164 857 ejus
1181 761 1289 832 virtus
1306 758 1503 858 perlucidis
1521 775 1630 860 post*

310 883 458 957 modum
477 883 725 979 experimentis
742 884 875 952 enituit.

443 1009 527 1077 llaec
553 1003 701 1077 audiens
742 1004 861 1101 regina
886 1007 1035 1100 patriam
1073 1027 1156 1076 curn
1180 1001 1254 1077 filio
1275 1001 1466 1102 impubere
1489 1009 1631 1103 repetit,

309 1133 459 1228 geminis
473 1143 556 1224 post
573 1148 611 1198 se
626 1125 754 1234 relictis
763 1125 925 1217 filiabus3
947 1147 989 1197 ex
1004 1125 1139 1222 quibus
1151 1126 1520 1224 ingertha¹‚Folconi,
1533 1132 1629 1200 Sve—

309 1253 388 1324 ticae
404 1255 519 1348 gentis
553 1249 794 1338 nobilissimo,
819 1264 952 1345 nupta,
979 1246 1212 1320 benedictum
1246 1253 1502 1348 Caniniumque
1535 1248 1629 1324 illios

309 1371 454 1461 babuit,
490 1369 688 1469 iisdemque
711 1369 969 1463 mediantibus,
992 1375 1215 1471 Birgerutn²,
1248 1371 1369 1470 quiet
1396 1393 1492 1446 nunc
1524 1389 1629 1464 extat,

309 1495 434 1568 Ssetiat
451 1492 593 1584 ducem,
617 1519 699 1568 cum
724 1494 893 1568 iratribus
917 1500 992 1569 suis
1020 1511 1188 1594 nepotem
1214 1497 1363 1593 accepit.
1422 1496 1557 1569 verum
1581 1516 1626 1567 ex

307 1618 447 1690 feciiioe
461 1621 708 1692 matrimonic³
727 1619 865 1708 Encas,
887 1615 1091 1692 Gothorum
1110 1618 1313 1718 praefectus,
1333 1619 1515 1692 Canutum
1541 1635 1626 1690 curn

308 1738 440 1814 Carolo
463 1743 685 1838 procrearit,
719 1739 913 1838 exquibus
940 1745 1295 1840 generosissimarum
1333 1741 1526 1839 imaginum
1551 1763 1628 1813 nu-

307 1885 448 1938 merosa
462 1865 648 1962 posteritas
662 1861 756 1934 clara
772 1863 1047 1960 propinquitatis
1063 1866 1153 1937 serie
1172 1864 1355 1938 cohae'rens
1370 1867 1520 1936 emersit.

215 2081 221 2090 Ι
440 1993 485 2059 At
499 1984 672 2084 populus,
696 1997 887 2082 perempto
908 2006 994 2084 rege
1017 1986 1197 2078 exultans,
1231 1985 1332 2086 quod
1347 1983 1476 2060 scelus
1491 1982 1626 2058 deilere

307 2109 503 2202 debuerat,
533 2106 757 2180 insultatione
782 2111 953 2204 prosequi
975 2107 1169 2208 voluptatis
1193 2109 1277 2184 loco
1302 2108 1502 2207 reputabat.
1553 2111 1623 2202 Qui

308 2255 391 2305 cunr
409 2229 600 2332 parricidio
615 2232 754 2328 pietatis
770 2249 915 2304 causam
931 2243 1156 2328 praetexeret,
1181 2230 1292 2329 idque
1310 2230 1534 2330 tyrannicidii
1548 2254 1622 2306 nc-

306 2361 402 2428 mine
423 2354 612 2442 coloraret,
638 2351 783 2425 militem
806 2374 913 2426 suurn
929 2351 1018 2427 deus
1033 2352 1200 2428 mercede
1216 2352 1376 2427 fraudari
1391 2379 1463 2427 non
1482 2375 1625 2454 passus,

306 2497 473 2550 arcanam
489 2481 697 2552 sanctissimi
714 2479 778 2550 viri
795 2478 1027 2550 innocentiam
1048 2478 1241 2552 manifestis
1255 2477 1454 2576 publicavit
1475 2476 1625 2569 indiciis,

305 2603 508 2699 eximioque
524 2603 606 2674 vite
623 2603 703 2698 ejus
718 2597 900 2698 splendori
916 2604 1019 2674 etiarn
1035 2599 1131 2673 clara
1156 2603 1278 2674 mortis
1303 2616 1511 2674 ornamenta
1527 2624 1625 2674 con-

305 2726 416 2798 cessit
475 2727 568 2797 Snna
584 2722 631 2796 ad
645 2721 915 2822 coarguendam
933 2723 1193 2823 parricidarum
1216 2722 1386 2797 malitiam
1404 2726 1522 2824 puniti
1539 2749 1625 2800 me-

305 2850 372 2922 rita
387 2844 610 2920 miraculosis
628 2844 787 2943 prodidit
802 2853 1041 2946 argumentis,
1063 2854 1292 2948 ignotamque
1317 2847 1431 2946 vulgo
1456 2849 1623 2924 uirtutem

305 2970 454 3044 mirifico
469 2985 590 3042 rerum
606 2968 746 3067 fulgore
763 2970 903 3043 detexit.
957 2973 1121 3063 Quorum
1137 2969 1245 3068 plebs
1270 2968 1506 3045 admiratione
1528 2989 1622 3072 pet·-

305 3093 402 3167 cnlsa
420 3095 556 3166 virtutis
577 3092 746 3166 invidiam
769 3099 858 3191 egit,
893 3098 1200 3192 conspicuamque
1222 3096 1405 3193 signorum
1427 3099 1622 3194 expensu-

305 3221 389 3290 tiam
404 3209 466 3289 diu
486 3217 730 3314 nequicquam
745 3216 1092 3290 infuscaretentarit
1156 3217 1290 3288 Veteris
1305 3229 1464 3314 namque
1480 3215 1622 3292 invidiae
1653 3212 1659 3220 ’

304 3339 447 3414 fremitu
478 3355 521 3411 ac
535 3331 690 3437 pristinis
705 3335 778 3410 odii
794 3337 930 3413 viribus
945 3341 1157 3438 pertinacius
1173 3339 1456 3431 excandescens,
1487 3331 1620 3416 adduci

303 3484 379 3536 non
395 3475 548 3560 poterat,
573 3475 612 3532 ut
628 3453 755 3534 divinis
778 3459 979 3536 honoribus
1002 3460 1145 3553 coleret,
1171 3480 1280 3559 quem
1308 3461 1359 3537 ob
1382 3462 1500 3538 scelus
1528 3486 1550 3536 a
1580 3487 1622 3538 se

303 3586 526 3660 interfectum
549 3597 710 3683 putaret,
758 3603 835 3658 nem
864 3585 1005 3660 coelitus
1044 3582 1260 3657 declaratam
1293 3582 1461 3660 humanis
1502 3610 1620 3688 argu-

305 3709 430 3783 mentis
446 3707 627 3807 abnegare
641 3705 817 3781 conando.
884 3712 1100 3806 Quanquam
1116 3709 1209 3781 enim
1226 3705 1415 3783 damnatos
1436 3733 1459 3781 a
1477 3733 1517 3783 se
1534 3735 1621 3783 rno-

302 3858 359 3908 res
378 3831 512 3908 coelesti
528 3830 664 3930 judicio
676 3831 930 3930 comprobatos
946 3830 1098 3922 videret,
1115 3828 1162 3902 ad
1189 3827 1484 3906 dissimulandum
1502 3848 1620 3908 tamen

349 4143 528 4232 rinpertire]
551 4147 643 4209 Teste
666 4144 819 4209 Chronico
840 4141 929 4210 stit·
984 4139 1063 4224 the,
1086 4155 1175 4231 pater
1197 4145 1311 4210 exstitit
1350 4145 1470 4211 comitis
1498 4145 1621 4231 Birgeri

302 4251 424 4336 byenal,
460 4251 604 4337 lngertbs
638 4251 702 4316 site
722 4245 826 4334 ingrid
864 4265 930 4316 erat
984 4245 1293 4330 muraenulae
1323 4249 1470 4316 defuncti.

301 4355 433 4422 filiarum
463 4353 572 4423 &nuti
597 4355 709 4443 iunior.
750 4353 930 4444 prosapiam
1032 4360 1171 4424 ³Ceeiiie
1188 4354 1388 4442 matrimonia]
1413 4355 1526 4424 cecilie
1547 4373 1620 4423 neta

240 4517 252 4540 „
302 4461 368 4550 ejus
393 4461 452 4526 rid.
476 4461 509 4526 in
535 4463 712 4553 genealogia
736 4486 752 4527 a
773 4465 931 4552 Langebe·
986 4477 1051 4528 erat
1071 4477 1152 4528 anno
1176 4458 1257 4528 1085
1278 4463 1353 4546 (rid.
1370 4461 1466 4530 Subur
1489 4455 1569 4529 tata
1588 4463 1625 4530 af

300 4567 352 4636 tto
374 4561 515 4634 metens
540 4568 668 4658 (script.
687 4589 747 4636 rer.
767 4571 846 4636 Dan.
870 4569 930 4636 rol.
986 4567 1169 4637 Deamral.
1193 4563 1215 4633 4
1239 4595 1270 4659 p.
1285 4557 1364 4652 ott)
1380 4578 1412 4636 et
1426 4581 1496 4634 eum
1512 4587 1621 4636 aurora

302 4678 341 4744 ili
355 4677 394 4744 sd
407 4695 477 4764 pag.
492 4671 581 4758 976).
986 4673 1069 4742 bend
1087 4673 1261 4744 dubietate
1275 4673 1359 4744 Eticl
1370 4677 1473 4764 patrui
1487 4673 1624 4742 educate.

987 4779 1050 4864 (Dc
1071 4786 1161 4869 prole
1183 4779 1247 4868 eiua
1270 4777 1329 4848 rid.
1351 4783 1447 4852 satu
1469 4787 1489 4849 i.
1509 4803 1534 4848 c.
1560 4781 1623 4850 rol.

346 4889 535 4978 ’Birperuml
557 4891 707 4970 canutus,
730 4887 810 4951 iilius
829 4893 931 4972 inger·
986 4883 1051 4976 bp.
1070 4885 1154 4971 llil.)
