3536 5462
365 291 444 376 soe
692 290 869 364 msron
887 291 994 364 otu.
1013 291 1153 392 uiuus
1167 294 1259 367 xiv.

313 510 361 580 Et
381 526 469 579 sane
487 495 715 600 principibus
741 493 931 590 ductandi,
963 495 1136 574 militibus
1161 498 1336 602 sequendi
1361 501 1422 601 jus
1445 505 1633 601 competit.

312 633 411 728 Ergo
427 649 493 702 nos
505 621 681 723 propriis¹
700 619 773 712 niti,
796 619 920 694 alienis
934 644 1021 696 vero
1035 623 1196 722 imperiis
1209 625 1286 726 regi
1298 629 1474 700 convenit
1505 629 1636 726 Neque

312 753 406 826 enim
421 749 470 822 ab
485 743 613 821 eodem
630 763 666 822 et
684 742 827 820 delendi
844 761 879 820 et
894 741 1033 818 ducturi
1045 743 1234 822 debemus
1259 750 1489 848 Quapropter
1503 749 1635 824 uosilli

311 888 431 977 grates
446 868 583 946 babere
598 894 668 970 par
691 884 757 959 est,
782 873 846 970 qui
860 867 1025 944 fortunas
1049 891 1135 944 suas
1155 870 1256 944 toties
1275 893 1344 968 pro
1368 886 1492 946 nostra
1505 871 1635 972 praeda

308 997 529 1095 rictonaque
550 991 704 1088 devovit,
728 993 906 1092 cujusque
929 1015 1028 1066 nunc
1050 989 1245 1066 lortissimo
1264 989 1379 1069 ductu
1400 1017 1445 1066 eo
1465 999 1631 1072 necessi-

308 1123 387 1199 tetis
410 1119 655 1218 pervenimus,
685 1131 727 1191 ut
750 1115 904 1190 salutem
927 1118 1035 1190 armis
1059 1129 1252 1216 protegere
1271 1112 1481 1192 debeamus
1541 1121 1631 1194 Jam

308 1247 404 1320 enim
419 1241 570 1342 patriam
596 1265 638 1317 ac
661 1254 808 1338 penates
824 1234 1070 1316 affectantibus
1095 1252 1177 1310 ente
1194 1235 1355 1314 hostium
1381 1239 1510 1316 oculos
1528 1267 1629 1318 con-

306 1373 475 1468 spicuum
498 1363 634 1440 virtittis
656 1386 753 1462 opus
773 1360 883 1436 edere
901 1382 1049 1436 necesse
1072 1375 1145 1454 est,
1183 1358 1413 1460 reditumque
1434 1361 1629 1462 probitatis

306 1489 450 1568 actibus
474 1493 678 1588 impetrare.
730 1486 805 1558 Has
829 1499 948 1558 autem
964 1481 1090 1583 populi
1110 1478 1223 1558 nostri
1243 1482 1413 1584 querelas
1435 1509 1460 1558 a
1485 1509 1632 1564 summa

307 1616 507 1690 animorum
534 1607 774 1712 trepidatione
805 1606 984 1706 prolectas
1005 1608 1086 1706 quis
1114 1603 1280 1706 dubitet?
1305 1605 1388 1698 Sed,
1413 1632 1484 1707 pro
1508 1609 1628 1706 dolor,

305 1735 397 1838 quid
415 1757 532 1810 causae
554 1748 619 1826 est,
644 1728 748 1832 quod
771 1744 824 1804 tot
845 1727 1040 1804 illustrium
1062 1735 1225 1804 virorum
1239 1728 1444 1826 praeeordia
1462 1747 1538 1806 tam
1556 1760 1625 1808 re-

302 1875 413 1962 pente
440 1855 575 1931 fiducia
601 1852 747 1946 defecit,
785 1853 930 1954 ignaria
960 1853 1177 1951 occupavit?
1217 1849 1314 1944 Quid
1342 1851 1625 1956 nobismetipsis,

304 1981 408 2058 nullo
424 1980 660 2072 concutiente,
684 1992 819 2050 metum
836 1979 1011 2075 parimus,
1036 1973 1254 2074 abjectaque
1272 1999 1350 2074 spe,
1363 1977 1439 2050 sine
1452 1979 1624 2076 periculo

301 2103 541 2206 trepidamus?
564 2099 788 2200 Corporibus
804 2099 930 2196 integri
947 2121 1086 2190 sumus,
1110 2121 1232 2196 neque
1245 2121 1358 2174 nexus
1385 2121 1508 2200 neque
1531 2101 1620 2202 pla—

300 2213 366 2331 gas
382 2231 530 2329 experti.
577 2223 718 2299 Dextris
733 2244 836 2298 enses
850 2235 1043 2320 gestamus,
1068 2218 1232 2320 nihilque
1246 2219 1373 2297 robori
1389 2241 1516 2303 nostro
1530 2233 1620 2306 iuo-

299 2354 361 2454 pia
377 2367 437 2427 aut
452 2346 575 2426 clades
590 2346 769 2420 dextraxit.
801 2348 890 2444 Age,
912 2357 1046 2418 tantam
1061 2342 1217 2418 fortunae
1232 2343 1513 2424 incolumitatem
1529 2355 1626 2430 uirili

299 2481 473 2554 mentium
487 2472 622 2548 robore
636 2491 913 2569 prosequamur.
944 2468 1225 2556 Meminerimus,
1246 2491 1315 2542 nos
1329 2473 1426 2546 viros
1440 2479 1624 2552 exercita-

298 2615 372 2690 tos,
396 2623 481 2688 non,
502 2590 667 2668 imbelles
700 2590 852 2666 feminas
886 2613 984 2683 esse,
1017 2605 1053 2664 et
1071 2590 1166 2663 inter
1198 2613 1294 2688 pene
1318 2595 1472 2676 inermes
1495 2597 1624 2676 hoste„
1756 2655 1757 2658 ,

297 2745 439 2800 summa
455 2743 541 2794 cum
557 2730 737 2790 armatura
755 2718 897 2790 versari.
929 2713 1045 2802 Certe,
1060 2715 1089 2784 si
1109 2707 1229 2786 dussis
1244 2727 1366 2792 nostra
1379 2735 1442 2792 aut
1461 2723 1621 2798 naufra-
1755 2819 1756 2826 ἵ

295 2847 357 2948 gio
372 2859 434 2918 aut
453 2837 625 2916 incendio·
636 2839 795 2937 perisset,
819 2833 907 2908 nihil
921 2830 1167 2933 impedimenti
1184 2851 1289 2926 esset,
1315 2859 1391 2936 quo
1409 2846 1531 2918 minus
1546 2869 1619 2944 per

293 2963 433 3042 medios
455 2962 577 3039 hostes
597 2964 753 3062 patriam
770 2964 875 3060 equis
895 2972 1149 3058 repeteremus.
1198 2959 1323 3034 Mittite
1346 2985 1436 3062 ergo
1452 2966 1618 3065 trepidas

293 3091 518 3190 ignarasque
545 3107 657 3160 voces
676 3082 900 3158 muliebriter
922 3080 1074 3156 auribus
1096 3094 1203 3154 tantae
1226 3085 1409 3158 concionis
1443 3091 1616 3184 inserere,

293 3223 598 3310 exsurgentesque
613 3210 750 3296 animis,
773 3202 963 3278 hebetatos
986 3201 1203 3279 fortitudinis
1218 3229 1351 3282 nervos
1370 3210 1515 3306 pristina
1532 3219 1618 3288 vir-

290 3338 376 3409 tutis
393 3329 527 3407 fiducia
539 3342 704 3402 recreate.
755 3325 907 3400 Talibus
922 3323 1146 3425 aliquamdiu
1170 3329 1311 3403 monitis
1327 3332 1503 3426 insistens,
1527 3359 1611 3434 pn-

291 3457 364 3531 tius
386 3453 666 3528 obtrectantium
696 3473 763 3523 ora
784 3447 949 3526 cohibuit
973 3473 1085 3548 quam
1106 3449 1245 3524 animos
1262 3455 1425 3545 correxit,
1450 3453 1617 3556 depres-

289 3582 410 3678 sitque
428 3578 589 3676 jmgium
612 3570 828 3649 exhortantis
848 3575 1059 3663 auctoritas,
1083 3569 1236 3670 quodei
1256 3597 1399 3650 summa
1421 3583 1537 3677 pietas
1565 3608 1619 3658 ac

287 3701 472 3801 precipua
484 3695 657 3774 fortitudo
669 3698 860 3774 maximam
875 3701 1057 3772 sociorum
1072 3698 1224 3796 gratiam
1242 3697 1513 3787 conciliavereu
1536 3709 1616 3781 ln..

286 3836 383 3922 terea
398 3825 622 3916 Karimarus,
644 3821 771 3902 classis
791 3835 924 3897 nostre
939 3817 1121 3919 portende
1134 3843 1202 3919 spe
1217 3819 1418 3900 admodum
1433 3830 1620 3925 incitatus,
1748 3923 1749 3930 ἵ

284 3943 499 4021 simulaudae
518 3943 662 4020 fiduciae
685 3949 806 4046 gratia
824 3942 978 4026 tentorio
1001 3947 1038 4016 in
1061 3947 1142 4041 ripa
1167 3941 1298 4038 defixo,
1323 3950 1442 4026 aureis
1465 3973 1615 4051 argen-

283 4068 426 4168 teisque
441 4067 582 4168 poculis
596 4066 723 4142 sibiae
737 4065 910 4145 militibus
923 4091 1066 4144 merum
1079 4068 1265 4166 prop'mari
1282 4070 1473 4170 constituit
1520 4073 1613 4148 cu.
1747 4079 1748 4110 t

279 4188 340 4287 jus
356 4189 551 4264 insolentiae
566 4189 694 4264 lustum
707 4188 854 4290 fugatus
867 4189 1103 4290 postmodum
1118 4189 1255 4266 rubore
1269 4197 1428 4267 mutavit
1462 4197 1614 4272 Interea
1746 4219 1747 4224 ¹

281 4311 534 4391 waldemarus
556 4312 750 4414 principes,
771 4311 934 4390 aclassis
952 4315 1225 4415 pertractatione
1247 4329 1448 4408 revocatos,
1472 4325 1615 4398 curatis

282 4435 499 4532 corporibus
518 4433 568 4510 ad
592 4461 633 4512 se
655 4437 754 4510 coire
774 4436 889 4538 jubet.
942 4438 1044 4532 Quos
1070 4461 1157 4511 cum
1178 4441 1271 4511 intra
1292 4439 1476 4540 navigium
1496 4461 1613 4521 suurn

280 4556 487 4658 frequentes
515 4558 643 4638 adesse
673 4574 926 4661 cognosceret,
959 4557 1051 4661 quid
1074 4559 1172 4636 factu
1195 4564 1424 4660 potissimum
1454 4556 1613 4662 domat,

279 4678 432 4778 inquirit
481 4680 624 4776 Quibus
644 4707 860 4784 responsum
882 4709 958 4760 non
975 4681 1158 4777 dantibus,
1183 4685 1460 4762 taciturnitatem
1482 4672 1609 4766 mira-

326 4821 496 4934 ·Pmpriis]
517 4821 655 4902 (Excidit
674 4826 783 4890 viribus
804 4837 856 4890 sut
875 4825 982 4892 similis
1006 4845 1073 4892 rex.
1095 4823 1179 4912 up).
1208 4891 1212 4896 .
