3524 5460
377 307 450 379 710
710 305 885 375 fltsrott.
901 307 1008 375 DAN.
1028 305 1166 376 LIBER
1180 305 1271 376 xtv.

323 521 470 592 itionem
493 541 567 588 non
590 516 734 602 veritus,
748 514 797 586 ab
812 515 985 612 injurioso
1000 514 1066 588 sibi
1085 539 1171 612 rege
1185 512 1331 586 salutari
1350 514 1499 588 oonsilio
1515 515 1633 589 desci-

323 641 382 714 vit.
442 643 567 736 ltaque
597 639 733 735 justum
760 634 970 728 delectionis
1003 634 1144 708 titulum
1174 651 1333 724 secutus,
1368 635 1633 726 waldemarum

322 771 425 836 avitae
442 778 672 860 paternaeque
688 757 926 831 familiaritatis
943 773 1106 856 respectu
1123 759 1321 857 transfugio
1336 763 1468 858 petivit.
1520 762 1632 832 Gum-

323 910 397 986 que
415 886 543 975 Sveno,
565 881 734 956 roborata
755 905 904 952 suorum
921 878 1005 970 fide,
1025 884 1061 951 in
1078 879 1289 952 Sialandiam
1308 880 1478 970 rediisset,
1503 909 1634 955 eonse-

323 1021 474 1106 quenter
497 1003 545 1075 ab
567 1001 717 1094 aemulis,
741 1007 906 1078 Jutorum
921 1006 1073 1078 classem
1098 1004 1277 1090 metuatis,
1302 1005 1516 1101 impetiturl.
1567 1008 1634 1098 Qui

322 1148 409 1204 tuuc
443 1127 535 1202 forte
566 1124 761 1200 Roskildiae
795 1133 901 1216 sitos,
936 1125 1113 1200 Eskillum
1148 1151 1245 1222 saepe
1283 1125 1418 1198 dictum
1453 1127 1635 1198 antistitem

321 1237 558 1352 praesidiaque
574 1249 768 1321 Scanorum
786 1257 943 1323 accersit.
997 1248 1138 1340 Quibus
1154 1250 1384 1344 praesentatis,
1408 1254 1563 1337 Petrum,
1579 1255 1633 1321 cui

321 1390 423 1473 pater
444 1369 667 1443 Thorstanos
692 1387 784 1461 erat,
819 1373 978 1442 omnium
1010 1369 1241 1443 consiliorum
1275 1395 1425 1442 suorum
1454 1373 1633 1461 arbitrum,
1739 1463 1740 1474 ἶ

322 1494 475 1595 qualiter
496 1490 607 1564 rebus
634 1492 895 1565 consulendum
922 1510 1032 1582 esset,
1058 1495 1259 1589 interrogat.
1324 1497 1355 1566 ls
1381 1494 1633 1567 consultantem
1739 1481 1740 1514 l

322 1617 411 1692 olim
433 1640 566 1714 regem,
589 1613 743 1712 qualiter
764 1633 840 1687 tuto
864 1641 1016 1714 regnare
1038 1633 1179 1714 posset,
1202 1616 1349 1713 jussisse
1366 1617 1487 1707 sertor,
1515 1635 1554 1689 ut
1578 1635 1634 1690 aut
1739 1661 1740 1686 t

322 1755 524 1839 equestrem
537 1735 798 1836 plebejumque
813 1738 986 1828 ordinem,
1014 1763 1088 1836 quo
1104 1763 1143 1810 se
1159 1741 1267 1810 tutius
1283 1735 1473 1810 adversum
1485 1740 1631 1812 aemulos

321 1877 472 1964 gereret,
491 1859 674 1932 beneficiis
689 1862 965 1965 impensioribus
983 1859 1128 1948 coleret,
1143 1876 1204 1932 aut
1220 1859 1268 1931 ab
1283 1862 1325 1932 iis
1341 1860 1463 1933 saltem
1478 1861 1525 1933 ad
1542 1887 1633 1960 pro-

321 1989 477 2085 pinquos
493 1980 657 2082 placendi
673 1981 829 2055 studium
848 1983 1061 2070 transferret,
1086 2007 1234 2080 eosque,
1249 1982 1324 2054 sola
1340 2001 1527 2056 contentus
1545 2009 1633 2082 spe-
1653 2055 1658 2068 ,
1739 2009 1740 2024 ’

322 2111 387 2200 cie,
411 2129 556 2180 revera
583 2129 686 2202 reges
710 2111 858 2177 existere
881 2121 1069 2203 pateretur.
1123 2103 1156 2173 Si
1183 2119 1349 2177 neutrum
1372 2107 1510 2205 egisset,
1535 2105 1633 2180 baud

323 2229 486 2322 dubium,
512 2233 599 2327 quin
620 2207 770 2300 brevem
791 2231 891 2326 regni
907 2252 1013 2300 usum
1027 2226 1217 2301 habiturus
1233 2245 1335 2320 esset,
1361 2227 1511 2302 edocuit.
1563 2233 1634 2300 Rex
1739 2223 1740 2268 ³

321 2379 422 2444 vero,
437 2377 557 2450 neque
571 2349 814 2425 salubritatem
832 2349 967 2422 consilii
980 2375 1099 2446 neque
1115 2352 1321 2447 sapientiam
1337 2356 1499 2450 responsi
1516 2350 1634 2424 debita
1739 2339 1740 2354 ¹

321 2477 428 2559 animi
451 2475 619 2548 sententia
644 2491 879 2572 prosecutus,
911 2472 1114 2544 utilissimos
1139 2477 1295 2546 monitus
1323 2471 1634 2548 deliramentorum
1739 2539 1740 2592 q

321 2597 404 2672 loco
431 2595 566 2668 habuit.
635 2599 829 2670 Enimvero
858 2595 1031 2668 obsusum
1064 2596 1248 2669 iracundia
1280 2601 1439 2670 animum
1473 2596 1634 2670 salutaris

320 2719 506 2797 ae'stimatio
540 2718 664 2791 subire
694 2720 864 2816 nequivit
923 2720 1094 2817 Concepti
1132 2725 1250 2816 itaque
1282 2721 1414 2793 luroris
1436 2723 1633 2818 impatiens,

320 2842 445 2944 quoad
454 2865 568 2916 unum
585 2841 650 2915 sibi
669 2857 813 2914 scutum
831 2857 1049 2938 suppeteret,
1067 2840 1104 2912 id
1119 2867 1157 2914 se
1177 2846 1280 2917 Petro
1297 2845 1550 2941 oppositurum
1568 2845 1632 2942 ju·
1739 2823 1740 2852 ¹

320 2965 420 3040 ravit.
469 2965 563 3036 Tum
579 2967 715 3052 Petrus,
740 2965 863 3035 Meum
880 2987 1033 3061 semper,
1057 2967 1182 3062 inquit,
1209 2991 1277 3062 pro
1296 2981 1328 3038 te
1345 2965 1516 3064 clypeum
1531 2967 1634 3063 gessi,

321 3087 385 3165 sed
402 3112 540 3177 vereor,
554 3111 600 3156 ne
615 3087 683 3158 cito
695 3088 1020 3159 cunctisscutorum
1039 3103 1183 3158 tuorum
1203 3091 1316 3185 copiis
1334 3113 1428 3186 opus
1446 3087 1634 3164 habiturus

321 3213 378 3286 sis.
430 3205 539 3301 Quod
562 3229 622 3278 rex
637 3231 745 3281 avare
766 3207 902 3282 dictum
917 3213 1128 3300 existimans,
1154 3227 1392 3307 percontatur,
1406 3235 1494 3283 nam
1514 3211 1634 3284 adhuc
1659 3247 1666 3265 ·

322 3351 421 3409 satur
436 3333 561 3406 esset2.
589 3329 797 3426 Respondit,
812 3347 974 3404 satorum
992 3355 1041 3422 se,
1059 3330 1123 3405 sed
1139 3333 1265 3422 vereri,
1286 3357 1332 3405 ne
1349 3335 1543 3407 satietatem
1559 3359 1633 3433 pa-

318 3481 400 3532 rum
413 3452 566 3528 salubris
580 3451 731 3552 digeries
747 3456 990 3549 sequeretur³.
1030 3457 1134 3528 Tune
1149 3479 1311 3554 quoque,
1324 3455 1413 3554 quid
1427 3457 1523 3530 lacto
1539 3481 1634 3556 opas

319 3594 422 3668 esset,
446 3591 603 3674 rogatus,
626 3577 663 3646 in
679 3577 840 3646 Scaniam
857 3574 1082 3675 migrandum
1103 3563 1247 3671 edocet3
1273 3584 1422 3652 tutiores
1439 3578 1511 3652 illic
1530 3583 1637 3670 vires;

320 3706 355 3774 in
371 3697 547 3774 sialandia
564 3700 755 3796 pauciores
775 3699 910 3772 amicos
926 3723 1038 3796 quam
1064 3697 1183 3774 hostes
1199 3721 1287 3774 esse.
1341 3703 1515 3774 Praeterea
1531 3703 1637 3774 latos

678 3841 684 3876 l

365 4017 434 4079 ¹Ab
460 4016 570 4078 emulis
597 4058 620 4076 ..
646 4009 808 4100 impetitur]
837 4015 949 4075 Narrat
1007 4015 1155 4101 spiciosus
1175 3985 1337 4082 credidissd
1356 4017 1485 4099 ridetur,
1505 4021 1638 4083 Petrum

318 4121 446 4186 historia
464 4113 859 4204 Ilnytlingorumlpffld),
874 4121 950 4182 Sre·
1006 4122 1049 4182 ita
1070 4122 1206 4185 locutum
1232 4122 1343 4204 fuisse,
1381 4137 1415 4186 ut
1445 4147 1523 4188 nova
1552 4122 1640 4186 dona

317 4247 431 4290 nonem
459 4245 528 4288 cant
551 4225 613 4289 suis
639 4224 828 4290 llosltildiam
856 4247 947 4291 occu-
1006 4239 1211 4312 extorqueret.

317 4351 416 4418 passe,
434 4331 670 4400 waldemarum
683 4345 783 4396 autem
804 4345 835 4396 et
851 4335 949 4398 Canu·
1051 4335 1185 4398 ³Parum
1211 4337 1337 4398 salutm
1359 4335 1485 4418 digerite
1505 4358 1643 4418 sequere·

318 4451 386 4503 tum
413 4439 445 4502 iu
475 4459 557 4523 pago
581 4437 710 4523 Lyaqby
732 4439 763 4502 in
789 4439 947 4525 toparchia
1007 4437 1071 4521 tur]
1093 4437 1265 4526 Respondit
1296 4443 1424 4516 Petrus,
1455 4459 1487 4502 se
1511 4437 1641 4524 quidem

317 4541 509 4628 Woldborg,
524 4541 642 4610 duobus
655 4543 721 4610 lere
728 4546 863 4610 miliariis
870 4549 949 4610 Ras-
1004 4546 1076 4610 satis
1092 4547 1188 4608 multa
1209 4569 1226 4608 a
1247 4565 1319 4628 rege
1337 4546 1505 4630 accepisse,
1532 4545 1646 4608 vereri

318 4647 411 4712 ltildia
426 4647 561 4730 distemi,
575 4671 632 4735 per
648 4667 766 4738 septem
778 4653 841 4717 dies
850 4652 945 4718 baba·
1004 4663 1115 4729 autem,
1137 4671 1176 4716 ue
1203 4652 1460 4716 breviariorum
1482 4652 1648 4716 bonoram

317 4755 376 4820 isse
388 4755 508 4818 stativa.
1004 4777 1075 4820 usus
1102 4757 1161 4820 sibi
1187 4761 1381 4842 contingeret
1404 4759 1533 4840 (scilieet
1556 4777 1648 4842 rege

363 4867 467 4928 'llum
487 4863 582 4928 addae
598 4881 684 4928 satur
705 4861 793 4944 esset]
816 4867 881 4930 Rex
897 4887 946 4930 su·
987 4881 1058 4960 'suo
1080 4861 1118 4927 de
1133 4863 1264 4950 irnperio
1283 4865 1430 4948 deiecto).
