3524 5460
384 301 458 376 680
706 297 883 371 HISTOR„
896 299 1003 372 DAN.
1023 295 1162 372 LIBER
1178 295 1268 370 XIV.
1341 307 1343 310 ’

340 538 380 588 se
397 511 476 610 capi
487 507 591 610 posse'
605 503 1649 603 confiderent,procursufacto,omneseutneciauteaptioui

341 635 545 736 subjiciunt,
571 655 777 730 quanquam
791 629 902 701 Danis
923 632 960 700 in
973 620 1223 727 propulsando
1240 623 1402 725 periculo
1419 631 1559 700 animus
1574 651 1650 700 nou

343 757 493 848 deesset,
518 769 641 852 utpote
661 755 723 852 qui
738 777 805 825 nec
822 749 945 848 fugere
962 765 1108 850 possent
1125 765 1161 824 et
1190 751 1225 820 in
1247 753 1341 849 regis
1360 747 1474 822 oculis
1489 773 1652 847 pugnam

344 879 452 954 edere
468 899 612 950 necesse
627 871 811 948 haherent.
876 877 926 945 Ita
943 889 1083 948 nostros
1099 870 1145 944 ad
1164 877 1328 946 virtutem
1345 869 1603 970 capessendam
1618 888 1654 944 et

344 1001 469 1078 salutis
485 997 688 1094 desperatio
714 1013 749 1070 et
765 1019 923 1096 praesens
943 995 1044 1070 ducis
1068 994 1236 1068 incitabat
1256 1007 1431 1092 aspectus.
1490 995 1653 1085 Quorum

344 1119 511 1223 periculis
528 1119 702 1192 exturbati
715 1119 892 1192 scafarum
910 1121 1064 1220 magistri
1085 1123 1179 1193 circa
1205 1116 1308 1216 palos
1324 1115 1444 1190 medio
1461 1141 1566 1190 amne
1582 1114 1654 1188 de-

345 1245 435 1318 fixos
451 1243 648 1328 haerebant,
674 1266 792 1339 neque
812 1241 974 1316 residuos
991 1240 1220 1316 transvehere
1241 1264 1359 1339 neque
1386 1237 1573 1314 translatos
1590 1263 1655 1312 re-
1687 1253 1690 1258 “

346 1367 438 1440 ferre
453 1369 541 1438 ausi.
593 1365 716 1462 Itaque
729 1389 797 1438 nec
814 1369 889 1464 regi
909 1363 955 1437 ad
971 1361 1240 1464 procedendum
1273 1388 1340 1437 uec
1368 1368 1470 1438 victis
1494 1360 1543 1436 ad
1560 1367 1654 1436 resi-

346 1487 504 1562 lieudum
519 1487 580 1587 opi
601 1486 715 1560 fuere.
770 1491 907 1560 Interea
923 1492 1093 1578 Canutus,
1107 1489 1327 1583 sumptuosis
1343 1483 1472 1558 militia
1487 1489 1655 1583 impensis

348 1625 525 1700 oneratus,
539 1634 604 1682 nec
622 1612 795 1682 minorem
819 1609 1007 1684 occidentis
1020 1608 1274 1684 humanitatem
1292 1609 1431 1700 invenit,
1447 1632 1559 1706 quam
1577 1609 1654 1680 ori-

350 1737 436 1806 entis
451 1756 568 1830 nuper
582 1749 747 1829 expertus
761 1732 885 1806 fuerat.
950 1730 1132 1831 Siquidem
1147 1738 1337 1830 agrestium
1361 1729 1503 1830 placide
1516 1745 1654 1804 tracta-

350 1873 468 1930 torum
483 1854 655 1953 stipendia
670 1862 852 1948 contraxit,
870 1856 930 1930 tali
946 1860 967 1929 J
970 1871 1113 1930 utorum
1126 1853 1302 1928 beneficio
1323 1877 1423 1946 usus,
1449 1851 1557 1953 quale
1572 1855 1655 1952 pri-

351 1976 435 2056 dem
458 1975 556 2076 apud
578 1975 760 2052 Sialandos
785 1994 978 2078 acceperat.
1038 1980 1155 2078 Hujus
1181 1981 1298 2052 Sveno
1327 1968 1518 2074 congressu
1537 1979 1657 2064 vitato,

352 2102 511 2173 Scaniam
525 2101 664 2190 revisit,
700 2105 835 2200 exiguis
851 2102 980 2174 militiae
1001 2099 1158 2200 reliquiis
1179 2102 1353 2198 integram
1374 2096 1494 2172 aemuli
1510 2121 1657 2172 manum

352 2239 519 2296 attentare
537 2219 742 2295 formidans.
794 2225 980 2323 Interjecto
998 2240 1177 2324 tempore,
1193 2227 1343 2317 receptis
1367 2221 1483 2318 pretio
1499 2221 1655 2318 captivis,

351 2369 498 2418 securus
523 2347 650 2417 lutiam
674 2343 762 2418 adiri
783 2347 970 2420 constituit
1037 2347 1242 2446 Peragrsuti
1266 2345 1427 2418 Fiouiam
1452 2341 1656 2417 Ehbonise

351 2466 423 2540 vita
438 2467 625 2542 nunciatur
641 2489 815 2542 excessus.
867 2470 980 2566 Cujus
994 2467 1066 2542 fato
1081 2468 1274 2568 dejectus1‚
1292 2467 1408 2540 relatis
1424 2468 1461 2538 iu
1479 2465 1658 2540 Sialandi-

352 2613 410 2660 am
430 2589 552 2686 copiis,
568 2584 724 2687 praesens
747 2588 833 2663 belli
847 2592 1072 2688 propositum
1090 2590 1228 2681 deserit,
1252 2589 1472 2687 militemque
1487 2588 1659 2689 plangere

352 2735 463 2810 quam
481 2712 650 2785 aemulum
666 2718 840 2786 incessere
860 2713 993 2786 maluit.
1040 2711 1141 2786 Adeo
1159 2715 1252 2786 enirn
1269 2710 1481 2789 familiariter
1496 2738 1540 2787 eo
1561 2739 1658 2804 usus,

351 2850 393 2906 ut
406 2831 492 2904 nihil
507 2839 542 2904 in
556 2833 647 2924 foro,
673 2832 761 2906 nihil
775 2840 811 2906 in
827 2836 950 2908 castris
975 2835 1114 2934 absque
1135 2836 1246 2933 ipsius
1277 2834 1575 2910 administratione
1589 2862 1659 2910 cu-

351 2972 463 3046 raret,
488 2955 597 3053 inque
615 2932 757 3054 privatis
775 2982 818 3030 ac
833 2956 986 3056 puhlicis
1008 2958 1157 3056 negotiis
1180 2981 1330 3055 prorsus
1346 2983 1389 3030 ex
1414 2959 1494 3056 ejus
1509 2957 1658 3030 arbitrio

273 3075 276 3082 ’
353 3080 594 3174 sententiaque
612 3077 791 3176 penderet.
817 3085 862 3154 At
878 3080 940 3154 ubi
961 3103 1084 3154 recens
1099 3078 1232 3152 funeris
1247 3103 1382 3154 moeror
1392 3077 1556 3172 exolevit,
1572 3077 1658 3152 hel-

354 3196 430 3271 lum
454 3216 661 3293 novaturus,
684 3225 752 3299 per
773 3204 931 3274 Fioniam
956 3207 992 3274 in
1009 3204 1139 3276 lutiam
1157 3199 1368 3291 decurrens,
1393 3203 1661 3303 Wibergenses‚

353 3321 534 3420 regiorum
552 3320 776 3422 vectigalium
790 3326 1041 3398 immunitatem
1062 3340 1195 3422 pactos,
1219 3324 1265 3398 ad
1280 3324 1377 3398 hello
1396 3351 1463 3424 pro
1482 3349 1521 3397 se
1539 3327 1661 3400 susci-

354 3440 485 3541 pienda
497 3442 672 3540 perduxit.
723 3447 803 3520 Huc
817 3449 976 3520 Canutus
994 3448 1130 3546 magnis
1146 3449 1288 3522 orientis
1307 3447 1442 3522 viribus
1457 3453 1661 3522 succinctus

352 3563 550 3657 advehitur,
565 3565 780 3642 victorhand
797 3567 907 3641 dubie
922 3568 1074 3660 futurus,
1090 3574 1136 3661 ni,
1151 3569 1380 3644 suadentibus
1392 3571 1523 3662 amicis,
1540 3597 1662 3669 eque-

353 3704 461 3762 strem
477 3688 634 3762 militiam
649 3687 803 3788 pedestri
817 3705 994 3764 mutasset.
1032 3690 1212 3789 Siquidem
1232 3695 1420 3791 optimates
1435 3696 1526 3793 ejus,
1542 3719 1663 3792 supc-

353 3813 487 3916 riorum
501 3811 679 3886 bellorum
696 3812 883 3906 admoniti,
909 3813 1044 3913 quibus
1061 3840 1137 3886 rem
1154 3814 1340 3888 infeliciter
1358 3815 1554 3914 equitando
1569 3841 1664 3915 ges-

352 3957 442 4028 sere,
466 3963 511 4008 ne
526 3935 621 4036 fugae
637 3936 784 4010 facultas
802 3939 951 4034 ignavos
972 3934 1162 4034 abriperet,
1187 3949 1428 4012 necessitatem
1448 3936 1513 4012 sibi
1531 3936 1667 4010 inferre

351 4072 524 4133 tentantes
548 4084 726 4158 equorum
760 4058 976 4132 adminicula
1002 4058 1252 4133 submovenda
1280 4061 1465 4135 duxerunt.
1530 4063 1665 4134 Canu-

352 4194 428 4252 tum
452 4206 535 4253 curn
559 4183 682 4282 paucis
708 4181 888 4282 equitibus
914 4180 1072 4279 peditum
1101 4185 1261 4256 medium
1285 4182 1540 4274 faciunt,belli
1574 4211 1667 4257 me·
1752 4191 1753 4240 ἶ

352 4300 418 4371 rita
449 4311 715 4377 aestimaturum.
774 4307 846 4376 Nec
866 4302 951 4378 alias
973 4307 1089 4380 Sveno
1113 4306 1222 4380 rebus
1239 4307 1312 4380 suis
1334 4305 1530 4403 impensius
1554 4303 1668 4380 difli-

353 4419 470 4497 debat.
538 4431 584 4501 Ut
606 4443 722 4502 autem
744 4425 864 4503 hostes
887 4428 983 4502 ultro
1004 4426 1134 4502 militiae
1163 4427 1418 4529 expedimentis
1444 4431 1524 4502 exui
1559 4429 1670 4521 vidit,

399 4755 594 4840 'CuJirssaso
615 4755 846 4838 desectulelaeo
868 4759 906 4822 ad
924 4779 972 4822 ve·
1035 4758 1206 4843 lingornm,
1230 4761 1264 4824 in
1293 4783 1352 4846 qus
1384 4759 1490 4824 eadem
1511 4762 1672 4843 leguntur

352 4860 474 4926 ritatem
494 4859 615 4940 afferri,
639 4873 766 4928 testetur
787 4865 857 4929 hist.
877 4867 972 4948 linyt·
1031 4885 1063 4947 p,
1082 4863 1277 4947 357.(1²auto
1291 4881 1363 4934 ante
1377 4870 1397 4932 l.
1411 4871 1502 4933 odere
1521 4870 1610 4952 ttg.)
