3524 5460
693 319 926 390 NlCOLAUS.
1333 315 1408 394 617

152 529 216 604 eed
240 534 345 602 etiam
366 551 467 602 arma
488 527 694 602 deformiter
716 526 949 626 objectantem
978 525 1097 602 nando
1121 527 1244 627 lugam
1275 553 1460 629 capessere

151 653 278 752 coegit.
330 655 469 744 Ericus,
489 652 712 749 imperatoria
732 675 805 749 ope
828 649 1005 730 defectum
1027 673 1067 722 ae
1090 649 1235 741 videns,
1261 677 1330 751 per
1350 675 1458 726 eum-

151 801 246 848 mam
262 775 369 848 animi
387 769 628 874 aegritudinem
653 771 834 845 orientalia
849 774 1019 870 repetivit.
1076 774 1335 873 Superveniunt
1351 773 1458 875 legati

152 901 331 998 aldagno,
346 901 451 998 rege²
473 897 767 993 Norragienium
794 897 901 986 nibai,
918 897 1091 994 majorem
1107 897 1234 970 Canuti
1249 895 1368 988 filiam,
1392 895 1458 972 eed

150 1023 314 1098 nondum
339 1021 471 1119 nuptiis
493 1023 760 1116 tempestivam,
793 1021 874 1117 ejus
897 1019 1066 1116 conjugio
1085 1021 1235 1116 petimri.
1294 1023 1471 1114 Quorum'

150 1145 364 1244 legationem
382 1147 510 1216 Erioue
534 1139 857 1214 contrahendarum
881 1144 1009 1215 virium
1034 1165 1100 1240 ape
1121 1140 1365 1215 favorabiliter
1385 1140 1458 1215 ba-

150 1267 239 1358 buit,
266 1267 406 1365 excepit
421 1263 599 1354 alacriter,
625 1270 772 1362 cupiens
792 1264 1024 1338 finitimorum
1046 1261 1174 1336 auxilia
1188 1261 1359 1338 affinitatis
1384 1263 1457 1336 be-

150 1389 280 1462 nelicin
296 1409 515 1486 comparare.
535 1389 617 1483 lpse
634 1409 795 1483 quoque,
810 1385 913 1462 bellie
927 1391 1038 1460 otium
1053 1383 1369 1483 interpellantibus,
1384 1383 1456 1458 ad·
1499 1401 1504 1415 ’

150 1511 226 1584 buc
240 1511 413 1610 conjugio
430 1531 578 1598 vacuus,
592 1530 782 1582 novercam
799 1511 920 1608 Magni
926 1513 957 1600 ²,
972 1509 1263 1607 Norvagiensium
1273 1508 1458 1608 quondam

121 1665 124 1674 ·
151 1639 324 1733 reginam,
338 1647 464 1730 utpote
479 1627 609 1729 dignus
625 1627 694 1702 hac
707 1633 913 1730 nuptiarum
927 1630 1177 1721 vicissitudine,
1193 1629 1333 1706 favente
1351 1633 1456 1730 ejus-

149 1755 237 1828 dem
253 1755 429 1853 pn'vigno,
454 1755 612 1852 suscepit
626 1779 781 1827 uxorem.
1250 1727 1258 1742 ⁸

284 1849 462 1972 Hybe'rnie
486 1878 607 1974 itaque
624 1901 692 1974 per
711 1882 867 1976 quietem
883 1878 1032 1969 exactis,
1066 1874 1223 1950 recidiva
1249 1874 1333 1950 belli
1359 1891 1456 1950 tem·-

148 1999 453 2097 peatasefferbuit.
521 2003 611 2070 ttam
634 1999 802 2075 Nicolaus
827 2005 1031 2074 occasivum
1048 2001 1172 2074 Daciae
1198 1999 1342 2072 militem
1362 2024 1456 2072 con-

148 2119 329 2213 trabebat3
353 2125 489 2211 Ericus,
508 2119 721 2227 Christierni,
736 2114 1022 2222 splendidissimo
1042 2123 1133 2194 inter
1156 2123 1257 2195 tutos
1277 2119 1359 2192 loco
1374 2121 1456 2210 nati,

148 2243 333 2342 promiscis
357 2259 513 2333 erectus,
539 2245 706 2320 Orientis³
725 2245 853 2319 auxilia
872 2269 1006 2344 pugnae
1032 2257 1224 2342 comparat
1283 2245 1317 2316 la
1335 2243 1455 2340 Magni

149 2363 275 2438 edica
301 2365 450 2439 Nicolao
465 2365 649 2459 deficiens,
676 2370 774 2440 enixe
794 2392 834 2441 ae
853 2369 958 2440 Erico
975 2364 1183 2440 adfuturum
1205 2360 1455 2462 spoponderat.

149 2491 276 2562 Petrus
301 2511 401 2579 vero,
425 2486 711 2562 lioslrildensium
729 2489 898 2588 pontifex,
913 2489 1057 2562 Ericum
1077 2511 1247 2587 corpore,
1272 2483 1454 2558 Nicolaum

148 2616 270 2682 animo
291 2610 544 2704 comitabatur,
576 2627 674 2684 metu
698 2611 863 2703 alterum,
891 2610 1042 2684 alterum
1070 2611 1210 2682 caritate
1235 2608 1454 2706 complexus.

149 2731 222 2806 Sed
238 2731 385 2804 Hataldi
403 2732 507 2808 lavor
527 2735 618 2806 inter
642 2734 813 2808 ruborem
839 2749 874 2808 et
903 2731 1028 2807 odium
1056 2734 1152 2808 varie
1179 2731 1369 2806 fluctuatus
1392 2745 1454 2802 est.

147 2859 195 2929 Ut
216 2857 312 2928 enim
326 2853 459 2929 Nicolai
475 2872 589 2930 castra
600 2857 804 2931 verecunda
820 2855 969 2956 pudoris
990 2853 1213 2930 meditatione
1236 2853 1380 2944 vitabat,
1406 2853 1453 2926 ita

146 2977 266 3051 eruta
295 2976 540 3076 prelationem
575 3003 744 3077 perotus,
779 2981 937 3054 militiam
967 2981 1046 3078 ejus
1074 2977 1205 3052 invidia
1228 2974 1453 3050 deuertebat.

146 3101 272 3196 ltaque
293 3102 513 3200 paneqejus
530 3125 613 3174 cum
636 3100 780 3176 duobus
806 3119 974 3201 spectatae
990 3099 1118 3174 indolis
1136 3099 1214 3172 [iliis
1238 3103 1357 3200 specie
1371 3121 1454 3170 ma-

147 3223 203 3320 gis
217 3245 331 3320 quana
355 3221 601 3323 benevolentia
624 3225 922 3323 prosequebatur.
985 3228 1111 3324 Neque
1136 3223 1228 3296 enim
1254 3223 1286 3294 ei
1311 3221 1452 3320 parcius

146 3341 342 3420 adversum
362 3326 583 3444 germanum,
608 3371 629 3418 a
652 3373 727 3446 quo
743 3369 782 3422 so
796 3349 832 3422 in
847 3353 946 3449 regni
972 3352 1138 3447 petitione
1161 3359 1369 3444 superatum
1394 3343 1453 3418 vi-

148 3609 268 3694 lendit,
291 3592 538 3700 quod¹'lbngiora
562 3617 708 3702 temporie
728 3617 776 3680 ln·
832 3609 988 3682 Snorroue'
1008 3615 1140 3679 Sturlaeo
1163 3613 1238 3694 (rol.
1259 3617 1298 3677 lll
1324 3635 1355 3698 p.
1376 3609 1454 3692 teti)

147 3721 282 3784 metallo
295 3721 484 3785 obsidionem
493 3723 618 3786 Slearici
631 3725 669 3786 ab
686 3743 775 3810 expe·
833 3721 1032 3800 Citriatinam,
1064 3719 1157 3784 liliam
1182 3721 1291 3786 Canuti
1314 3719 1453 3796 letardi,

147 3825 269 3890 ditione
296 3827 436 3921 Lotbq'i
469 3829 609 3910 rejunxit.
692 3831 773 3894 Saxo
833 3826 865 3889 in
877 3827 1100 3890 matrimonium
1116 3827 1253 3905 duxerat,
1273 3825 1327 3889 aad
1351 3826 1452 3911 aliquo

145 3945 252 3996 autem
265 3934 298 3996 in
311 3936 409 3999 altero
421 3936 773 4021 exceasupeccat,Adol-
832 3944 971 4016 tempore
998 3931 1159 4016 interjecto
1179 3934 1295 3996 camin
1322 3931 1452 4018 patriam

143 4037 168 4100 fi
189 4039 311 4102 cladem
334 4041 558 4129 complaceam
581 4042 772 4128 imperatoria
831 4039 997 4102 remiserat.

142 4158 234 4208 arcte
246 4146 384 4230 jungens.
425 4147 589 4212 Probabile
602 4161 701 4211 autem
717 4158 772 4227 eat,
877 4151 1063 4210 2Nouereem
1088 4141 1209 4229 Magna]
1239 4139 1452 4220 Malmiridam,

28 4242 37 4277 '¹
142 4253 366 4336 imperatorem
382 4265 526 4338 vergente
545 4273 624 4316 anno
647 4251 724 4315 1131
740 4255 772 4314 in
828 4273 966 4316 sororem
992 4251 1189 4336 lugeburgae,
1217 4249 1315 4319 uxou'a
1345 4248 1451 4312 Canuti

141 4359 343 4422 cananiam
363 4344 520 4439 ’reama
561 4357 648 4420 anteo
672 4371 772 4420 auom
830 4357 1175 4442 anaietanenagis
1195 4355 1451 4444 metaneam.

139 4463 222 4526 anni
247 4467 400 4548 sequentia
425 4467 590 4530 Slearicum
615 4461 772 4526 obsidione
830 4485 879 4526 em
901 4461 1024 4547 Sigerdi
1043 4463 1131 4546 regia,
1154 4461 1191 4523 de
1209 4483 1268 4545 qna
1293 4459 1354 4523 rid.
1371 4459 1451 4522 nist.

136 4569 243 4633 fune
258 4570 409 4650 cinctnnr,
430 4569 575 4634 bdelium
592 4583 693 4636 autem
714 4569 772 4633 tub
830 4589 896 4654 reg·
911 4573 1042 4651 Narrag.
1057 4571 1096 4630 lli
1108 4589 1139 4651 p.
1158 4565 1227 4645 170,
1245 4564 1316 4630 411.

137 4674 242 4738 finem
259 4674 373 4758 hyemis
388 4677 501 4741 vietum
521 4675 623 4743 luisse.
875 4672 1036 4755 'Ort'entt’sJ
1046 4673 1244 4738 Orientalium
1257 4673 1365 4736 Danite
1380 4691 1451 4757 pro-

192 4785 338 4866 *Magno
363 4782 443 4868 repe]
463 4788 590 4868 Magnus
614 4784 683 4862 ille,
711 4781 770 4845 iili·
831 4779 1006 4856 vinclorum,
1028 4781 1198 4860 sialandiae,
1212 4780 1337 4846 Scaniae.
1379 4777 1449 4858 (Ed.

133 4910 176 4954 ut
207 4885 333 4970 Sigurdi
361 4889 660 4973 Hierosolymipete,
695 4900 772 4952 teate
827 4907 873 4969 pr.
898 4889 1032 4968 erectus).
