3536 5462
608 251 937 392 samositanus
956 319 982 390 ι.
1064 420 1068 426 ¹
1323 319 1397 409 aaa

136 520 301 601 anchoris
316 521 437 598 locunt
453 523 641 624 cepissent,
656 526 769 616 veriti,
784 527 832 600 n'c
846 533 972 600 corum
986 523 1140 624 navigia,
1165 527 1275 600 vento
1288 525 1450 602 circum-

137 647 293 741 tomas,
317 643 399 722 solo
423 648 576 748 propius
597 646 724 722 adada
742 663 928 722 nummum
954 651 1114 745 equitum
1138 649 1327 746 irruptioni
1342 666 1452 750 pato:

136 785 224 862 rent,
249 771 452 846 conscensis
464 769 653 862 naviculis,
679 785 853 871 quantum
869 769 948 869 ripa
965 792 987 842 a
1003 766 1187 868 profirndo
1200 766 1355 865 distaret,
1378 799 1452 848 cu-
1563 775 1566 783 '

137 896 232 970 riusa
257 891 372 969 amnis
398 889 672 968 collustratione
694 889 884 994 explorare
901 906 1100 990 coeperunt
1151 891 1287 966 ldtcrea
1302 893 1452 994 quidam

137 1013 421 1092 elulinensibus
440 1037 542 1092 mero
555 1014 710 1109 solutus,
733 1013 799 1090 sed
818 1027 970 1090 venusta
985 1011 1185 1088 admodum
1200 1012 1365 1090 clientela
1383 1019 1452 1092 sti-

137 1155 257 1240 patus,
281 1139 406 1244 ripam¹
429 1137 643 1214 insolentius
673 1133 922 1237 obequitando
952 1137 1094 1235 petivit,
1135 1133 1365 1240 benigneque
1390 1143 1452 1235 eis,

138 1257 359 1338 Gutbsealco
381 1264 594 1362 interprete,
625 1258 769 1335 locutus
793 1274 905 1358 atque
929 1257 1079 1334 obsides
1102 1264 1200 1362 pacis
1229 1277 1374 1362 postero
1395 1263 1455 1339 die

139 1383 281 1462 dandos
304 1383 497 1484 pollicitus,
520 1381 683 1484 reliquiis
705 1407 829 1458 rerum
851 1383 954 1482 parci
979 1381 1178 1484 praedaque
1192 1382 1360 1462 abstineri
1376 1413 1453 1488 po-

137 1510 266 1611 poscit.
307 1511 389 1602 Quo
408 1503 596 1582 discedere
613 1505 769 1599 volente,
795 1527 924 1604 qaus,
951 1503 1160 1580 insolentius
1177 1505 1227 1581 ab
1242 1532 1287 1582 eo
1301 1511 1369 1608 per
1389 1511 1455 1610 ja·-¹

138 1631 308 1708 cuntium
332 1634 539 1718 musitatus,
553 1627 674 1704 subito
690 1626 796 1726 lapsu
812 1631 961 1719 corruit,
985 1635 1142 1728 eumque
1162 1630 1365 1705 vehementi
1381 1633 1453 1708 ictu

138 1755 250 1832 burno
264 1749 435 1829 inflictum
455 1773 551 1850 pene
564 1751 766 1826 exanimem
784 1752 981 1850 prostravit
1033 1753 1139 1827 Hunc
1152 1751 1320 1838 satellites
1336 1753 1455 1830 veloci

139 1901 291 1956 accursu
302 1879 481 1976 J‘acentcm
496 1869 660 1950 attollere
684 1872 816 1948 frustra
829 1876 948 1948 conati
961 1880 1065 1966 sunt,
1090 1879 1230 1975 quippe
1244 1876 1347 1972 cujus
1363 1899 1454 1951 sen-

138 1999 338 2096 susbalitn
350 1994 554 2090 intercluso,
570 1993 928 2096 magnitudincemus
942 1997 1050 2095 sopiti
1060 1995 1282 2093 viderentur3
1306 2015 1457 2075 nostro-

139 2151 223 2204 rnm
242 2149 333 2200 vero
358 2127 495 2223 sagittis
515 2119 615 2220 petiti
638 2117 853 2219 capiendum
878 2115 975 2194 hosti
994 2118 1124 2194 berum
1141 2118 1334 2221 liquerunt.
1386 2123 1457 2218 Qui

139 2249 305 2350 protinus
320 2241 515 2322 cavernulis
531 2239 722 2316 Absalonis
741 2245 778 2315 in
793 2240 1181 2344 scapham'conjectus,
1206 2241 1256 2318 ad
1269 2242 1458 2322 liburnam

141 2369 321 2459 delectur,
355 2365 419 2442 ubi
447 2369 527 2442 visu
558 2361 706 2440 demum
729 2379 905 2466 mmuque
926 2365 1089 2466 corporis
1115 2367 1341 2466 recuperato,
1364 2365 1458 2444 inter

140 2517 229 2572 suos
257 2515 298 2568 se
326 2490 558 2566 constitutum
587 2488 807 2580 existimans,
837 2488 1033 2564 assidentes
1060 2487 1189 2563 osculo
1211 2484 1456 2592 amplexuque

139 2615 295 2718 petebat.
347 2617 432 2708 Quo
452 2635 575 2688 errem
597 2612 709 2686 risum
725 2611 970 2710 spectantibus
987 2612 1179 2688 suscitarit.
1231 2613 1456 2690 intercoru-

140 2763 222 2818 mor
249 2736 343 2814 falso
368 2735 552 2836 dbpersm
587 2739 782 2810 exercitum
797 2733 914 2822 subit,
956 2729 1076 2808 hostes
1092 2731 1322 2832 impediendi
1341 2738 1456 2815 exitus

140 2861 261 2945 studio
278 2859 589 2961 Swyuensittostia
605 2859 739 2934 crebris
754 2879 951 2956 occupasse
964 2857 1125 2959 navigiis.
1169 2859 1285 2957 Cujus
1306 2863 1456 2960 opinio-

139 2993 197 3062 nis
218 2981 331 3064 lidem
359 2981 458 3058 idem
482 2981 662 3058 barbarus
691 2989 879 3078 rumorem
907 2979 1067 3056 falsitatis
1097 2978 1286 3080 arguendo
1311 2979 1456 3080 levavit,

140 3105 325 3210 prefatus,
346 3127 539 3180 excussum
559 3103 639 3182 sibi
661 3103 962 3207 exploratumque
982 3100 1082 3199 fore,
1113 3102 1316 3178 Sclavicum
1338 3103 1457 3183 robur

140 3233 283 3308 Dacico
297 3227 482 3328 adequari
498 3253 574 3304 non
588 3251 706 3329 posse.
761 3227 868 3324 Quod
885 3230 916 3303 si
930 3231 1214 3302 Pomeranorum
1230 3227 1325 3304 vires
1339 3229 1457 3306 Polo-

140 3349 316 3428 neuuibus
338 3351 480 3426 sociatae
494 3349 592 3426 ferro
611 3377 696 3428 cum
710 3353 821 3426 Danis
833 3350 1033 3426 decernere
1050 3349 1271 3444 debuissent,
1296 3349 1403 3426 malle
1415 3377 1458 3428 se

83 3461 85 3464 ⁵
140 3481 326 3578 tertiusque
339 3495 448 3576 posse
461 3473 615 3548 Danicas
628 3489 747 3572 partes
763 3498 875 3575 quam
900 3472 1071 3550 adversas
1093 3473 1227 3550 fovere.
1277 3471 1458 3549 Caeterum

140 3605 171 3678 si
187 3596 334 3674 Polonis
348 3621 392 3672 ac
406 3593 539 3672 Sclavis
553 3611 677 3669 contra
693 3598 819 3673 Dauos
835 3595 1053 3673 dimicaturis
1069 3598 1174 3672 etiam
1191 3599 1364 3672 Saronico
1388 3623 1455 3672 ac-

140 3725 335 3800 cessissent
349 3718 501 3812 auxilia,
525 3723 661 3794 nescire
683 3743 742 3812 sc,
766 3745 878 3820 quam
906 3738 1043 3822 partem
1069 3720 1225 3794 vidone
1246 3723 1456 3821 propiorem

139 3863 237 3924 esset
250 3859 500 3948 auguraturus.
524 3845 605 3939 Qua
614 3845 874 3922 asseveratione
881 3859 1022 3920 nostros
1037 3838 1084 3916 ad
1100 3842 1355 3939 capessendam
1372 3869 1457 3918 cum

139 3969 303 4046 hostium
324 3979 533 4064 contemptu
555 3969 820 4066 navigationem
838 3967 1031 4044 alacriores
1047 3969 1160 4046 effecit
1171 3971 1201 4038 ¹·
1251 3971 1365 4042 Tanta
1381 3991 1455 4042 au·

141 4110 220 4170 tem
242 4094 380 4166 timoris
401 4093 455 4164 vis
475 4087 686 4166 Sclavornm
711 4094 852 4168 animos
872 4089 1119 4190 hebetaverat,
1142 4109 1185 4168 ut
1209 4116 1258 4166 ne
1280 4105 1458 4165 extremos

140 4213 305 4318 quidem,
321 4211 512 4290 sicut'olim
531 4231 801 4310 consueverant,
826 4225 1003 4291 incessere
1017 4229 1136 4291 tutum
1151 4213 1332 4292 ducerent.
1382 4215 1459 4288 Pe-
1565 4234 1566 4243 ¹

138 4357 222 4414 trus
236 4361 397 4438 qnoque,
419 4353 660 4435 cognomento
675 4335 818 4433 Toddo,
844 4366 927 4442 cum
946 4343 1129 4439 navigium
1147 4362 1255 4413 suum
1274 4335 1368 4438 palis
1380 4334 1432 4410 illi
1443 4375 1459 4395 -

193 4645 391 4704 ¹Atacrtom
405 4638 517 4726 effecti]
535 4643 570 4704 ln
587 4637 657 4700 bist.
672 4634 775 4718 ltuyal.
830 4633 966 4699 triduum
988 4654 1008 4698 a
1027 4629 1095 4695 lilio
1119 4627 1180 4696 100
1197 4629 1307 4696 mersit
1337 4629 1457 4716 argenti

135 4749 238 4814 etim
259 4747 299 4811 ds
318 4747 409 4828 bojas
430 4746 489 4809 riri
509 4745 689 4830 captivitate
706 4763 777 4805 nor·
832 4741 1004 4808 redemtum
1028 4755 1102 4804 este.

134 4868 242 4932 ratur,
262 4865 355 4938 atque
368 4853 502 4932 additur,
517 4853 602 4916 illum
616 4863 688 4936 post
704 4870 777 4935 qua·
