3536 5462
640 313 969 412 wennnmans
984 334 1009 409 1.
1356 335 1430 410 sos

98 547 102 559 ’
165 541 287 624 retum
318 543 456 620 indiciis
483 545 673 622 subnixam
705 543 867 621 reiclierc
897 559 1127 646 promptum,
1161 569 1229 619 nec
1261 548 1483 648 purgationis

166 684 288 770 partes
310 667 509 744 detrectare
533 671 759 756 sincerum¹;
794 669 1028 744 confessionis
1046 693 1133 742 vero
1147 671 1279 742 exitum
1294 672 1484 768 ancipitem
1560 665 1565 671 ’

167 791 266 884 sore,
299 815 410 891 quam
431 789 532 864 nulla
556 795 668 866 venias
696 789 870 866 certitudo
898 807 1145 890 precurreret.
1197 795 1247 863 tta
1279 813 1385 863 veras
1418 813 1483 863 re-

166 919 291 1014 sponsi
309 912 414 988 dator
435 911 627 988 consultori
648 917 881 1014 ignorantiam
907 914 1147 1014 praetendere,
1172 937 1282 1014 quam
1305 919 1340 985 in
1365 910 1485 986 dubiis

168 1036 414 1112 certitudinem
437 1041 656 1136 promittere,
680 1037 822 1112 fidelius
848 1035 955 1110 duxit.
1008 1041 1111 1112 Tunc
1133 1039 1277 1135 Magno,
1303 1036 1421 1108 omnia
1444 1059 1484 1108 se

168 1163 346 1235 veraciter
369 1157 577 1249 relaturum,
609 1163 639 1234 si
664 1163 805 1234 veniam
827 1160 1039 1236 confessioni
1061 1157 1288 1234 tribuendam
1314 1171 1485 1256 speraret,

172 1281 320 1372 dicente,
346 1281 523 1382 intrepide
540 1307 623 1356 eum
639 1281 706 1356 sibi
722 1300 867 1374 secreta,
894 1309 976 1384 qma
991 1283 1110 1376 vellet,
1138 1265 1355 1370 committere
1371 1278 1485 1378 jubet,

168 1403 310 1480 nulium
333 1427 457 1479 eornm
489 1403 657 1478 indicium
676 1403 733 1506 ad
753 1430 877 1504 regem
900 1431 942 1480 ex
972 1431 1012 1480 se
1035 1420 1279 1490 manaturum,
1304 1401 1485 1502 proeintus.

169 1530 264 1600 Tum
280 1525 343 1600 iilo
361 1552 504 1602 omnem
521 1526 728 1604 insidiarum
747 1526 909 1602 ordinem
933 1528 1135 1628 patefacere
1158 1532 1335 1628 cupiente,
1360 1526 1485 1604 tma-

166 1647 231 1725 lori
253 1653 492 1724 narrationem
516 1649 698 1724 admittere
719 1649 845 1742 noluit,
871 1677 917 1725 ne
940 1677 1019 1726 earn
1048 1651 1261 1728 sacerdotali
1290 1651 1483 1724 ministerio

168 1773 403 1848 confessionis
426 1771 510 1846 loco
538 1777 696 1869 recipere
720 1772 912 1848 rideretur.
969 1775 1102 1852 Suadet
1124 1779 1266 1874 itaque,
1299 1775 1482 1847 Sucronem

169 1911 205 1970 ct
217 1895 421 1970 Esbernrnn
436 1917 559 1967 secum
578 1893 761 1985 adhibeat,
785 1923 879 1996 quos
896 1901 933 1969 in
954 1897 1065 1972 rebus
1081 1901 1219 1972 arcanis
1239 1895 1400 1998 tegendis
1417 1899 1481 1968 in·-

168 2016 325 2094 dustrios
340 2023 436 2091 sciat.
490 2018 631 2112 Quibus
656 2015 820 2132 admissis
845 2020 1092 2121 Absaioniquc
1114 2019 1196 2094 data
1214 2019 1287 2109 fide
1305 2016 1484 2117 pollicitis,

167 2139 307 2240 absque
329 2142 410 2240 ejus
434 2143 658 2214 conniventia
685 2141 821 2215 nullam
845 2167 885 2216 se
914 2145 1098 2244 praesentis
1125 2149 1242 2217 arcani
1268 2141 1485 2214 mentionem

169 2278 331 2354 acturos,
371 2264 524 2362 Magnus
547 2261 756 2336 insidiarum
777 2269 904 2340 seriem
932 2289 952 2338 a
977 2269 1154 2367 principio
1180 2283 1338 2340 retexere
1367 2285 1484 2353 orsus,

217 2535 305 2596 ¹Nec
327 2535 540 2596 accusationem
564 2573 607 2594 ...
636 2529 800 2594 detrectare
855 2545 937 2608 etat,
966 2535 1081 2623 quippe
1101 2553 1231 2621 qnorum
1251 2531 1423 2596 testimonis
1446 2529 1485 2594 sd

168 2635 325 2718 edmerum]
350 2639 442 2701 Juxta
470 2637 551 2719 leges
575 2637 692 2700 Scaniae
715 2635 799 2722 (qvas
855 2659 919 2702 rem
933 2639 1153 2705 decernendam
1168 2639 1343 2704 sufficerent
1360 2640 1403 2716 (v.
1417 2655 1486 2702 ses·

170 2745 271 2830 tegam
291 2755 462 2807 nostrerum
478 2741 711 2827 provincislium
726 2743 799 2808 solas
855 2747 891 2810 ba
910 2747 985 2832 tegis
1004 2769 1096 2832 supra
1124 2744 1239 2827 citata).
1288 2747 1349 2811 Sed
1369 2745 1485 2830 jureja-

168 2862 240 2916 snte
260 2851 440 2936 abrogatam
461 2847 605 2930 judicium
629 2847 704 2912 terri
729 2869 799 2914 can·
854 2854 950 2916 raudo
980 2853 1094 2918 actoris
1131 2853 1211 2916 haud
1248 2853 1338 2916 dubie
1369 2853 1484 2916 firmari

169 2953 563 3040 dentisseriptaridentur‚
578 2953 801 3039 ideoqneusum
852 2959 1017 3046 oportebat
1036 2961 1267 3036 accusationem,
1289 2981 1356 3046 qua
1368 2977 1420 3024 reo
1433 2976 1485 3020 ne·

171 3043 236 3148 ejus
252 3073 402 3132 statuunt)
423 3081 492 3124 reus
506 3083 567 3124 non
585 3060 748 3125 tenebatur
768 3081 802 3124 se
852 3067 1024 3130 cessitatem
1036 3086 1068 3130 se
1080 3065 1227 3130 candente
1239 3064 1323 3127 ferro
1334 3061 1485 3150 purgandi

171 3165 256 3231 ferro
275 3166 422 3232 candente
449 3189 598 3256 purgare,
627 3165 685 3229 nisi
715 3179 801 3230 actor
848 3173 1030 3259 imponeret.
1071 3177 1105 3237 In
1130 3194 1163 3236 cs
1185 3194 1282 3250 causa,
1303 3170 1340 3235 de
1359 3193 1417 3260 que
1434 3169 1486 3234 hic

169 3275 393 3337 accusationem
419 3285 470 3336 aut
495 3275 587 3337 certis
611 3273 732 3338 testium
752 3275 798 3337 in·
853 3281 963 3364 agitur,
986 3299 1083 3365 neque
1106 3279 1199 3344 teste's
1219 3277 1362 3356 aderant,
1385 3295 1484 3364 neque

168 3379 255 3442 diciis
280 3391 332 3441 ant
351 3379 547 3460 jurejarando
566 3401 622 3444 suo
639 3381 797 3460 (orsaorsa
852 3385 1025 3470 juramento
1038 3391 1091 3450 res
1112 3385 1269 3448 vamtatem
1285 3383 1483 3450 accusationis

167 3487 233 3563 ert)
252 3483 442 3550 firmavisset.
483 3487 517 3548 tn
541 3489 658 3550 ceteris
681 3485 798 3570 tegibus
826 3475 833 3486 ’
855 3493 1035 3556 confirmare
1054 3505 1185 3578 poteret.
1206 3492 1317 3555 indicis
1339 3511 1413 3555 sero
1427 3491 1486 3554 cri·

168 3589 409 3678 provincialibus
419 3591 508 3654 simili
521 3589 640 3654 rstiorm
656 3591 736 3656 actio
746 3591 798 3654 fir·
852 3597 952 3676 minis,
982 3621 1051 3684 quae
1086 3619 1180 3685 quum
1207 3597 1280 3682 iuga
1314 3597 1485 3662 voluntaris

168 3696 369 3772 msudserst,
388 3695 680 3783 antequamjudicio
699 3696 798 3759 nomi·
840 3716 918 3766 ‘tum
950 3702 1048 3766 litera
1075 3705 1258 3790 intercepte
1292 3704 1483 3790 prabebant,

166 3816 309 3868 natorum
329 3804 478 3892 (Neeffni‚
500 3805 583 3890 qood
602 3823 660 3889 pro
682 3801 797 3886 judicio
851 3827 938 3872 reum
957 3808 1000 3872 its
1017 3811 1194 3888 onerabant,
1212 3823 1245 3872 ut
1262 3808 1484 3873 confessionem
1536 3861 1544 3876 ,

168 3907 327 3974 candentis
356 3907 433 3974 ferri
461 3910 660 3974 substitutam
688 3907 798 3990 suerat,
852 3914 880 3976 ei
899 3925 1080 3999 extorquere
1101 3935 1188 4000 posse
1212 3913 1396 3979 viderentur.
1430 3914 1482 3978 llis
1571 3943 1575 3950 ·

166 4035 217 4080 res
237 4017 468 4102 permitteretur
488 4013 530 4098 (v.
550 4016 727 4096 tincher,
745 4037 797 4081 om
851 4019 946 4106 igitar
974 4021 1084 4083 indicis
1117 4019 1283 4086 refellenda
1314 4032 1417 4095 erant,
1450 4034 1483 4084 ut

166 4143 242 4188 sors
258 4126 302 4206 gl.
323 4120 521 4206 Retterthing
541 4117 569 4202 ᾗ.
589 4121 654 4206 23).
683 4127 797 4209 Legem
853 4127 913 4194 hoc
931 4129 1159 4212 onereidsgnm
1175 4129 1367 4193 liberaretur.
1391 4127 1483 4220 Quod

164 4247 291 4314 quoquc
305 4241 489 4294 castrensem
508 4229 568 4290 hoc
585 4249 656 4292 casu
671 4229 797 4293 similem
853 4233 968 4298 eihand
977 4231 1064 4296 facile
1080 4234 1242 4299 succedere
1255 4247 1388 4321 poterat.
1412 4234 1498 4330 Vim¹

164 4335 366 4398 accusationis
381 4333 646 4399 confirmationem
654 4333 797 4418 exegisse,
852 4356 959 4402 corum
974 4339 1119 4423 negando
1144 4341 1334 4428 purgationis
1360 4341 1484 4430 quidem

163 4438 651 4518 ostendunthaecserbasexonis‚
662 4439 798 4526 quasia·
851 4446 1062 4510 necessitatem
1074 4448 1198 4524 esitare,
1216 4450 1417 4535 suspicionem
1432 4469 1485 4513 se·

162 4545 795 4632 nifirantmsgnocuriosissimetirus·-
848 4573 886 4617 ro
911 4571 1065 4636 nunqnsrn
1093 4556 1151 4618 nisi
1185 4554 1299 4636 judicio
1328 4554 1485 4620 candentis

161 4670 196 4718 se
205 4653 394 4739 purgationis
401 4665 503 4740 partes
511 4672 657 4720 recusare.
667 4652 796 4718 Duobus
849 4655 925 4722 ferri
943 4671 1054 4746 sponte
1072 4659 1230 4726 substando
1247 4680 1272 4726 ·s
1291 4681 1324 4725 se
1341 4681 1483 4726 amovere

162 4769 268 4823 umen
286 4761 424 4842 testibus,
457 4763 545 4826 sicuti
561 4759 723 4847 requirunt
749 4761 795 4824 in·
849 4778 983 4854 poteret.
1021 4771 1100 4832 Hac
1119 4781 1200 4848 sune
1223 4789 1292 4859 quas
1314 4768 1360 4832 his
1379 4766 1483 4832 serbis

160 4865 285 4933 tardum
304 4871 386 4952 leges
405 4867 619 4954 provincialem
634 4889 697 4973 npn
717 4889 795 4956 opas
850 4873 986 4941 Absslon
1008 4863 1181 4942 emico¹suo
1202 4875 1396 4943 deliberande
1419 4871 1479 4938 det.
