3524 5460
499 289 720 362 svesona
774 289 1103 364 WALDEMattus
1127 292 1151 364 1.
1346 291 1419 372 733

152 503 261 600 piant.
322 497 377 572 ad
398 497 478 572 haec
502 523 700 574 memorem
715 523 796 574 esse
810 499 931 600 jubet,
957 502 1098 600 quotics
1113 503 1243 602 exigua
1259 525 1388 576 manus
1406 503 1467 573 in-

150 648 239 726 gens
259 625 418 698 victoriae
434 621 546 698 decus
561 624 747 722 acceperit.
794 627 920 724 ltaque
932 627 960 696 si
977 626 1116 697 animos
1130 648 1291 716 suorum,
1306 648 1378 697 non
1393 648 1468 696 nu-

152 771 293 822 merum
311 745 426 820 metiri
438 743 540 837 velit,
564 743 648 844 plus
672 744 814 822 fiduciae
832 769 875 820 ex
902 769 1029 820 eornm
1045 747 1221 844 paucitate
1247 773 1356 846 quam
1382 771 1467 820 mc-

152 887 211 946 tns
226 895 270 944 ex
287 867 446 944 hostium
462 866 684 944 multitudine
697 866 974 968 concipiendum
991 867 1111 944 fuisse.
1163 875 1336 944 Praeterea
1355 870 1468 942 aciem
1599 883 1602 890 '

152 992 332 1068 contemni
351 994 470 1090 potins
495 1015 607 1090 quam
632 995 744 1064 metui
767 990 911 1084 debere,
938 1015 1049 1092 quam
1067 1017 1139 1064 non
1166 991 1317 1069 militum
1342 991 1468 1084 robur,

152 1116 218 1192 sed
234 1113 365 1216 vulgus
380 1115 516 1189 inerme
530 1115 775 1188 construxerit.
826 1118 903 1187 Hac
919 1113 1160 1189 exhortatione
1173 1141 1307 1216 regem,
1322 1118 1466 1192 salutari

154 1239 308 1344 concilio
328 1236 541 1338 depulsum,
565 1227 768 1336 pernicioso
792 1261 918 1338 parere
931 1240 1059 1338 coegit.
1119 1243 1173 1314 Ex
1192 1257 1292 1341 parte
1313 1239 1467 1315 Walde·

152 1369 239 1438 mari
264 1365 436 1464 juventus
459 1361 669 1462 ferrugineis
690 1365 869 1436 succincta
896 1362 1044 1438 tunicis²
1073 1359 1235 1437 dextrum
1264 1367 1352 1439 aciei
1374 1365 1468 1441 lutus

153 1485 367 1562 coniecerat.
426 1487 542 1580 Quam
557 1486 741 1559 Svenonici
755 1483 804 1559 ob
823 1485 986 1558 eximiam
1011 1487 1095 1562 ferri
1118 1486 1382 1564 similitudinem
1398 1512 1468 1561 va-

153 1611 208 1684 rio
222 1608 413 1684 loricarum
428 1633 560 1707 genere
574 1607 747 1682 excultam
769 1607 845 1696 rati,
870 1608 1000 1679 ineam
1021 1607 1208 1684 cohortem
1225 1611 1394 1684 exercitus
1412 1609 1468 1684 sui

153 1759 309 1810 cuneum
326 1731 596 1808 destrinxerunt.
654 1735 700 1803 At
714 1729 777 1802 ubi
796 1731 914 1829 specie
930 1729 1101 1831 deceptos
1125 1757 1163 1807 se
1180 1732 1319 1826 vident,
1351 1732 1398 1806 ab
1412 1729 1468 1806 bis

154 1849 207 1930 ad
221 1863 355 1956 regiam
377 1854 595 1954 phalangem
619 1851 789 1926 insultum
814 1854 1039 1928 transferunt.
1095 1853 1187 1930 lllud
1212 1879 1362 1956 quoque
1382 1877 1467 1926 me-

152 1997 299 2056 moratu
321 1978 490 2080 dignum,
515 1975 617 2078 quod
635 1974 851 2051 Waldemari
881 1979 1073 2051 exercitum
1096 1997 1168 2054 tam
1192 1979 1307 2056 crebri
1330 2002 1468 2052 corvo-

152 2131 237 2179 rum
253 2097 402 2202 greges²
419 2099 651 2175 intervolasse
669 2095 881 2197 produntur,
906 2115 947 2173 ut
964 2102 1169 2200 complures
1188 2128 1228 2177 se
1253 2107 1375 2178 erectis
1393 2101 1466 2172 mi·-

149 2225 255 2302 litum
276 2226 386 2300 hastis
417 2219 596 2301 feriendos
622 2222 829 2323 objicerent.
904 2224 1045 2300 Medius
1069 2233 1164 2301 acies
1196 2223 1468 2324 interequitabat

56 2381 62 2395 *
152 2369 291 2442 cantor,
306 2355 368 2451 qui
387 2345 633 2448 parricidalem
650 2348 821 2420 Svenonis
840 2347 1030 2445 perfidiam
1046 2347 1184 2422 famoso
1200 2351 1356 2422 camnine
1372 2374 1467 2447 pro·
1552 2425 1555 2438 ,

151 2470 571 2578 sequendoWaldemari
585 2470 711 2544 milites
728 2495 796 2569 per
812 2493 988 2546 summam
1007 2467 1170 2546 vindictae
1187 2471 1467 2548 exhortationem
1538 2531 1546 2548 a

151 2609 192 2674 in
203 2597 339 2673 bellurn
355 2592 570 2688 acoepderet
596 2595 848 2692 congressuris
858 2618 962 2691 sepes
970 2593 1116 2694 frugum
1130 2595 1315 2668 ambitrix³
1336 2593 1466 2668 obsta-

147 2717 1465 2820 betonemneutroequitatupropterpalorumeminentiaacuminatran-

148 2844 327 2924 scandere
342 2859 593 2943 praesumente,
619 2837 837 2914 Waldemori
853 2821 986 2939 pedites
1005 2839 1165 2940 disjicere
1180 2847 1347 2942 aggressi,
1362 2867 1466 2942 pug-

147 2995 213 3046 nae
229 2967 442 3066 principium
457 2961 654 3038 ediderunt.
707 2966 787 3056 Qua
801 2967 986 3040 Svenonici
1004 2964 1074 3040 levi
1092 2971 1234 3068 negotio
1249 2968 1347 3057 victi,
1371 2989 1468 3064 aegre

149 3095 282 3192 sugam
295 3088 543 3162 moliebantur.
596 3086 741 3185 Quippe
756 3093 853 3186 eqni,
868 3105 1045 3162 nocturno
1063 3087 1182 3162 adhuc
1204 3089 1343 3188 pabulo
1367 3113 1484 3186 unu-¹

146 3217 209 3308 ati,
222 3227 490 3314 perseveranter
508 3235 652 3285 cursum
662 3210 845 3287 intendere
859 3235 931 3285 non
950 3211 1129 3304 valebant,
1154 3211 1253 3312 quod
1276 3215 1467 3288 saturitatis

146 3338 269 3416 moles
290 3337 395 3413 eitam
411 3337 461 3408 eis
475 3331 718 3408 lassitudinem
737 3335 932 3437 ingerebat.
992 3337 1193 3436 Primipilus
1210 3340 1300 3438 ipse,
1317 3353 1352 3410 et
1369 3361 1466 3438 equo

146 3469 192 3540 in
212 3463 351 3536 hostem
373 3481 567 3534 conversus
592 3481 809 3558 sparsosque
837 3460 924 3562 fuga
948 3464 1065 3537 socios
1087 3457 1134 3532 ad
1152 3457 1312 3560 pugnem
1331 3485 1466 3559 capes..

145 3583 306 3674 cendam¹
317 3585 490 3673 hortatus,
515 3577 670 3670 tandem,
688 3585 952 3681 circumspectis
969 3609 1148 3684 nusquam
1158 3584 1306 3676 auxiliis,
1324 3588 1467 3683 signum

143 3713 255 3788 humi
272 3705 428 3782 defixum
444 3705 581 3780 sinistra
597 3704 818 3805 complexus,
844 3703 966 3778 dextra
991 3711 1143 3805 propius
1167 3705 1374 3780 accedentes
1389 3705 1466 3777 ob-

143 3849 303 3912 truncat
355 3827 592 3920 adalanum,
609 3827 832 3902 memorabili
848 3853 971 3929 pugna
992 3829 1097 3920 edita,
1123 3830 1348 3904 circumfusae
1363 3825 1461 3902 mul-

203 4107 420 4190 ²Ferrngineir
524 4097 645 4182 tuniet‘e]
670 4102 783 4166 Ferrat-
834 4101 980 4166 (Ῐωιυειιηι
996 4105 1149 4166 victorium
1164 4102 1218 4164 siba
1232 4101 1467 4189 portendentem,

140 4213 260 4301 gineas
274 4211 390 4276 tunicas
404 4209 456 4274 blo
475 4207 620 4294 intelligit
635 4207 716 4271 Saxo
736 4221 781 4270 tu·
837 4210 925 4270 ritant
941 4231 1009 4271 cero
1033 4227 1203 4289 mosenum,
1224 4225 1258 4270 ut
1280 4211 1311 4272 a'n
1335 4231 1369 4271 eo
1389 4210 1467 4280 loco,

140 4321 239 4387 nius
250 4320 351 4406 pullae
367 4331 400 4384 et
416 4313 585 4402 ferruginei
600 4313 721 4378 coloris.
835 4335 891 4397 quo
905 4337 1023 4378 corvum
1037 4317 1147 4380 rideret
1166 4315 1360 4388 devoloatem,
1375 4318 1466 4380 ocrem

200 4427 326 4491 'Crebri
338 4449 489 4490 cornorum
497 4419 618 4509 greges]
634 4425 704 4486 Hoc
720 4419 783 4484 ior·
839 4425 1014 4494 instruente
1060 4419 1108 4485 die
1144 4439 1241 4485 autem
1261 4435 1383 4512 postero
1414 4422 1466 4486 loe

111 4607 115 4616 ,
138 4537 232 4602 siun
248 4553 350 4597 annm
367 4529 499 4618 praebuit
513 4525 626 4592 fabulae
639 4527 671 4590 in
684 4527 780 4590 histo·
840 4529 1046 4624 eventusua'sae
1060 4531 1284 4618 comprobatum.

137 4642 198 4708 ria
229 4639 467 4723 llnytliugorum
492 4647 623 4702 auratae
645 4655 677 4720 p.
701 4629 779 4698 371:

135 4752 249 4816 Nocte
266 4748 402 4834 probum
425 4748 561 4833 proselire
595 4744 782 4808 antecedente
888 4737 1040 4820 'Frugttm
1061 4739 1215 4820 auditrix]
1240 4741 1384 4826 segetem
1404 4734 1468 4798 siv·

137 4853 378 4920 Watdmurum
406 4857 518 4917 somnio
540 4853 645 4916 uidisse
665 4869 782 4938 patrem
841 4861 981 4930 campum,
997 4841 1121 4931 frugum
1140 4843 1272 4912 feracem
1293 4843 1436 4912 ambiens·
