3582 5466
378 278 453 357 578
723 281 899 354 HISTOR.
914 281 1020 354 DAN.
1035 280 1175 354 LIBER
1192 283 1251 356 xl.
1324 221 1326 226 Ι

328 493 484 592 prebuit
496 509 755 594 argumentum.
798 492 964 581 Quicum
983 491 1120 564 autistiti
1141 507 1317 566 noctuma
1333 491 1513 568 Wilbelml
1527 519 1636 568 man·-

328 615 409 688 data
433 621 684 715 prompsisset,
717 612 908 734 subridens
928 611 1084 712 praesul,
1117 613 1168 686 nil
1189 637 1228 686 se
1249 615 1368 686 mirari
1392 619 1521 717 inquit,
1553 622 1635 694 vitae

328 743 406 838 ejus
419 741 594 814 severitati
610 739 671 812 fati
692 737 853 811 habitum
875 735 1111 834 respondere:
1130 751 1208 808 suoe
1223 735 1452 814 nihilominus
1467 739 1634 814 solicitu-

328 863 419 936 dinis
449 863 544 952 lore,
578 860 755 960 collapsas
778 857 917 933 aedificii
943 875 1061 958 partes
1092 857 1249 932 reficere.
1307 862 1552 964 Quamobrem
1571 861 1634 936 diu

330 983 559 1084 postmodum
576 989 726 1056 intactus
738 981 921 1056 wilhelmi
937 981 1096 1056 tumulus
1114 985 1251 1075 mansit,
1277 982 1394 1058 donec
1407 987 1534 1062 uostris
1550 1009 1634 1060 eum

330 1109 550 1208 temporibus
572 1110 815 1195 Hermanuus,
845 1106 990 1202 majoris
1017 1106 1160 1178 sacrarii
1183 1129 1337 1202 praeses,
1363 1107 1633 1207 Arnlastusquc,

327 1230 460 1306 scholae
484 1231 696 1303 ministerio¹
725 1227 884 1316 functus,
910 1227 1121 1300 connivente
1143 1229 1274 1319 isaaco,
1297 1227 1427 1304 ruralis
1443 1231 1633 1305 sacerdotii

328 1359 534 1456 preposito,
558 1351 756 1450 parabilem
785 1351 897 1463 magis
920 1365 954 1422 et
983 1354 1072 1420 inter
1088 1366 1235 1422 caeteros
1248 1349 1482 1426 cultissimum
1498 1354 1634 1430 adver-

327 1495 458 1566 tentes,
491 1477 690 1548 Ascarianae
720 1469 914 1572 sepulturae
939 1475 1075 1570 gratia²
1105 1477 1235 1570 aperiri
1265 1475 1459 1572 jusserunt.
1519 1481 1632 1554 Porro

328 1602 424 1676 fossa
440 1599 488 1672 ad
505 1597 660 1674 solidum
680 1596 809 1687 humo,
841 1597 1083 1692 incorruptam
1107 1597 1264 1670 antistitis
1284 1613 1405 1698 togam
1421 1601 1512 1672 iuter
1524 1597 1632 1676 adesa

327 1725 406 1804 solo
428 1747 509 1798 ossa
523 1723 713 1820 reperiunt.
774 1718 915 1812 Quibus
941 1718 1107 1811 sublatis,
1141 1735 1235 1792 tanta
1257 1720 1459 1820 fragrantiae
1485 1725 1540 1798 ris
1556 1726 1633 1820 siue

329 1851 403 1927 ullo
421 1862 563 1921 auaore
583 1841 634 1915 ad
648 1845 948 1916 circumstantium
964 1866 1067 1916 nares
1087 1839 1195 1916 veluti
1213 1867 1233 1914 e
1252 1842 1360 1918 beato
1377 1844 1536 1943 quodam
1555 1871 1631 1921 un-

328 1987 540 2074 gnentorum
556 1967 652 2040 fonte
667 1968 838 2057 manavit,
862 1981 903 2038 ut
919 1991 1025 2038 nemo
1040 1962 1134 2038 coelo
1149 1966 1304 2062 potitum
1323 1966 1531 2068 ambigeret,
1557 1993 1632 2044 cu-

325 2099 385 2196 jus
417 2094 552 2168 cineres
581 2106 653 2164 tam
685 2092 774 2161 mira
802 2091 1019 2162 terrestrium
1048 2085 1203 2160 odorum
1231 2095 1384 2164 suavitas
1407 2089 1631 2188 perfudisset.

327 2225 426 2320 lpsas
439 2229 527 2292 vero
536 2215 823 2287 contrectantium
833 2235 958 2286 manus
967 2226 1058 2286 tanta
1069 2210 1290 2285 odoramenti
1299 2215 1490 2312 pmdnacia
1498 2216 1633 2287 astrin-

327 2345 386 2435 xit,
400 2355 442 2413 ut
459 2339 576 2438 ipsum
597 2334 715 2409 triduo
734 2332 870 2408 balneis
879 2359 920 2406 ac
943 2333 1093 2407 lavacris
1112 2349 1316 2408 attentatum
1336 2335 1484 2410 abolere
1497 2339 1633 2436 nequi-

327 2469 447 2540 verim.
506 2465 578 2532 Nec
600 2473 717 2530 tamen
742 2459 960 2529 sanctitatem
978 2458 1154 2548 cinerum,
1179 2474 1221 2530 ut
1237 2456 1372 2549 decuit,
1398 2465 1572 2551 venerati,
1596 2467 1632 2536 in

327 2603 518 2661 extremam
535 2603 597 2653 eos
613 2581 832 2652 monumenti
849 2595 987 2678 partem
1007 2579 1242 2680 applicandos
1255 2579 1435 2654 curabant
1474 2583 1632 2678 Sedne-

327 2733 400 2809 que
419 2703 689 2805 praesumptioni
711 2703 902 2800 impunitas
918 2701 1026 2774 affuit
1090 2701 1273 2802 Siquidem
1299 2703 1461 2804 sacrilegi
1495 2712 1632 2787 consilii

326 2847 487 2904 auctores
503 2824 710 2925 pestiferum
736 2823 895 2898 audaciae
910 2848 984 2900 suae
1000 2826 1132 2897 exitum
1145 2827 1279 2922 experti
1296 2844 1394 2922 sunt,
1420 2847 1632 2936 tantumque

266 2955 270 2962 ’
326 2959 483 3053 quisque
504 2947 671 3047 supplicii
693 2946 831 3039 retulit,
865 2963 1040 3044 quantum
1066 2945 1222 3019 violandi
1243 2947 1341 3024 busti
1363 2957 1541 3030 sententiae
1556 2964 1631 3034 im-

326 3073 460 3174 pendit.
517 3075 740 3143 Hermannus
762 3093 928 3168 namque,
960 3069 1029 3144 sub
1048 3069 1230 3145 Absolone
1254 3073 1465 3148 sacerdotali
1483 3081 1634 3156 consilio

326 3195 507 3285 assidens,
539 3217 682 3267 sacrum
710 3192 858 3266 naribus
878 3194 1019 3292 ignem³
1051 3200 1202 3292 excepit,
1235 3197 1340 3294 eujus
1363 3201 1398 3271 vi
1419 3223 1492 3273 non
1515 3201 1633 3279 solum

326 3323 489 3418 corporis
502 3315 674 3407 finnitate,
694 3315 758 3390 sed
774 3318 984 3390 etiamvoeis
1000 3317 1113 3391 officio
1124 3317 1307 3417 spoliatus,
1322 3319 1469 3422 elinguis
1483 3349 1525 3400 ac
1541 3353 1632 3404 mu-

325 3461 382 3518 tus
397 3457 476 3514 aute
489 3440 659 3534 triduum,
683 3456 867 3540 grassante
881 3438 984 3514 latius
1001 3441 1142 3533 ardore,
1159 3441 1321 3534 decessit,
1342 3441 1472 3546 dignus
1487 3473 1529 3522 ea
1543 3475 1631 3525 cor-

325 3556 425 3665 poris
451 3581 552 3665 parte
576 3565 711 3661 puniri,
729 3587 801 3662 qua
826 3561 982 3638 divinam
1009 3569 1168 3664 ingratus
1200 3565 1431 3667 fragrantiam
1454 3569 1633 3648 hauserat.

325 3691 400 3762 Nec
422 3687 592 3762 leviorem
606 3686 791 3760 Arnlastus
811 3709 996 3760 excessum
1019 3685 1161 3782 babuit;
1195 3692 1258 3787 qui
1281 3715 1365 3764 cum
1386 3695 1633 3792 impotentium
1691 3759 1693 3762 .

324 3835 522 3887 nervorum
540 3807 748 3920 hebetudini
775 3809 907 3883 mederi
921 3809 1042 3904 vellet,
1067 3813 1214 3910 potione
1241 3837 1310 3912 per
1333 3817 1504 3892 incuriam
1523 3843 1632 3895 sum-

1503 3987 1511 4032 l

372 4104 572 4188 ¹Mtatsaru]
592 4108 699 4194 Stepb.
722 4109 949 4192 exconjectura
1004 4119 1049 4172 eat
1078 4127 1157 4170 anuo
1188 4105 1268 4172 1158
1284 4107 1359 4188 (rid.
1377 4110 1474 4178 Subm
1498 4113 1578 4180 niet.
1599 4113 1639 4180 at*

325 4213 398 4278 eatis
426 4214 587 4298 probabili
607 4228 752 4300 posuerat
773 4221 949 4299 magr'steriu.
1001 4199 1111 4278 Danaa.
1122 4215 1182 4278 rol.
1195 4216 1251 4282 Vll
1267 4240 1297 4302 p.
1316 4215 1378 4300 11).
1411 4215 1523 4286 oblau
1548 4241 1634 4288 men-

325 4319 387 4386 Sed
399 4320 617 4402 Gbeyamerus,
646 4321 678 4384 in
701 4322 881 4408 compendio
895 4345 950 4388 suo
1003 4321 1120 4386 tionem
1134 4319 1210 4386 facit
1227 4327 1307 4388 Saxo
1322 4323 1375 4386 lib.
1389 4327 1470 4394 x1v.

324 4425 504 4492 Amlaatum
526 4449 636 4494 vocans
655 4431 868 4507 scholasticam,
887 4451 950 4494 non
1049 4431 1194 4492 'Sacram
1208 4432 1327 4492 nardus
1340 4428 1449 4513 Qum]
1459 4429 1540 4517 Ignis
1548 4451 1636 4498 Ιιωι·

324 4533 502 4618 magistrum
529 4535 669 4616 schole,
692 4534 816 4604 lectioni
834 4534 881 4600 ed.
900 4558 948 4622 pr.
1001 4555 1055 4598 seu
1068 4535 1213 4620 persium,
1234 4535 1272 4598 ab
1293 4535 1418 4619 ignest.
1430 4537 1559 4602 Antonii
1569 4537 1636 4604 sire

324 4638 429 4706 farere
443 4639 573 4704 ridetur.
1002 4643 1073 4726 igne
1086 4639 1229 4706 infernali
1246 4639 1398 4722 diversus,
1425 4656 1491 4707 erat
1502 4645 1635 4730 mycips-

370 4753 559 4814 ξΑιεινιίιιιιε
572 4746 950 4833 sepultaroegratta]bsce·
1005 4747 1074 4811 latis
1099 4745 1231 4832 speeies,
1262 4771 1332 4836 que
1362 4769 1443 4816 nune
1470 4753 1636 4838 erysipelas

324 4879 386 4939 rus,
404 4855 563 4942 episeopus
575 4853 791 4932 Roalildensis,
812 4867 951 4918 mortuus
1005 4853 1173 4918 ulceratum
1187 4854 1306 4922 dicitur.
