3508 5460
361 287 437 362 830
481 373 482 378 ¹
686 288 861 358 HISTOR.
878 287 983 358 DAN.
999 287 1141 358 LIRER
1156 288 1247 359 XlV.

311 513 381 591 tur,
408 521 428 568 a
443 499 568 597 Rugiae
585 497 776 595 complexu
799 495 950 594 parvula
968 495 1043 569 freti
1061 495 1341 586 interrivatioue,
1366 519 1450 592 quae
1471 497 1528 568 vix
1545 493 1615 566 ssu-

310 621 414 690 miuis
436 619 713 716 magnitudinem
745 645 892 720 aequare
913 617 1110 708 videatur¹,
1134 616 1378 714 abrumpitur,
1412 643 1457 690 ne
1480 641 1525 690 eo
1553 615 1615 687 loci

313 741 384 814 ulla
414 740 701 815 Archonensibus
718 743 845 816 auxilia
870 743 1157 842 porrigerentur,
1183 743 1318 830 missis,
1354 743 1414 838 qui
1435 743 1613 813 transitum

195 865 207 944 J
311 864 561 957 observarent,
585 864 799 965 hostemque
821 867 970 963 trajectu
993 863 1245 963 prohiberent,
1272 880 1398 938 caetera
1417 888 1526 934 manu
1549 888 1613 934 ur-

309 985 367 1058 his
383 985 608 1060 obsidionem
628 993 787 1089 arripuit,
813 1013 855 1061 ae
875 990 1031 1087 primum
1056 1013 1203 1088 operam
1216 991 1403 1084 tormentis
1426 983 1521 1056 vallo
1545 1009 1612 1081 ap-

265 1087 270 1095 ¹
310 1108 484 1208 plicuudis
505 1111 672 1198 exhibuit.
714 1111 884 1203 Absalon,
900 1117 990 1184 inter
1006 1111 1208 1208 manipulos
1223 1124 1420 1182 castrorum
1437 1107 1520 1180 loca
1538 1104 1613 1178 dis·
1706 1125 1709 1133 ¹

309 1232 463 1304 tribuere
485 1235 627 1330 jussus,
652 1233 863 1334 designandi
883 1233 1044 1307 officium
1063 1249 1267 1311 mensurato
1291 1237 1380 1302 inter
1397 1235 1510 1303 maria
1528 1254 1614 1326 spa-

309 1357 356 1426 tio
373 1355 626 1451 exequebatur.
673 1361 809 1430 Interea
825 1354 994 1454 oppidani
1012 1371 1152 1454 portam
1171 1355 1288 1446 urbis,
1314 1381 1390 1452 quo
1409 1355 1525 1425 minor
1542 1377 1615 1422 earn

308 1476 501 1548 attentandi
521 1477 668 1552 facultas
692 1495 847 1578 pateret,
880 1479 1011 1578 ingenti
1030 1474 1219 1574 glebarum
1243 1502 1373 1551 acervo
1396 1491 1615 1574 praestruxe-

307 1615 396 1686 rant,
422 1598 627 1699 aditumque
651 1617 772 1674 coaeta
795 1606 970 1700 cespitum
988 1625 1167 1700 compage
1177 1599 1392 1690 claudentes,
1419 1614 1558 1670 tautum
1575 1623 1613 1668 ex

308 1746 352 1794 eo
369 1747 480 1819 opere
495 1721 634 1795 fiduciae
651 1723 919 1815 contrahebant,
944 1742 983 1798 ut
999 1726 1133 1816 turrim,
1159 1748 1242 1822 quae
1265 1747 1375 1819 supra
1391 1737 1534 1819 portam
1551 1726 1613 1792 sita

307 1843 442 1935 fuerat,
475 1847 584 1944 signis
614 1862 749 1918 tantum
780 1849 981 1947 aquilisque
1009 1861 1245 1945 protegerent
1276 1848 1398 1916 'luter
1424 1867 1518 1942 quas
1542 1859 1613 1914 erat

309 1967 486 2059 stanttta2,
502 1967 743 2068 magnitudine
760 1996 802 2044 ac
821 1970 944 2046 colore
960 1972 1115 2070 insignis,
1123 1975 1178 2042 cui
1190 1985 1324 2041 tanturn
1343 1968 1578 2040 venerationis
1594 1992 1612 2036 a
1668 1979 1671 1988 ’

307 2087 447 2188 populo
470 2092 635 2192 Regiano
656 2092 828 2166 tributum
854 2111 923 2185 est,
958 2111 1131 2193 quantum
1159 2093 1319 2166 omnium
1347 2116 1440 2189 pene
1463 2089 1611 2164 deorum

306 2407 372 2458 erat
388 2394 501 2473 codiee,
523 2397 576 2478 qui
592 2397 623 2459 iu
638 2395 770 2460 editione
791 2394 929 2481 principe
987 2420 1102 2481 aquare
1119 2391 1268 2474 uideatur]
1284 2394 1317 2462 Si
1331 2395 1391 2457 hoc
1413 2415 1530 2470 rerum,
1552 2393 1610 2456 rio·

306 2501 385 2586 typis
409 2501 580 2585 divulgatus
604 2515 658 2564 est.
716 2506 821 2588 Neque
848 2503 931 2564 Tho·

305 2627 369 2668 mas
383 2606 541 2670 Gbeismer
558 2607 705 2694 (Langeb.
720 2612 784 2672 Ser.
799 2612 836 2671 R.
853 2613 932 2671 Dan.

304 2717 341 2788 ll,
364 2711 439 2791 379)
459 2713 634 2798 ηοφιεῘΑΙΙ).
646 2716 808 2778 lirantzius
819 2717 932 2798 (Wan-

304 2803 362 2882 dal.
379 2821 417 2896 V,
436 2817 500 2898 13),
524 2820 697 2884 vaticinium
714 2823 780 2905 regi
794 2822 930 2886 tribuen-

303 2938 368 3004 tes,
393 2925 425 2986 in
448 2927 509 2990 suis
534 2926 690 2989 codicibus
712 2927 787 2989 illud
809 2930 931 2992 invene·

302 3043 385 3092 runt.
435 3035 531 3096 immo
552 3053 612 3094 non
633 3031 704 3094 addi
723 3046 842 3118 potest,
871 3035 929 3098 nisi

302 3148 408 3219 postea
438 3138 548 3200 iterum
582 3139 710 3202 addatur
746 3139 928 3202 vocabulum

303 3267 363 3304 rex.
405 3246 491 3325 Nam,
509 3257 542 3306 ut
556 3245 586 3305 in
599 3247 864 3327 antecedentibus,
885 3252 926 3313 ita

302 3349 334 3409 in
359 3350 497 3431 proxime
519 3349 772 3436 subsequentibus
797 3353 835 3416 de
856 3375 928 3439 rege

302 3473 402 3517 sermo
425 3469 480 3518 est.
528 3457 618 3547 Quod
637 3457 720 3522 forte
742 3460 929 3523 animadver-

301 3574 368 3624 tens
395 3563 534 3626 lilotzius
564 3583 670 3628 rocem
694 3566 838 3628 insertam
865 3587 927 3628 non

296 3683 400 3734 tamen
414 3672 532 3755 rejecit,
547 3672 599 3734 sed
612 3674 644 3733 in
657 3674 771 3755 quidem
792 3673 928 3736 mutavit.

345 3775 529 3860 ³Witlzora]
558 3781 675 3840 Nomen
703 3779 855 3842 Slavicum
882 3791 929 3842 est

298 3889 444 3958 Wittow‚
474 3884 552 3945 unde
573 3885 604 3946 in
621 3903 684 3946 ore
701 3888 867 3962 Dareium,
889 3899 923 3948 ut

298 3989 403 4052 eadem
418 3990 557 4053 finiretur
571 3989 697 4072 syllaba,
719 4011 777 4073 qua
791 4002 840 4052 tot
862 3992 920 4052 alia

297 4095 418 4168 nomina
441 4097 566 4159 litorum
588 4093 786 4173 Danicorum,
807 4093 923 4158 ,facilli-

296 4223 344 4264 me
365 4203 493 4265 formari
513 4201 617 4287 potuit
639 4203 771 4262 Wt'tltb'r.
822 4206 922 4284 ineer-

296 4321 361 4370 tnm
372 4321 485 4387 tamen,
501 4322 603 4370 utrum
619 4307 672 4370 tali
688 4307 753 4370 usui
770 4308 851 4392 apud
867 4329 921 4371 no·

295 4423 404 4476 strates
418 4413 684 4499 fortassevulgeri,
708 4415 921 4500 anpotiusSa·

295 4521 381 4582 xenis
396 4522 443 4582 rel
459 4520 575 4584 librarii
586 4520 740 4606 eujusdam
755 4523 853 4584 errori
868 4524 921 4585 tri·

292 4625 448 4692 buendum
463 4627 512 4704 sit,
533 4627 617 4711 quod
638 4629 688 4692 bic
704 4629 848 4692 Wirltura
863 4651 922 4714 pro

294 4739 420 4797 Wittm
436 4733 571 4818 legimus.

990 2502 1081 2566 lentie
1097 2501 1187 2563 maris
1207 2513 1278 2586 post
1299 2498 1375 2562 illud
1404 2515 1525 2586 tempus
1550 2499 1609 2564 scr·

989 2631 1068 2671 mam
1086 2608 1192 2670 insulae
1213 2608 1247 2669 in
1270 2607 1328 2670 bae
1348 2619 1437 2690 parte
1457 2606 1539 2669 haud
1561 2630 1609 2693 pe-

989 2737 1057 2777 rum
1085 2711 1230 2789 mutarit,
1266 2713 1375 2774 multas
1405 2724 1503 2773 terras
1529 2711 1609 2795 equis

988 2820 1195 2903 submergens.
1251 2821 1327 2880 Nam
1356 2818 1609 2904 Tromper-Wiek

989 2923 1079 2988 hodie
1091 2926 1208 3007 amplus
1221 2935 1267 2987 est
1280 2925 1361 2986 sinus
1381 2923 1480 2987 maris.

1034 3029 1211 3110 2ὅταιιέτιίι]
1252 3031 1370 3092 Dubius
1403 3042 1469 3092 erat
1497 3029 1607 3113 primus

988 3136 1098 3214 editor,
1121 3137 1284 3199 assumite
1311 3135 1471 3220 legendum
1492 3157 1607 3209 nornen,

988 3264 1025 3304 an
1039 3247 1189 3314 Sruatiru,
1208 3242 1289 3327 quod
1306 3243 1337 3304 in
1358 3244 1496 3326 margine
1516 3263 1606 3327 appo·

986 3349 1055 3410 suit.
1088 3347 1269 3434 stephanius
1282 3360 1445 3434 utrumque
1460 3347 1607 3430 rejiciens,

986 3454 1299 3536 Somzrou'tipubaudi
1315 3453 1429 3539 aquila)
1449 3475 1548 3518 veram
1569 3454 1607 3514 lc·

986 3560 1119 3624 ctionem
1134 3574 1230 3647 putat.
1277 3563 1436 3645 Scriptor,
1465 3573 1606 3646 quantum

985 3669 1105 3746 seimus,
1127 3667 1360 3752 antiquissimus,
1381 3669 1444 3751 qui,
1461 3669 1605 3731 Saxonem

985 3790 1124 3838 nostrum
1147 3765 1282 3851 secutus,
1310 3794 1421 3836 nomen
1444 3774 1534 3858 hujus
1560 3793 1605 3834 re·

983 3883 1048 3944 xitti
1068 3879 1173 3960 affert,
1196 3879 1329 3943 'l'homes
1345 3881 1512 3954 Rantzow,
1541 3877 1606 3938 niti-

981 4001 1032 4050 tur
1047 3985 1175 4050 fortasse
1189 3986 1282 4050 modo
1301 3985 1443 4050 editionis
1457 3985 1606 4070 ,principis

982 4089 1105 4178 (viginti
1134 4095 1256 4156 circiter
1289 4091 1376 4154 annis
1399 4105 1487 4173 ante,
1522 4113 1607 4180 quam

982 4200 1115 4283 scripsit,
1144 4199 1260 4285 publici
1283 4198 1360 4282 juris
1376 4197 1484 4280 factes)
1508 4211 1606 4262 aucto-

981 4307 1083 4368 ritate.
1142 4307 1297 4370 Nescimus
1326 4319 1446 4384 tamen,
1483 4329 1521 4368 aa
1545 4305 1606 4378 ilie,

983 4415 1127 4476 vexillum
1155 4414 1219 4476 sine
1247 4415 1309 4476 ulla
1341 4411 1532 4476 dubitatione
1560 4413 1605 4470 die

980 4523 1129 4583 Staaitzer
1155 4541 1267 4584 reeens
1290 4520 1442 4600 (Chronih
1467 4542 1493 4583 r.
1516 4523 1603 4580 Pom·

979 4646 1076 4705 mern,
1094 4626 1140 4688 ed.
1157 4627 1302 4704 Bbhmer,
1318 4649 1388 4712 pag.
1404 4623 1473 4706 57),
1490 4621 1603 4687 aliunde

979 4735 1135 4817 cognitum
1150 4732 1301 4812 habuerit,
1322 4733 1486 4796 lectionem
1501 4732 1531 4793 in
1542 4742 1603 4792 tes·

339 4845 348 4878 ¹
368 4841 502 4904 Parvula
522 4840 605 4924 freti
628 4845 848 4904 interrtbau'oue
976 4853 1041 4906 tum
1062 4853 1218 4927 receptam
1234 4859 1338 4904 veram
1354 4859 1427 4903 esse.
