3536 5462
618 297 991 378 wsLDsMssuss
1337 303 1413 378 873

146 507 357 614 publicarit,
381 507 566 609 prolatus,
582 525 670 584 tunc
687 533 710 584 a
727 533 767 584 se
782 505 913 586 domos
928 512 1050 610 repeti,
1075 537 1160 586 eum
1177 509 1327 586 classem
1345 515 1459 586 exseri
1572 491 1574 496 ¹

142 638 254 710 satius
271 631 389 733 l'oret.¹
425 635 563 732 Ignaris
586 633 732 723 cunctis,
750 657 909 732 quanm
927 631 965 708 id
978 650 1123 708 sudore
1141 651 1367 734 compertum
1385 633 1459 707 ha-

143 759 255 850 beret,
279 771 488 854 tantamque
510 756 590 854 ejus
614 759 870 856 praescientiam
896 754 1170 850 admirantibus,
1196 756 1361 832 bifariam
1383 783 1460 856 cp·

143 877 370 974 uonedtvisa,
386 875 588 952 deliberare
603 901 666 952 eos
680 875 796 976 jubet,
822 895 924 953 aucta
947 878 1062 955 classe
1079 905 1125 954 an
1146 895 1328 956 contracto
1344 881 1457 980 eqni-

143 1019 221 1080 tatu
236 1015 430 1080 venturum
445 997 586 1074 hostem
601 998 778 1099 repellere
793 998 949 1074 mallent
1001 1001 1108 1096 Quod
1132 1009 1161 1080 si
1178 1017 1344 1076 neutrum
1362 999 1458 1103 pro-

143 1129 242 1220 henr,
268 1123 328 1200 re'l
350 1121 513 1198 littorum
530 1119 680 1216 incolas,
695 1147 771 1220 quo
790 1125 908 1198 minus
926 1130 1123 1223 piratarum
1142 1127 1286 1200 saevitiae
1305 1139 1458 1224 pateant,

141 1249 301 1352 propriis
314 1243 454 1338 relictis,
479 1243 673 1320 tutioribus
688 1245 798 1344 recipi
814 1245 903 1320 locis
918 1245 1104 1346 jubeant¹.
1147 1250 1260 1348 Igitur
1273 1261 1457 1348 magnates

143 1368 317 1451 concordi
331 1367 586 1444 sententiarum
594 1384 692 1460 roto,
706 1391 829 1466 neque
837 1369 1011 1458 ,incertam
1030 1367 1184 1444 hostium
1203 1367 1457 1470 appulsionem

142 1501 302 1598 equitatu
326 1495 490 1588 excipere
508 1506 739 1590 promptum,
774 1515 894 1590 neque
909 1489 1061 1566 litturale
1078 1491 1209 1592 vulgus
1227 1493 1275 1566 ad
1291 1493 1458 1568 interiora

140 1619 289 1718 rejicere
310 1612 515 1712 speciosum
538 1609 727 1705 ducentes,
760 1612 932 1688 navaliter
957 1613 1224 1714 confligendum
1249 1613 1456 1690 decernunt.

140 1744 251 1840 Igitur
276 1734 454 1838 portubus
470 1731 646 1836 augendae
671 1731 795 1810 classis
820 1743 934 1838 gratia
950 1739 1115 1838 repetitis,
1140 1743 1307 1840 remiges,
1336 1735 1456 1810 velata

141 1861 284 1962 navigia
309 1858 483 1932 dimittere
504 1860 605 1957 jussi,
630 1861 763 1957 passim
787 1859 834 1936 ad
858 1858 1035 1960 petendos
1060 1858 1206 1937 alterius
1225 1858 1457 1960 expeditionis

140 1997 362 2060 commeatus
383 1979 586 2056 discurrere
607 1999 806 2082 caeperunt.
855 1982 1016 2059 Absalon
1041 1981 1093 2057 ob
1114 1981 1290 2068 nonnulla
1311 1985 1457 2082 negotia

139 2103 364 2182 Roakildiam
376 2101 627 2204 proficiscitur.
659 2108 776 2199 Quem
790 2103 874 2182 inde
890 2121 1128 2182 revertentem
1143 2103 1350 2206 hybernum
1360 2103 1456 2178 sub·

137 2231 189 2306 ito
210 2229 325 2330 frigus
351 2227 510 2328 excepit,
542 2227 646 2326 cujus
667 2241 763 2302 tanta
785 2231 839 2306 ris
866 2228 950 2322 fuit,
976 2243 1018 2302 ut
1040 2233 1144 2302 etiam
1169 2251 1283 2326 aquas
1306 2243 1455 2327 repente

139 2365 322 2430 mmtaret.
358 2329 526 2451 Cumque
539 2345 823 2426 sialandensium
839 2350 1047 2451 populares,
1066 2351 1253 2426 contractis
1269 2349 1456 2442 alimentis,

138 2489 286 2550 mustos
310 2473 573 2550 commeatibus
595 2500 723 2552 eunus
749 2474 890 2576 navigia
915 2471 1113 2572 repetendo
1131 2470 1329 2565 ductarent,
1358 2481 1454 2546 tanta

137 2596 301 2699 glacialia
324 2595 392 2672 luti
418 2594 533 2672 moles
554 2612 717 2672 rotarum
742 2595 849 2673 orbes
874 2593 1057 2694 implicuit,
1082 2611 1122 2670 ut
1146 2621 1297 2697 prorsus
1324 2618 1454 2696 gyrare

137 2743 213 2794 non
231 2735 390 2820 possent.
442 2721 588 2822 Quippe
610 2725 771 2820 pertinax
795 2717 880 2822 gelu
895 2715 1003 2790 veluti
1019 2717 1156 2820 glutino
1173 2717 1335 2818 quodam
1351 2717 1455 2820 liguis

136 2841 264 2916 limum
282 2849 498 2918 astrinxerat.
535 2847 617 2940 Quo
634 2849 762 2936 evenit,
778 2857 819 2918 ut
834 2864 1010 2916 curruum
1025 2857 1196 2935 rectores,
1222 2839 1348 2916 iisdem
1363 2837 1454 2915 reli-

136 2968 223 3059 ctis,
247 2967 407 3067 jumenta
429 2968 604 3044 coenbus
628 2964 825 3044 subderent
846 2962 990 3064 ipsique
1013 2962 1236 3064 pedestrium
1261 2961 1454 3039 ductorum

135 3088 254 3166 officia
285 3086 466 3186 subirent;
509 3113 667 3190 quorum
697 3111 822 3164 ocreas
847 3083 973 3188 gelata
998 3085 1163 3162 sordium
1192 3087 1311 3180 tabes,
1341 3109 1454 3186 supra

135 3235 251 3314 quam
271 3210 367 3286 tibiae
399 3211 492 3288 serre
519 3221 693 3312 poterant,
717 3209 926 3286 onerabant
974 3213 1052 3285 Hos
1068 3235 1152 3284 cum
1169 3210 1340 3302 Absalon,
1356 3233 1454 3310 equo

132 3341 356 3436 preteriens,
377 3333 608 3409 miseratoriis
623 3331 743 3410 verbis
759 3347 1051 3432 prosequeretur,
1073 3329 1238 3433 duraque
1251 3359 1321 3436 pro
1338 3338 1454 3435 patria

133 3458 281 3557 perpeti
290 3453 517 3556 praedicaret,
534 3455 810 3555 responderunt,
826 3458 971 3556 majoris
984 3480 1153 3531 aerumnae
1166 3481 1257 3549 esse,
1274 3459 1452 3556 captivum

131 3581 294 3682 piraticis
315 3579 354 3654 in
383 3579 544 3654 menania
567 3577 774 3672 considere,
817 3577 978 3679 plusque
999 3601 1039 3654 se
1063 3604 1107 3652 ex
1134 3581 1304 3679 praesenti
1325 3577 1453 3653 labore

183 3788 195 3828 ¹
214 3785 304 3875 Quod
328 3789 360 3850 si
380 3801 538 3850 matram.
560 3783 769 3870 ...fabeaatI
825 3781 943 3870 possita
965 3782 1075 3870 quodsi
1088 3799 1230 3850 neumam
1247 3785 1393 3872 probent,
1408 3789 1458 3848 ael

131 3893 182 3962 Ut
206 3892 293 3978 opilo
324 3890 385 3958 boc
403 3909 526 3980 quoqne
548 3911 620 3957 csstt
637 3889 676 3976 (sl
698 3911 771 3957 vett·
824 3915 885 3954 suoe
903 3893 998 3954 saluti
1015 3896 1163 3957 consulere
1177 3895 1387 3958 satrsltcbeaat
1403 3891 1452 3954 vel

130 4013 242 4067 amun
260 3999 382 4064 bostem
398 3999 550 4085 repellere
564 3999 688 4078 nollent)
704 3998 771 4084 jux·
824 3994 963 4060 littorum
976 3997 1104 4062 incolas·
1115 4044 1142 4062 ..
1151 3997 1287 4084 jubeant.
1308 3999 1452 4060 Attamen

128 4119 169 4172 ta
197 4103 290 4170 rerba
316 4104 445 4171 Saxonis
470 4103 632 4171 ”bifariam
656 4103 770 4171 divim
825 4099 1047 4168 dubitationem
1068 4118 1182 4186 movet,
1203 4101 1287 4190 quod
1302 4105 1334 4166 in
1349 4103 1452 4188 proxi·

126 4211 188 4290 ott,
206 4207 375 4276 subditicio
395 4211 535 4297 quaedam
554 4210 647 4296 hujus
667 4211 768 4296 optio·
820 4227 870 4272 me
892 4211 1087 4294 sequentibus
1113 4217 1175 4276 tres
1204 4208 1296 4275 modo
1318 4209 1452 4272 rationes

126 4315 188 4382 nis
214 4314 319 4381 deesse
342 4317 457 4404 nequit
499 4317 599 4410 Quam
636 4315 767 4380 addixisse
821 4312 963 4380 iaeun'dae
976 4315 1161 4396 afferuntur,
1183 4315 1240 4379 nisi
1260 4315 1344 4380 l'orte
1362 4337 1452 4402 quar·

124 4421 230 4489 etiam
246 4421 508 4505 vombulum‘oei,
524 4420 609 4508 quod
629 4421 703 4486 alias
721 4421 769 4484 ni·
821 4431 864 4483 ta·
886 4420 1080 4487 omissionem
1102 4419 1172 4484 inde
1197 4422 1346 4508 explicare
1368 4423 1451 4500 licet,

123 4529 182 4596 tait
202 4528 304 4610 babet,
323 4527 373 4594 otti
392 4526 596 4614 respondeat,
615 4525 707 4592 lidum
723 4525 769 4592 is·
822 4523 906 4611 quod
926 4528 1050 4613 indigna
1072 4525 1248 4607 ridebatur,
1267 4551 1337 4617 quae
1356 4529 1451 4613 respi-

124 4637 189 4700 cit.
230 4637 337 4722 itaqua
366 4635 485 4722 aliquot
505 4633 598 4700 verbs
616 4633 677 4698 boc
696 4633 767 4696 loco
822 4643 953 4698 seretur.
994 4635 1027 4700 Si
1041 4634 1117 4697 nibil
1138 4633 1208 4698 addi
1232 4637 1345 4721 placet,
1364 4654 1450 4697 voca-

123 4759 147 4806 e
164 4734 424 4822 textnaxcidisse,
441 4739 632 4806 attentantis
650 4740 767 4806 bocrel
820 4737 929 4804 bulum
951 4743 1000 4805 ael
1027 4739 1189 4806 delendum
1219 4752 1274 4804 est.
1306 4739 1451 4821 (Videtur

122 4846 228 4915 simili
248 4845 459 4915 additxmento
476 4845 648 4934 supplenda
666 4845 765 4915 rideri
821 4845 902 4912 Saxo
914 4851 962 4912 oei
973 4845 1082 4912 dixisse
1099 4841 1165 4910 fere
1176 4865 1236 4932 pro
1247 4847 1447 4928 salientia.)
