3524 5460
329 318 478 389 SVENO
501 321 556 390 lll.
588 319 795 392 CANUTUS
813 321 851 390 V.
887 320 1214 392 WALDEMARUS
1230 321 1254 390 1.
1325 319 1394 390 711

131 525 232 602 baud
247 526 352 599 facile
366 533 601 621 insecuturos,
616 531 788 602 forensis¹
813 525 932 604 adhuc
946 553 1080 628 pugnae
1088 535 1260 602 memoria
1275 527 1445 627 trepidos.

99 695 104 706 ι
132 653 190 725 sin
211 655 387 722 antemio
401 653 564 722 Scaniam
587 651 832 749 praevenerint,
858 654 972 746 gentis
992 650 1185 726 adversum
1208 677 1290 724 eum
1317 650 1447 724 auxilia

133 788 397 864 conuectum,
422 797 533 869 quam
559 775 589 846 si
612 789 735 870 petere
753 771 1022 870 supersedisset,
1047 773 1095 846 ad
1110 773 1261 848 aenrulos
1278 772 1445 846 descetu-

134 921 207 968 ram
230 919 306 966 non
330 891 520 968 dubitaret.
571 897 685 986 Quem
701 898 818 968 Sveno
838 919 942 968 secus
961 899 1211 968 aestimatorum
1226 896 1350 992 inquit,
1378 897 1444 968 nisi

133 1015 411 1102 waldemarum,
427 1019 533 1114 cujus
544 1017 789 1092 concubinarii
804 1016 885 1088 filii²
902 1018 1143 1119 paedagogum
1151 1033 1282 1116 ageret,
1299 1023 1445 1114 penati-

134 1141 201 1214 bus
230 1143 308 1214 suis
339 1149 725 1236 parsurnm‘speraret.
796 1139 955 1214 Aliorum
982 1167 1068 1214 rem
1095 1141 1219 1228 bonis,
1245 1141 1274 1212 si
1295 1142 1444 1236 patriam

133 1264 224 1336 hosti
250 1265 452 1351 cessissent,
477 1261 615 1335 nullum
641 1261 831 1359 peculiaris
854 1267 1014 1338 amicitiae
1037 1262 1252 1336 heneficium
1278 1261 1445 1360 praesidio

132 1387 301 1460 futurum.
354 1387 404 1456 lta
423 1381 537 1456 alieno
559 1383 708 1456 consilio
723 1401 855 1482 spreto,
880 1393 1070 1484 proprium
1086 1383 1317 1482 amplexatus,
1343 1389 1443 1458 Ros·

133 1506 250 1582 lildiae
268 1504 408 1580 hostem
423 1509 582 1602 opperiri
600 1509 788 1580 constituit.
842 1509 1119 1583 liarescentibus
1143 1507 1328 1599 alimentis,
1344 1509 1442 1608 regi-

133 1656 174 1705 os
190 1632 290 1704 vicos
305 1627 508 1725 complures
525 1629 759 1727 comparandi
777 1649 943 1732 sumptus
959 1633 1071 1734 gratia
1089 1629 1299 1703 venditabat.
1339 1633 1443 1700 Tan-

133 1751 228 1839 dem,
251 1749 352 1822 multi
374 1751 467 1822 ruris
485 1750 680 1850 absumpto
697 1757 832 1850 pretio,
858 1781 941 1828 cum
960 1755 1152 1828 exercitum
1168 1754 1283 1826 nimiis
1296 1753 1443 1849 impen-

132 1877 180 1948 sis
194 1895 387 1946 onerosum
409 1871 620 1948 dimissurus
644 1873 839 1968 videretur,
865 1875 1033 1969 Eskillus,
1059 1875 1290 1948 deiectionem
1314 1872 1443 1970 provi-

132 1997 241 2082 dens,
266 2011 378 2067 artem
398 1997 620 2094 excogitavit,
652 2023 724 2094 qua
744 1997 945 2096 periculum
962 1999 1009 2072 ad
1032 2000 1186 2072 fructum
1212 2011 1442 2069 converteret.

132 2123 290 2192 Primum
318 2123 410 2190 enim
434 2118 553 2216 ampla
577 2119 783 2194 delectionis
807 2125 955 2220 praemia
988 2123 1037 2194 ab
1064 2118 1276 2192 adversariis
1303 2115 1443 2190 occulte

134 2243 335 2341 paciscitur.
388 2244 472 2314 Mox
487 2267 569 2314 cuin
586 2251 824 2318 conterraneis
843 2271 965 2342 regem
982 2243 1167 2336 accedens,
1192 2243 1442 2314 alimentorum

135 2370 289 2463 inopiam
304 2368 482 2461 queritur;
506 2363 664 2457 dimittat,
681 2385 861 2465 precatur,
878 2393 972 2464 quos
987 2393 1136 2465 pascere
1152 2379 1323 2464 nequeat,
1341 2387 1442 2460 prae-

134 2488 253 2560 sertim
276 2487 415 2582 pietatis
444 2513 486 2561 ac
520 2489 785 2564 necessitudinis
808 2495 889 2588 jura
914 2491 1128 2579 violaturos,
1170 2493 1200 2562 si
1221 2489 1257 2558 in
1279 2488 1376 2557 circs
1398 2507 1441 2555 ac

133 2613 359 2706 propinquos
391 2635 432 2682 cx
454 2609 605 2684 adverso
629 2627 831 2686 contractos
856 2629 1056 2710 pugnatum
1072 2614 1184 2684 issent
1245 2610 1308 2681 llis
1327 2606 1442 2697 dictis,

133 2751 301 2830 tanquam
318 2729 530 2806 defensionis
554 2737 688 2806 ratione
710 2734 864 2824 reddita,
894 2761 978 2807 cum
1005 2731 1153 2806 cohorte
1181 2734 1324 2805 Scauica
1347 2731 1442 2827 regia

133 2853 278 2945 excedit,
303 2853 543 2953 subjungente
559 2859 733 2949 Svcnone,
758 2857 906 2954 dignum
923 2883 1026 2948 eum,
1050 2858 1113 2954 qui
1131 2855 1335 2928 desectionis
1352 2878 1441 2952 poe-

134 3003 195 3050 nas
216 2981 332 3074 capite
355 2959 477 3052 luerei.
557 2976 628 3050 Sed
655 2978 752 3052 huuc
775 2980 865 3078 regis
899 2980 1056 3052 furorem
1083 2985 1202 3053 sanior
1223 2977 1440 3050 arbitrorum

134 3105 301 3172 sententia
320 3100 495 3196 propulit,
523 3101 732 3174 imminentis
747 3101 834 3174 belli
850 3105 1009 3200 auspicia
1035 3101 1170 3176 scelere
1202 3117 1238 3174 et
1257 3097 1441 3196 sacrilegio

133 3221 396 3319 prohibentium
406 3233 489 3294 'esse
506 3214 691 3296 sumenda.
747 3227 899 3322 Jamque
913 3251 985 3318 rex,
1002 3225 1137 3322 majore
1150 3224 1323 3296 exercitus
1340 3235 1442 3316 parte

132 3345 292 3441 delapso,
316 3343 439 3444 sugam
459 3345 770 3436 incditabundns³,
796 3375 878 3422 eum
905 3348 1063 3446 reliquiis
1085 3351 1271 3444 copiarum
1288 3343 1440 3416 Falstri-

132 3493 189 3540 arn
209 3493 334 3540 versus
358 3470 557 3542 contentius
586 3474 718 3566 pergit,
753 3472 999 3568 ignorantibus
1030 3477 1135 3544 etiam
1158 3471 1334 3559 arbitris⁴,
1366 3491 1442 3564 quo

133 3591 320 3687 proposito
338 3609 407 3662 tarn
428 3609 581 3664 remotas
600 3591 648 3662 ab
670 3591 761 3664 urbe
778 3610 895 3689 partes
921 3594 1111 3666 accederet.
1170 3599 1285 3686 Quem
1313 3588 1377 3662 nbi
1397 3585 1442 3658 de

131 3713 218 3810 fuga
240 3715 397 3810 cogitare
418 3731 640 3809 compertum
660 3715 786 3788 milites
801 3714 979 3806 habuere,
1014 3743 1057 3788 ne
1074 3725 1149 3789 sine
1164 3715 1290 3813 pr‘mlio
1315 3714 1442 3784 vincc-

128 3851 246 3924 retur,
279 3852 439 3924 orantes,
472 3840 670 3926 victoriam,
697 3840 725 3911 si
747 3834 887 3926 redcat,
919 3837 1109 3934 spondent.
1161 3841 1332 3908 l‘raeterea
1351 3836 1441 3904 scire

124 3954 268 4052 jubent,
294 3984 355 4032 eos
374 3961 442 4031 sibi
459 3959 584 4066 milites
600 3985 686 4053 esse,
712 3962 775 4058 qni
792 3958 923 4032 crebro
940 3983 1051 4057 parva
1070 3983 1179 4030 mann
1194 3961 1353 4058 ingentes
1367 3951 1441 4025 ho·

140 4293 144 4296 -
179 4251 352 4334 warensis]
374 4253 460 4338 (Lag.
488 4261 637 4328 Foteusr's,
669 4272 701 4319 ut
726 4283 757 4344 p.
817 4257 901 4318 'fove
921 4269 1034 4333 natum,
1063 4251 1348 4338 cujusntttntlonem
1368 4246 1442 4309 fecit

118 4353 202 4419 676.
221 4355 286 4443 hg)
815 4374 904 4424 autor
917 4361 987 4424 hist.
1003 4363 1103 4444 ttnytt.
1119 4385 1150 4444 p.
1166 4358 1236 4422 357.

178 4467 413 4532 wambanis·
422 4466 495 4549 filii]
517 4472 611 4534 Bitias
625 4473 756 4532 caecuba·-
859 4441 1129 4545 ³Jl10dttdbundus]
1165 4467 1216 4530 Sic
1243 4465 1314 4530 edit.
1345 4463 1443 4548 prino·

114 4572 277 4634 narraris
304 4569 434 4637 tortasse
455 4586 536 4654 erat,
570 4595 661 4660 quem
687 4577 755 4660 quis
815 4575 918 4638 Etiam
943 4575 1129 4659 antiquiores
1152 4573 1223 4638 huic
1254 4571 1364 4636 formae
1393 4589 1442 4634 aa·

114 4696 163 4740 ex
190 4677 359 4740 concubina
378 4694 562 4763 susceperat.
611 4686 680 4747 Vox
704 4681 757 4745 ad·
816 4682 982 4750 cusatirum
997 4683 1138 4764 jungunt.
1165 4681 1273 4766 steph.
1290 4683 1442 4742 meditans.

110 4779 254 4844 andum
270 4807 348 4850 rara.
369 4784 418 4866 (S)
439 4787 530 4850 Haud
551 4787 641 4850 dubie
667 4790 755 4852 intel·
861 4785 1033 4868 ⁴Arbitris]
1059 4786 1178 4850 Arbitri
1203 4787 1361 4863 dicuntur,
1390 4783 1441 4866 qui

106 4887 205 4954 lenit
223 4891 323 4954 Saeuo
347 4893 623 4978 christophorum,
656 4907 755 4958 matre
814 4893 880 4976 regi
895 4907 1011 4958 cranta
1035 4893 1176 4960 consiliis.
