3508 5460
463 432 469 440 ι
586 337 962 414 wmounannsr
1309 347 1381 422 aso

119 545 255 648 pedites
264 549 377 622 terme
384 568 509 622 omnes
524 551 709 646 oppressit
725 553 942 652 Necin'tanto
953 551 1156 628 discrimine
1166 561 1373 657 quempiam
1390 585 1433 636 ex

118 675 191 747 suis
199 687 330 772 praeter
339 689 452 745 nnutn
461 673 587 761 amisit,
596 671 839 770 pontificatum
847 689 881 746 et
896 673 1053 748 militiam
1062 677 1302 776 pulcherrima
1311 688 1432 768 victo·-

118 798 165 868 ria
175 797 389 892 auspicatus.
399 797 537 868 Paucos
546 791 770 889 exhostibns,
779 821 877 869 arma
886 797 1182 896 spoliaquefngae
1192 799 1432 878 liberiusine·

116 915 221 992 undae
239 919 353 1018 gratia
367 915 618 1015 perignaviarn
629 916 856 1015 abjectantes,
872 920 995 1016 juncta
1007 921 1251 1020 campissylva
1266 929 1431 1002 servavit.

245 1039 384 1114 Eodem
402 1063 496 1112 anno
510 1038 631 1112 civitas
652 1041 849 1114 arusiensis
864 1043 1043 1115 acerrimis
1057 1045 1249 1138 piratarum
1274 1047 1430 1122 incursi-

113 1163 185 1238 bns
201 1161 329 1236 afflicta
345 1160 519 1261 proditur.
573 1165 675 1234 Tunc
690 1187 840 1261 quoque
857 1161 1116 1238 Falstrensibus
1133 1171 1345 1263 paucitatem
1362 1193 1431 1244 su-

113 1309 171 1357 am
188 1281 363 1360 adversus
380 1283 552 1357 infinitam
572 1281 779 1357 Solarornm
806 1281 958 1360 classem
982 1286 1129 1386 publica
1151 1297 1347 1365 munitione
1365 1310 1431 1367 tu-

114 1407 268 1500 entibus,
292 1433 375 1482 cnm
390 1407 481 1480 sorte
495 1408 664 1504 pincerna
685 1407 778 1506 regis
793 1404 841 1479 ad
861 1405 929 1482 alia
954 1413 1093 1510 negotia
1109 1409 1279 1486 obeunda
1295 1416 1332 1486 in
1349 1439 1430 1490 eam

114 1532 335 1630 provinciam
350 1536 479 1604 missus
498 1533 681 1602 communi
697 1525 887 1604 obsidione
902 1548 1134 1627 premeretur,
1158 1535 1429 1633 provincialium

113 1653 261 1756 quidam
278 1653 419 1726 arbitris
440 1653 534 1751 regis
555 1653 739 1750 segnitiem
755 1651 1010 1751 exprobrando
1035 1652 1164 1729 dixisse
1189 1656 1320 1743 lentur.
1345 1667 1429 1760 pri-

113 1801 195 1851 ores
212 1799 316 1874 reges
339 1777 374 1848 in
390 1773 485 1867 talis,
510 1791 724 1874 presentem
740 1799 827 1864 vcro
847 1777 883 1848 in
900 1779 1015 1875 prima
1031 1777 1167 1876 pedum
1185 1797 1289 1879 parte
1304 1783 1428 1856 calca-
1481 1809 1489 1825 ·

112 1900 216 1976 ribus
232 1899 438 1974 assuevisse.
480 1895 587 1991 Quod
601 1894 733 1970 dictum
748 1903 927 1994 pincerna,
944 1897 1089 1972 desidiae
1106 1902 1319 1976 conscientia
1333 1931 1428 2004 pro-

112 2041 274 2111 vocatus,
300 2021 453 2121 maligna
469 2021 575 2094 animi
596 2022 881 2118 interpretatione
904 2027 1011 2122 regiis
1032 2021 1180 2097 auribus
1205 2025 1328 2119 modo,
1353 2053 1430 2127 qno

112 2171 186 2218 non
203 2141 344 2235 debuit,
369 2143 576 2232 inculcarit,
605 2159 650 2234 et,
674 2141 777 2242 quod
797 2169 871 2218 snae
895 2143 1119 2218 contumeliae
1143 2162 1236 2239 erat,
1262 2150 1429 2248 inmaJ'e-

109 2269 210 2341 statis
231 2265 473 2366 opprobrium
492 2265 675 2340 transtulit
735 2265 813 2338 Alia
833 2291 983 2366 quoque
1002 2265 1240 2342 hand'leviori
1255 2273 1433 2356 criminas

110 2395 205 2465 tione
221 2387 411 2463 adversum
428 2387 644 2462 Falstrcnses
663 2407 867 2487 asperatum
883 2392 975 2490 regis
995 2389 1153 2462 animum
1172 2391 1429 2485 inflammabat,

110 2519 218 2587 nnius
233 2511 424 2612 praecipitis
439 2509 572 2610 linguae
587 2510 842 2586 vehementiam
860 2517 1107 2586 universorum
1124 2513 1261 2588 excidio
1276 2517 1428 2591 multare

110 2638 271 2736 cupiens.
344 2631 528 2733 Siquidem
557 2637 800 2734 impiissimam
828 2628 878 2709 eis
912 2634 1122 2734 proditionis
1149 2661 1280 2711 nonam
1309 2639 1426 2734 allinit,

111 2761 217 2858 qnasi
239 2757 468 2832 consiliorum
492 2758 651 2832 omnium
673 2756 865 2832 adversum
885 2756 1057 2830 Sclaviam
1084 2778 1340 2859 conceptorum
1363 2766 1427 2836 in·-

109 2883 200 2958 dicia
225 2881 272 2956 ad
289 2905 368 2956 eam
393 2882 625 2954 transmittere
642 2878 767 2974 solitis;
793 2881 1153 2980 familiaritatemque,
1178 2908 1287 2983 quam
1310 2887 1425 2959 inter-

109 3008 199 3081 dum
212 3003 443 3080 conciliandae
458 3003 524 3077 sibi
540 3001 663 3077 salutis
684 3010 796 3103 gratia
814 3003 860 3077 ad
876 3004 996 3078 hostes
1012 3005 1212 3097 habebant,
1237 3009 1272 3079 in
1290 3010 1425 3081 crimen

109 3132 311 3222 deducens,
335 3127 511 3225 obsequia
532 3127 648 3198 dmori
663 3131 781 3224 potins
806 3151 917 3222 quarn
940 3131 1071 3201 caritati
1103 3128 1309 3228 erogabat¹,
1334 3155 1426 3228 per-

109 3253 280 3352 fidiaeque
294 3249 502 3349 deputabat.
561 3253 649 3321 Nam
667 3265 700 3322 et
719 3255 878 3347 captivos
894 3275 916 3322 a
930 3249 1061 3324 Sclavis
1078 3251 1142 3325 sibi
1160 3255 1371 3326 commissos
1389 3254 1425 3324 in

108 3373 272 3450 custodia
288 3397 490 3468 asservare,
515 3389 548 3446 et
562 3373 778 3471 plerumque
799 3374 923 3470 patriae
940 3399 1050 3464 arma,
1066 3392 1161 3448 metu
1177 3379 1296 3474 potius
1314 3399 1424 3472 qnam

106 3497 357 3572 benevolentia
373 3495 530 3590 adducti,
556 3495 630 3569 lato
644 3495 807 3571 hostibus
822 3498 953 3568 nuncio
971 3521 1193 3595 praecurrere
1219 3520 1424 3570 conavere-

106 3637 199 3712 rant,
223 3619 357 3695 scilicet
378 3636 418 3692 nt
431 3618 582 3692 salntem
597 3643 711 3709 suam,
726 3641 837 3715 qnam
858 3617 994 3692 viribus
1010 3637 1199 3718 protegere
1217 3619 1425 3716 nequibant,

106 3743 234 3818 saltem
256 3740 435 3815 beneficio
459 3743 644 3815 munirent.
703 3741 819 3836 Hujus
842 3743 962 3838 itaque
985 3741 1155 3837 pestifera
1170 3766 1231 3814 rex
1249 3742 1424 3815 exhorta-

104 3871 201 3938 tione
221 3879 432 3964 corruptus5
462 3863 632 3962 reliquias
658 3861 814 3936 Falstriae
834 3861 929 3935 ferro
956 3867 1097 3961 penitus
1121 3861 1308 3936 exhaurire
1329 3889 1423 3936 con-

102 3989 234 4078 stituit,
259 4003 368 4086 atque
384 3985 432 4059 ad
446 3983 484 4058 id
512 3983 757 4084 peragendum
792 3984 977 4058 Sialandioe
1001 3982 1172 4060 duntaxat
1191 3989 1424 4060 ministerium

101 4109 266 4184 sufficere
281 4107 440 4184 credidit.
498 4109 677 4182 Absalone
694 4133 782 4207 ergo
804 4107 1036 4182 orientmibus
1050 4107 1177 4182 insulae
1192 4109 1305 4206 copiis
1320 4131 1422 4206 prae·-

101 4255 192 4306 esse
214 4235 329 4332 jusso,
354 4230 591 4306 occidentales
620 4235 698 4328 ipse
726 4227 874 4304 ductare
897 4238 1032 4324 statuit,
1057 4231 1261 4332 ingentibus
1291 4231 1423 4330 passim

99 4357 317 4456 exiguisque
333 4357 482 4455 navigiis
498 4333 691 4428 exercitum
705 4353 926 4451 trajecturus.
979 4361 1024 4426 At
1038 4352 1294 4444 sialandenses,
1321 4351 1423 4453 quod

97 4503 192 4551 cum
219 4478 478 4554 Falstrensibos
511 4474 663 4549 diutinas
687 4500 730 4548 ac
758 4473 984 4548 vehementes
1008 4451 1207 4549 'inimicitias
1229 4493 1422 4576 gesserant,

98 4617 268 4698 acceptas
288 4605 434 4704 injurias
450 4597 704 4674 communibus
719 4604 826 4672 armis
843 4622 994 4696 pensare
1010 4600 1209 4696 cupientes,
1235 4597 1329 4674 ultro
1346 4607 1421 4672 im-

150 4803 164 4835 ¹
183 4799 320 4887 Obsequio
332 4836 373 4850 -
391 4797 547 4886 erogabat]
566 4799 654 4880 (Haec
668 4817 735 4860 cor·
799 4820 861 4882 qun
873 4828 913 4842 -
925 4800 1099 4884 erogabant,
1106 4800 1241 4888 perfidia
1250 4800 1420 4886 deputabat.

89 4913 209 4990 rupti·
256 4911 399 4974 Fortasse
422 4906 561 4993 scriptiis
588 4907 736 4990 obsequia,
799 4899 874 4986 Mg.)

130 5027 332 5080 suom
347 5031 481 5080 tlt-tom.
1054 5080 1059 5091 ,
1154 5009 1230 5103 (47)
