3536 5462
343 295 416 364 906
492 364 495 375 ,
667 293 841 364 ttts'rott.
863 292 966 362 DAN.
987 293 1122 364 LIBER
1139 287 1229 363 XIV.

293 497 456 572 veniendi
497 496 776 596 discedendique
804 514 959 597 potestas
995 501 1218 596 promittitur.
1288 503 1371 590 Quo
1396 499 1529 588 evenit,
1566 513 1605 572 ut

293 619 453 694 Absalon
474 625 575 718 prius
591 625 762 720 Magnum
784 621 939 718 hospitio
957 627 1143 718 exciperet,
1169 645 1280 720 quam
1298 618 1412 694 ullum
1428 592 1607 694 adventus

295 747 374 843 ejus
399 745 567 816 nuncium
585 767 607 816 n
622 769 707 842 rege
731 748 953 842 sumpsisset,
978 742 1106 835 literas,
1133 769 1216 842 quae
1237 768 1303 838 pro
1321 739 1485 841 ejusdem
1502 766 1606 816 rece-

295 865 1607 964 ptionedestinabantur,nimiofestinationisstudiopraecurrentemi,Qui-

293 989 366 1060 bus
386 987 529 1061 tandem
552 1013 617 1086 per
638 1013 761 1088 regern
783 991 967 1087 susceptis,
992 986 1249 1061 solicitudinem
1275 988 1458 1084 improvisi
1474 986 1608 1088 bospi-

294 1112 338 1183 tis
355 1108 470 1208 plenis
487 1107 628 1186 fiduciae
650 1113 832 1210 promissis
848 1110 1023 1184 discutere
1038 1135 1134 1183 curae
1156 1108 1292 1183 habuit.
1354 1109 1496 1201 Quibus
1522 1137 1608 1184 ere-

295 1250 372 1306 ctus
394 1237 547 1332 Magnus
570 1233 652 1330 plus
678 1242 754 1332 spei
776 1238 812 1308 in
834 1233 1023 1308 Absalonis
1042 1233 1190 1326 auxilio,
1215 1256 1325 1330 quarn
1344 1249 1460 1306 metus
1483 1239 1519 1306 in
1542 1261 1609 1308 sua

294 1379 389 1426 noxa
411 1356 581 1452 reposuit.
632 1360 714 1450 Quo
738 1359 870 1448 evenit,
897 1373 947 1447 ut,
973 1360 1110 1456 majore
1133 1354 1333 1429 formidinis
1360 1372 1461 1454 parta
1482 1354 1609 1457 depo·
1667 1393 1671 1399 ’

295 1483 377 1566 sita,
409 1481 558 1576 propria
583 1496 743 1577 repetere
764 1507 837 1556 uon
857 1477 1048 1570 dubilaret,
1074 1480 1357 1578 navigationem,
1386 1504 1460 1577 qua
1479 1483 1610 1556 lutiam

296 1604 473 1699 petiturus
497 1614 589 1690 erat,
624 1607 830 1678 necessiriis
851 1604 979 1678 usibus
1000 1605 1244 1676 instructurus.
1297 1602 1439 1698 Quippe
1461 1628 1610 1678 causam

296 1719 397 1820 apud
417 1720 605 1797 Arbusiam
629 1723 749 1800 dicere
769 1727 977 1826 jubebatur.
1030 1728 1164 1798 Verum
1183 1723 1255 1798 boc
1276 1727 1467 1798 securitatis
1497 1725 1613 1802 robur

298 1841 522 1941 deprebensa
553 1867 771 1922 secretorum
798 1853 876 1949 ejus
900 1850 1030 1950 legatio
1056 1850 1245 1946 quassavit.
1300 1844 1483 1945 Siquidem
1504 1847 1610 1924 binas

296 1969 375 2068 ejus
399 1966 577 2066 epistolas,
603 1971 813 2068 proditionis
837 1972 1005 2046 mandata
1035 1986 1220 2069 gestantes,
1245 1995 1268 2041 a
1290 1967 1522 2082 publicorum
1547 1977 1612 2046 iti-

296 2115 422 2164 nerum
446 2091 740 2168 observatoribus
765 2098 927 2194 intercipi
950 2095 1102 2194 contigit.
1155 2097 1252 2185 Quas
1276 2119 1358 2166 cum
1385 2099 1460 2192 regi
1485 2093 1612 2169 allatas

296 2211 345 2284 ab
375 2215 664 2290 intermeantibus
691 2235 857 2315 expertus
881 2219 1022 2306 fuisset,
1058 2215 1270 2305 formulam,
1311 2241 1384 2313 qua
1414 2218 1611 2315 signaturis

296 2334 480 2446 utebatur,
515 2342 804 2437 proprii'suribae
835 2341 1046 2442 negligentia
1077 2343 1243 2445 amissam
1276 2337 1465 2436 confingit,
1497 2339 1612 2440 idque

296 2483 370 2532 non
394 2459 512 2532 solum
536 2464 626 2534 inter
644 2489 750 2556 suos,
783 2463 848 2538 sed
877 2470 981 2537 etiam
1005 2462 1105 2562 apud
1134 2461 1351 2536 Absalouem
1383 2461 1612 2538 simulatione

297 2588 471 2679 prosequi
496 2589 645 2677 curavit,
671 2588 875 2683 opinionem
903 2611 1021 2660 serere
1043 2587 1201 2684 cupiens,
1226 2582 1441 2656 adulterinas
1465 2589 1613 2684 episto-

296 2701 351 2776 las
377 2725 397 2772 a
420 2703 586 2778 formulae
609 2708 852 2803 repertoribus
877 2708 961 2782 odio
983 2713 1039 2782 sui
1065 2711 1173 2782 fuisse
1198 2711 1422 2804 compositas.
1477 2711 1613 2806 Appe-

296 2838 390 2896 tente
412 2849 529 2898 causae
552 2826 714 2903 dictionis
736 2847 908 2931 tempore,
933 2834 1026 2906 binis
1041 2834 1189 2930 navigiis
1210 2833 1412 2918 instructus,
1437 2829 1616 2905 absaloni

298 2943 483 3020 sialandiae
514 2967 549 3022 et
580 2953 712 3028 Scaniae
744 2955 969 3054 magnatibus
998 2957 1162 3028 comitato
1194 2953 1326 3026 obvius
1360 2952 1469 3026 affuit
1527 2956 1615 3045 Quo

299 3067 413 3164 adito,
445 3078 669 3148 conscientiae
698 3077 849 3152 stimulis
877 3082 994 3168 aetus,
1029 3073 1302 3175 trepidationem
1334 3074 1407 3148 fide
1436 3077 1617 3174 majorem

299 3197 561 3292 praeteritasque
583 3198 663 3270 vitae
685 3198 879 3272 fortitudini
902 3198 1097 3272 indebitam
1119 3197 1336 3288 exhibendo,
1360 3197 1468 3272 nullis
1483 3221 1524 3272 se
1542 3224 1618 3272 ex-

300 3313 579 3408 hortationibus,
612 3337 648 3392 ut
669 3322 800 3393 lutiam
822 3337 969 3419 peteret,
995 3321 1260 3410 adducendum,
1284 3321 1450 3420 jurabat,
1480 3319 1566 3420 plus
1595 3348 1618 3396 a

299 3467 339 3514 se
361 3456 477 3516 metus
495 3445 531 3514 in
547 3447 640 3538 regis
665 3443 809 3535 offensa,
835 3469 946 3542 quam
969 3447 1048 3544 opis
1068 3451 1103 3516 in
1119 3446 1318 3542 cujuspiam
1338 3448 1535 3542 patrocinio
1549 3471 1621 3520 reb

299 3568 398 3665 poni,
421 3563 603 3662 praefatus.
654 3567 827 3639 Praeterea
846 3566 1023 3640 fortuitam
1038 3566 1140 3668 sigilli
1157 3543 1213 3640 sui
1234 3569 1456 3640 amissionem
1476 3591 1620 3640 cunsa-

300 3705 375 3779 tns,
407 3686 620 3761 aemulorum
642 3705 863 3780 commento,
894 3675 1118 3764 occasionem
1145 3715 1187 3762 ex
1212 3689 1376 3787 ejusdem
1406 3691 1622 3766 inventione

199 3835 203 3845 ¹
299 3827 497 3901 nactornm,
522 3812 678 3884 inimicas
697 3813 773 3910 regi
791 3803 911 3886 literas
936 3839 1003 3887 suo
1028 3814 1171 3887 nomine
1186 3810 1355 3886 confictas
1376 3815 1623 3889 asseverabat.

300 3933 372 4007 Sed
393 3932 585 4022 Absalone,
612 3936 750 4006 tametsi
771 3936 926 4008 criminis
948 3950 1026 4007 acta
1048 3935 1095 4006 ab
1119 3960 1162 4008 ec
1190 3937 1369 4008 confessio
1395 3935 1497 4027 soret,
1523 3937 1626 4012 nibil

300 4061 543 4146 commissum,
571 4059 784 4153 quominus
808 4056 997 4132 inviolatus
1020 4055 1233 4149 discederet,
1265 4065 1482 4132 constantius
1507 4081 1623 4132 asse-

299 4197 409 4267 rente,
434 4177 553 4252 sociali
580 4177 680 4252 illum
702 4176 923 4278 navigatione
946 4183 1193 4279 prosequitur,
1224 4179 1309 4277 plus
1333 4181 1438 4252 amici
1471 4183 1625 4258 monitis

299 4283 412 4400 quam
437 4302 587 4399 proprio
611 4303 739 4400 pavori
762 4299 962 4400 indulgens.
1015 4305 1082 4376 Cui
1103 4329 1176 4392 rex,
1200 4303 1297 4373 omni
1311 4303 1449 4376 Danica
1473 4302 1626 4377 nobili-

300 4439 371 4496 tate
398 4431 566 4522 stipatus,
604 4423 705 4522 apud
735 4422 855 4497 villam
888 4424 1018 4522 Wiby¹
1046 4426 1113 4498 sibi
1140 4451 1207 4524 per
1235 4423 1452 4498 Absalonem
1479 4423 1627 4522 oblato,

298 4571 432 4620 mensae
450 4571 549 4621 sacra
570 4549 834 4622 communicare
856 4573 984 4648 passus
1007 4571 1079 4620 non
1104 4563 1169 4636 est,
1192 4572 1237 4620 ne
1252 4550 1443 4626 convivam
1470 4550 1627 4649 agendo

279 4845 284 4856 ·
347 4808 478 4868 'Villam
499 4803 606 4889 Wiiy]
629 4804 807 4870 Parocbiaru
832 4806 963 4870 ruralem
985 4807 1016 4870 in
1040 4804 1147 4870 vicinia
1170 4805 1307 4872 Arbunae
1329 4805 1445 4892 oppidi.
