3536 5462
359 281 434 352 ooo
506 349 514 357 ,
582 341 593 366 Ι
691 275 987 348 auronum.
1007 235 1253 352 atosa'xtv.

307 483 399 556 lonis
420 479 511 555 fides
534 477 681 567 liberat,
706 477 807 576 apud
823 503 931 576 quern
958 501 1045 550 meae
1064 497 1269 577 respectum
1289 485 1443 587 caritatis
1465 486 1627 582 propria

306 603 567 680 necessitudinis
593 602 764 675 affectioni
788 599 1068 700 praeponderare
1095 627 1167 674 non
1192 602 1386 676 dubitem:
1420 608 1502 697 Quo
1529 588 1628 680 dicto

307 730 453 803 senioris
469 749 613 812 rocem,
638 723 843 797 verecunda
861 713 966 796 animi
984 723 1202 798 haesitatione
1224 741 1447 824 torpentem,
1474 726 1521 800 ad
1539 727 1628 800 elo-

306 850 470 950 quenda,
496 873 578 948 quae
596 847 839 945 jubebantur,
872 847 1081 944 intrepidam
1106 846 1270 920 reddidit.
1322 851 1355 923 is
1380 854 1500 948 itaque
1524 849 1629 924 rela-

304 979 435 1066 tionem
459 971 506 1042 ab
530 970 735 1043 insidiarum
763 973 937 1068 principio
959 993 1080 1058 orsus,
1107 987 1331 1068 cunctasque
1357 995 1480 1046 earum
1504 991 1628 1071 partes

305 1101 399 1171 aeris
417 1093 626 1166 narrationis
642 1091 777 1166 indiciis
794 1111 1015 1191 prosecutus,
1029 1092 1099 1165 hoc
1113 1117 1186 1164 non
1205 1118 1279 1166 sure
1298 1094 1361 1167 sed
1381 1095 1503 1167 ulieoae
1515 1119 1630 1168 com-

305 1219 475 1320 pertionis
492 1215 602 1288 fuisse
619 1232 776 1307 testatur,
786 1232 950 1315 rogatum
966 1240 1004 1287 se
1016 1219 1188 1301 tantum¹,
1210 1217 1335 1288 eadem
1348 1221 1422 1317 regi
1431 1218 1624 1292 reserenda

305 1363 440 1415 curare.
492 1341 596 1411 Tunc
614 1363 694 1430 rex,
720 1363 764 1410 eo
788 1337 955 1411 secedere
972 1341 1093 1436 jusso,
1118 1337 1236 1413 ductis
1253 1339 1321 1412 alte
1339 1343 1511 1440 suspiriis,
1538 1345 1629 1440 pri-

304 1465 412 1538 vatim
427 1459 526 1560 apud
536 1459 752 1534 Absalonene
770 1463 873 1560 queri
892 1467 1011 1556 coepit,
1030 1485 1213 1558 nunquam
1234 1463 1301 1534 sibi
1321 1463 1376 1536 vel
1396 1467 1624 1563 cognationis

303 1583 710 1687 jus‚vel·beneficentiae
739 1589 902 1659 meritum
924 1583 1084 1655 obtentui
1103 1582 1180 1656 iore
1198 1587 1376 1682 potuisse,
1402 1613 1476 1685 quo
1497 1588 1621 1662 minus

284 1687 1626 1804 mfflpmmwwfffflmwmfflw.fflmmfflfflmm

305 1827 568 1903 dissimulanter
584 1826 736 1901 tolerare
752 1835 939 1928 coepisset,
966 1828 1129 1902 effectum
1152 1829 1286 1903 insidiis
1309 1829 1473 1928 prebere
1495 1855 1624 1928 posse,

305 1975 390 2052 quae
414 1968 485 2024 tam
511 1968 695 2049 potentum
719 1967 864 2049 tamque
888 1952 954 2024 sibi
987 1950 1211 2044 familiarium
1228 1951 1350 2024 studiis
1380 1967 1628 2044 necterentnr3

305 2077 449 2162 sivero,
475 2099 604 2172 parum
622 2072 743 2146 adhue
760 2073 946 2172 publicato
965 2075 1129 2162 facinore,
1155 2073 1333 2173 supplicia
1350 2072 1395 2160 de
1410 2073 1629 2150 indemnatis

304 2219 446 2271 sumere
462 2213 681 2284 maturasset,
709 2195 858 2296 dolique
873 2198 995 2270 notitia
1013 2221 1033 2268 a
1050 2196 1284 2296 paucioribus
1301 2213 1454 2294 sumpta,
1480 2197 1626 2272 crude-

302 2319 373 2394 lius
395 2325 430 2391 iu
454 2318 604 2392 aemulos
623 2318 871 2409 consuluisset,
896 2321 1036 2393 innoxia
1054 2323 1170 2418 capita
1190 2319 1348 2393 confictis
1366 2323 1625 2396 criminationis

302 2442 466 2543 partibus
499 2442 653 2516 obruere
691 2441 885 2535 videretur,
927 2443 1131 2540 invidiaque
1165 2445 1301 2515 virtutis
1346 2467 1518 2518 accensus
1568 2444 1626 2518 ad

303 2589 528 2640 communem
554 2571 694 2664 generis
720 2569 772 2637 sui
800 2567 976 2638 interitum
1002 2569 1107 2639 variis
1123 2564 1390 2640 insimulationis
1408 2563 1523 2640 modis
1543 2591 1625 2640 ex-

302 2713 465 2791 surgere,
487 2685 757 2760 necessitudinis
782 2713 925 2762 eversor
940 2687 1173 2788 affiniumque
1198 2705 1437 2787 consumptor
1461 2713 1625 2762 censen-

303 2811 1625 2911 dmlfflmnwmmmmfflmmmfflmmfflmmm-

276 2926 390 3033 ¹pera
415 2936 522 3027 ioret,
550 2935 763 3032 probrosam
786 2935 942 3006 existere.
994 2939 1044 3006 lta
1069 2959 1117 3023 se,
1144 2959 1253 3032 quem
1277 2919 1438 3008 vindictae
1465 2933 1626 3010 modum

302 3057 574 3157 apprehendere
596 3055 737 3146 debeat,
755 3065 939 3157 ignorare,
962 3060 1066 3155 cujus
1090 3074 1124 3128 et
1149 3060 1385 3155 ignominiosa
1408 3057 1627 3133 acceleratio

302 3183 347 3256 sit
372 3197 406 3254 et
434 3186 633 3280 perniciosa
666 3179 796 3252 dilatio.
857 3182 1034 3252 Caeterum
1066 3161 1271 3252 insidiarum
1299 3179 1467 3278 periculis
1493 3195 1628 3279 patere

301 3301 420 3396 malle,
437 3327 543 3400 quarn
562 3306 597 3376 in
615 3321 777 3375 auctores
794 3303 931 3376 facinus
946 3318 1162 3400 retorquere,
1183 3305 1218 3374 ni
1235 3301 1350 3378 mors'
1374 3327 1438 3377 sna
1454 3303 1502 3376 ad
1519 3301 1627 3376 alio-

300 3451 383 3501 rum
398 3405 582 3500 confestim
599 3430 740 3499 exitium
755 3423 980 3516 redundaret,
1009 3449 1116 3522 quam
1137 3421 1333 3500 liberorum
1350 3453 1500 3502 snorum
1518 3430 1624 3500 ami-

302 3573 502 3648 corumque
523 3547 735 3622 miserabilis
754 3563 900 3646 strages,
926 3573 1009 3620 mox
1027 3545 1207 3622 discordia
1225 3549 1340 3624 ciuilis
1355 3575 1525 3650 saevaque
1545 3575 1626 3624 ex-

300 3688 459 3745 terorum
481 3674 632 3769 irruptio
658 3696 701 3744 ae
725 3672 833 3745 totius
857 3676 981 3768 patriae
1006 3671 1184 3744 teterrima
1201 3678 1342 3746 vastitas
1356 3675 1625 3774 insequeretur.

299 3797 386 3868 liaec
409 3811 444 3868 et
468 3811 702 3868 consentanea
722 3818 786 3866 rex
806 3792 942 3866 crebris
963 3795 1146 3891 anxiisqae
1170 3796 1362 3891 gemitibus
1390 3813 1624 3896 prosecutus,

300 3941 384 4017 qaae
406 3919 558 3990 maxime
580 3917 646 3990 sibi
674 3915 892 4004 conducant,
926 3913 1142 3988 Absalonem
1168 3915 1345 4016 dispicere
1362 3919 1475 4018 jubet.
1535 3921 1640 4018 ttte,

298 4061 338 4113 se
358 4038 446 4114 nihil
465 4065 485 4112 a
503 4044 595 4139 regis
619 4042 850 4112 aestimatione
872 4037 1051 4111 diversum
1069 4039 1307 4138 perpendere,
1332 4044 1450 4133 refert,
1474 4045 1626 4142 praefa-

298 4175 370 4255 tus,
392 4169 509 4262 ipsum
526 4185 570 4236 ex
585 4163 771 4260 repentino
789 4157 953 4236 vindictae
969 4186 1145 4260 procursu
1176 4187 1250 4236 nou
1265 4167 1384 4242 levius
1411 4167 1516 4240 lamae
1532 4165 1625 4243 dis-

346 4487 512 4570 'Rogatum
533 4516 565 4554 se
586 4483 715 4570 tantum]
745 4485 789 4552 lttt
807 4487 854 4553 ed.
875 4512 921 4575 pr.
978 4485 1071 4550 babet
1094 4513 1142 4560 ne,
1171 4510 1240 4573 quse
1261 4485 1387 4574 menda,
1414 4491 1621 4578 typographo

297 4589 405 4675 Steph-
420 4595 542 4680 scripsit
559 4614 663 4660 tamen.
790 4599 793 4608 “
978 4605 1062 4656 certe
1084 4591 1196 4673 debita,
1220 4596 1275 4660 etsi
1297 4616 1420 4662 sensum
1440 4597 1559 4675 turbat,
1585 4601 1622 4662 in

978 4702 1112 4764 editione
1132 4701 1294 4767 lilotziana
1316 4725 1376 4790 pro
1409 4723 1496 4768 more
1519 4701 1620 4768 solito

342 4805 410 4866 'Ni
419 4803 509 4883 oreas]
529 4809 574 4870 lta
595 4806 640 4870 ed.
662 4829 709 4890 pr.
727 4803 833 4888 stepo.
850 4803 920 4866 edit.
977 4806 1113 4872 iteratur.
