3582 5466
373 267 449 372 aaa
687 301 1130 374 mercamentum
1146 301 1235 376 xnr.

320 525 374 582 tas
386 525 447 581 eat.
500 513 582 604 Qui,
605 533 651 580 ne
670 504 836 582 dominus
852 509 900 584 ab
916 507 1020 586 hoste
1042 515 1317 610 interciperetur,
1337 509 1537 610 periculum
1551 513 1630 608 ejas

319 655 387 704 suo
401 630 578 706 discutere
593 654 666 704 non
680 628 864 707 dubitavit
921 637 1032 708 Sociis
1054 656 1212 731 namque
1239 633 1285 706 dc
1309 631 1481 710 industria
1502 635 1632 733 fugere

317 755 435 850 jussis,
449 756 698 852 ipsecorporis
716 755 942 830 simulatione
967 781 1114 830 cursum
1137 755 1266 830 lentius
1289 779 1398 856 agent
1431 749 1630 829 imminenti

318 873 387 947 sibi
401 875 528 948 Solavo
544 899 669 950 manns
680 876 810 953 obtulit
824 879 1036 972 vinciendas,
1046 875 1287 978 ejusdemque
1300 885 1451 977 propius
1465 877 1627 976 obequi-

317 1003 419 1072 tantis
434 998 594 1072 habenas
614 1001 818 1098 corripiens,
845 1001 950 1074 latas
972 1006 1077 1076 sociis
1092 1027 1183 1099 ope,
1209 1025 1304 1099 equo
1319 1001 1516 1073 barbarum
1533 1025 1627 1097 spo-

316 1119 421 1194 liavit.
475 1125 722 1222 Quopotitus,
750 1127 913 1220 protinus
936 1149 980 1196 eo
1006 1149 1182 1197 summam
1200 1126 1328 1195 Canuti
1354 1122 1627 1196 imbecillitatem

316 1242 465 1341 adjuvit.
517 1247 627 1344 igitur
642 1263 682 1318 ut
698 1243 858 1335 callidae,
884 1253 930 1318 ita
942 1243 1153 1346 periculosae
1169 1246 1380 1320 lenitudinis
1406 1244 1488 1317 lelix
1513 1245 1629 1316 exitus

315 1365 388 1438 fait
461 1366 644 1443 Subeunte
683 1369 897 1468 crepusculo
919 1373 1042 1462 nostri,
1084 1370 1260 1443 infelicem
1287 1395 1420 1470 pugnae
1459 1383 1628 1441 eventum

315 1491 446 1578 sortiti,
470 1488 639 1589 reliquias
665 1515 748 1566 suas
773 1495 879 1566 unico
903 1493 1039 1589 repetiti
1066 1494 1205 1567 verticis
1231 1490 1398 1592 praesidio
1424 1486 1626 1560 tuebantur.

316 1611 408 1683 Cibo
433 1634 581 1711 quoque
605 1629 637 1686 et
655 1621 799 1712 potione
816 1613 975 1688 defectos
991 1631 1122 1712 praeter
1146 1615 1293 1689 vulnera
1315 1639 1357 1688 ac
1379 1610 1624 1686 lassitudinem

315 1737 421 1806 etiam
438 1733 685 1810 alimentorum
705 1739 825 1836 inopia
841 1737 1030 1809 lacerabat
1084 1739 1195 1836 lgitur
1209 1737 1256 1808 ad
1274 1737 1434 1809 ultimam
1447 1751 1623 1832 paeneta-

314 1855 397 1928 bem
415 1855 564 1949 redacti,
591 1885 707 1958 quum
723 1879 756 1933 et
771 1859 933 1958 pericula
951 1861 1113 1960 undique
1146 1877 1180 1933 et
1197 1883 1378 1956 nusquam
1401 1857 1530 1932 auxilia
1544 1862 1619 1928 cir·-

315 1981 585 2078 cumspicereut,
610 1983 762 2081 (quippe
774 1983 1066 2056 et‘Scanieusium
1082 1999 1293 2079 tempestate
1309 1979 1535 2054 detinebatur
1548 1976 1622 2052 ad·-

314 2119 451 2194 ventas‚
468 2119 502 2175 et
518 2103 654 2195 Elivus,
669 2106 820 2202 pecunia
837 2104 885 2176 ab
904 2107 1056 2179 Henrico
1073 2103 1276 2202 curruptus',
1301 2101 1435 2176 reddita
1454 2102 1625 2176 tarditatis

313 2227 464 2315 ratione,
488 2228 612 2324 copias
637 2225 1066 2325 duceresupersedebat,)
1088 2228 1256 2300 humanae
1272 2229 1351 2324 opis
1375 2226 1622 2323 desperatione

313 2346 361 2420 ad
376 2349 518 2422 coeleste
531 2349 738 2448 praesidium
761 2351 1017 2450 confugerunt,
1042 2349 1316 2448 absumptaeque
1333 2351 1409 2448 spei
1430 2373 1507 2422 suae
1531 2348 1623 2421 reli-

313 2477 414 2569 quias
446 2475 483 2544 in
513 2473 572 2547 dei
608 2501 719 2573 quam
750 2472 937 2548 hominum
961 2472 1167 2546 fortitudine
1199 2499 1376 2571 reponere
1409 2471 1623 2546 maluerunt.

311 2597 455 2668 Postera
478 2621 565 2670 vero
587 2596 663 2686 die,
707 2623 781 2694 qua
809 2600 1054 2670 Laurentianae
1079 2596 1210 2696 vigiliae
1234 2621 1332 2670 sacra
1359 2597 1622 2686 recolebantur,

311 2713 464 2790 divinam
479 2723 672 2816 potentiam
687 2719 786 2793 nullo
815 2720 941 2792 melius
969 2743 1079 2816 quarn
1096 2719 1302 2819 frugalitatis
1318 2733 1400 2792 roto
1414 2721 1622 2817 propitian-

309 2837 395 2912 dam
412 2845 497 2932 rati,
528 2845 699 2915 concione
721 2841 921 2942 lugubriter
945 2841 1083 2932 habita,
1107 2841 1242 2934 lucem,
1267 2867 1340 2941 qua
1369 2842 1426 2918 vel
1440 2843 1619 2940 privatum

309 2953 486 3036 Laurentii
516 2964 574 3038 vel
601 2963 790 3062 publicum
820 2965 1029 3037 Sanctorum
1064 2963 1211 3038 solenne
1235 2971 1508 3064 praecurrimus,
1541 2965 1619 3036 sive

309 3109 420 3182 quam
446 3085 575 3160 divinae
598 3089 772 3185 passionis
791 3088 971 3160 memoriae
998 3085 1164 3160 dedicare
1191 3094 1461 3180 eonsrevimaS,
1498 3111 1620 3158 annuo

309 3223 515 3305 temporum
530 3209 713 3283 volumine
726 3213 911 3309 repetitam
955 3209 1003 3280 ab
1030 3214 1128 3284 omni
1148 3213 1284 3286 Danica
1310 3228 1413 3284 aetate
1429 3215 1619 3284 coutinen-

308 3331 440 3403 tissima
465 3333 590 3431 jejunii
611 3333 782 3434 religione
807 3330 1039 3404 excolendam
1068 3336 1289 3430 promittuut.
1360 3332 1470 3428 Quod
1485 3348 1618 3421 votum,

307 3452 464 3550 publicae
480 3457 695 3530 necessitatis
710 3456 883 3552 exigentia
897 3471 1153 3554 nuncupatum,
1178 3459 1396 3532 exactissima
1421 3458 1617 3556 posterita-

307 3581 351 3650 tis
365 3599 450 3648 cura
469 3577 633 3669 firmavit,
659 3577 844 3675 indignum
858 3592 945 3669 rata,
962 3595 1088 3652 statam
1110 3605 1130 3651 a
1153 3579 1349 3676 majoribus
1363 3581 1617 3654 continentiam

306 3697 481 3772 stomachi
505 3705 719 3799 impatientia
742 3715 849 3797 atque
865 3725 1027 3773 escarum
1053 3699 1217 3774 aviditate
1239 3701 1450 3776 convellere.
1503 3701 1618 3774 Dilu-

306 3822 390 3896 culo
404 3847 490 3897 vero
504 3841 708 3896 nostrorum
724 3829 825 3914 acies,
844 3825 1041 3896 centuriatis
1055 3822 1173 3920 globis
1196 3849 1301 3898 naves
1315 3843 1478 3924 repetere
1497 3821 1614 3896 ador-

304 3969 362 4038 sa,
394 3948 611 4036 Scanienses,
637 3971 755 4042 nuper
778 3944 891 4020 classe
911 3945 1090 4035 adrectos,
1108 3945 1237 4020 obvios
1260 3947 1395 4022 habuit.
1448 3950 1617 4041 Quorum

304 4069 477 4146 adrentus
492 4069 668 4142 beneficio
684 4083 853 4156 recreata,
891 4070 998 4165 ipsos,
1021 4067 1169 4165 perinde
1191 4095 1234 4143 ac
1258 4095 1410 4170 corpore
1423 4089 1458 4143 et
1474 4046 1619 4142 viribus

304 4194 472 4292 integros,
497 4219 544 4265 ne
563 4211 662 4292 terga
677 4189 725 4262 ab
741 4198 900 4289 equitatu
917 4198 1191 4283 incesserentur,
1216 4219 1342 4268 curare
1364 4192 1476 4293 jubet.
1528 4193 1617 4264 De-

303 4312 387 4384 inde
408 4323 607 4414 composito
630 4315 783 4414 gradum
810 4317 950 4413 agmine
973 4338 1201 4411 promerem,
1224 4343 1307 4392 cum
1332 4318 1424 4392 forte
1445 4314 1618 4388 limosam

303 4433 437 4534 objecti
452 4437 628 4514 lacunaris
650 4439 877 4539 voraginem¹
898 4440 1061 4537 trajicere
1080 4441 1272 4531 debuisset,
1296 4465 1414 4539 neque
1430 4463 1510 4512 earn
1534 4437 1619 4511 ullo

348 4737 487 4818 ‘Objecti
499 4739 646 4798 lmaaaris
664 4731 846 4816 voraginem]
864 4735 926 4796 Ln-
983 4747 1029 4798 cst
1050 4745 1082 4798 et
1104 4735 1239 4798 melioris
1268 4747 1351 4800 nota
1375 4729 1530 4799 autoribus
1543 4731 1620 4812 pla-

301 4865 393 4906 ranar
409 4863 468 4926 pro
488 4845 594 4906 lacuna
609 4861 676 4904 rara
690 4837 854 4902 admodum
868 4860 926 4902 vox
980 4861 1019 4904 aa
1035 4841 1199 4925 incognita.
1222 4837 1274 4923 (S)
