3538 5460
560 271 564 280 '
647 291 853 366 crunnus
876 293 934 366 vr.
1340 295 1413 370 sm

142 507 282 578 minore
314 527 396 578 cnm
425 508 556 578 virium
587 527 734 578 suarum
764 501 928 604 periculo
960 475 1245 602 oppugndndcm
1274 503 1462 606 sperando.

142 631 261 720 Quam
281 629 587 726 opportunitatem
618 627 839 727 aliquamdiu
865 633 1054 728 quaesitam
1076 651 1098 704 a
1125 623 1267 700 fortune
1295 628 1363 702 sibi
1390 652 1462 701 ne-

143 752 222 851 gen'
256 751 501 856 conspiciens,
535 749 683 824 Sclaviae
711 767 892 850 satrapam
923 751 1190 854 Bogiszlavum,
1212 775 1323 850 quem
1343 775 1464 850 nuper

142 871 317 945 aninnri
345 873 460 946 fratris
493 871 694 947 decedentis
729 873 865 960 orbitas
905 874 1086 954 heredem
1109 873 1294 962 ellecerat,
1327 872 1463 946 crebris

141 995 352 1070 muneribus
375 994 676 1094 amplissimisque
699 999 995 1094 promissionibus
1023 1006 1058 1071 in
1075 1001 1211 1074 Deuice
1234 994 1331 1070 bella
1356 993 1463 1068 solli-

142 1120 236 1194 citat.
309 1118 421 1215 Cujus
453 1116 610 1192 hortatui
644 1120 875 1219 Bogiszlavns
913 1129 1063 1220 pronius
1079 1175 1085 1192 ,
1101 1145 1211 1222 quom
1249 1115 1468 1218 prudentius¹
1544 1107 1554 1134 ‘

141 1243 355 1334 obsecutus,
395 1240 460 1314 sed
492 1241 632 1316 bellurn
664 1240 856 1317 adversum
880 1248 1031 1319 Daniam
1061 1243 1183 1348 palam
1204 1259 1315 1341 atque
1340 1255 1464 1340 aperte

138 1364 301 1465 profiteri
315 1387 390 1438 non
403 1387 524 1457 ausus,
533 1369 690 1463 primum
705 1367 873 1448 avunculi
886 1371 1122 1461 suiJarimnrl,
1132 1368 1257 1468 llugiee
1265 1363 1461 1465 praeiecti¹,
1582 1405 1587 1416 ·

139 1639 205 1690 tem
227 1624 409 1694 seditionem
440 1628 665 1708 scaniensium,
696 1649 768 1694 vere
835 1631 993 1716 genealog.
1011 1628 1085 1692 item
1104 1626 1225 1710 Canuti,
1243 1626 1325 1713 regis
1340 1623 1462 1702 Denie,

139 1733 270 1798 sortasse
294 1737 365 1797 enni
386 1732 485 1814 1183,
508 1737 540 1799 in
558 1739 686 1800 Daniam
705 1735 769 1799 abi·
834 1740 927 1801 filiam
952 1739 1097 1824 rppellat.
1148 1736 1181 1800 si
1200 1734 1307 1803 exinde
1328 1743 1461 1796 statuere

139 1844 198 1908 isse
228 1843 357 1906 videtur.
403 1845 501 1908 ltlulto
530 1845 625 1909 serius
656 1845 704 1911 vix
731 1865 768 1910 eo
834 1847 926 1925 licet,
960 1845 1185 1917 Wratislsvum
1217 1853 1249 1908 et
1278 1839 1462 1904 larimamnr

138 1948 228 2012 misse
251 1961 314 2028 est,
343 1949 511 2034 siqnidem,
539 1965 573 2016 ut
592 1952 658 2014 vnit
677 1954 768 2029 Saxo,
835 1953 909 2018 durs
922 1957 1043 2020 s'orores
1057 1951 1089 2016 in
1103 1945 1462 2024 matrimonialium,

139 2053 264 2140 aliquod
281 2067 400 2142 tempus
414 2071 519 2142 postea
536 2061 769 2146 praeterlnpsum
834 2063 914 2128 Saxo
933 2081 988 2127 suc
1013 2061 1081 2144 jure
1099 2054 1282 2126 Wratisleri
1299 2053 1363 2116 lilio
1383 2051 1467 2120 Jari-¹

140 2175 197 2240 est,
220 2175 381 2248 antequam
403 2163 582 2252 imperator,
599 2185 667 2228 cum
685 2151 782 2252 spem*
835 2189 953 2229 marum
980 2166 1161 2232 avunculum
1190 2162 1250 2226 dat.
1299 2158 1462 2244 Temporis

137 2290 223 2330 snam
237 2265 413 2331 frustratam
428 2268 770 2354 videret,Bugislarum,
833 2275 913 2338 ratio
938 2271 1188 2360 probabilitatem
1213 2267 1303 2352 hujus
1331 2263 1461 2330 affinita-

138 2371 769 2456 initio,credo,eoni1184,''inDenice
833 2383 873 2445 tis
901 2403 963 2444 non
996 2380 1118 2465 quidem
1151 2378 1253 2444 firmat
1281 2373 1461 2452 (Jarlmerus

138 2483 218 2546 bella
249 2479 454 2548 sollicitavit.'’
506 2486 608 2578 Quurb
628 2480 770 2548 Frederi·
832 2509 895 2551 non
918 2489 1015 2550 molto
1033 2497 1102 2550 nate
1121 2483 1350 2556 nrtusridetur,
1370 2495 1462 2564 mers

137 2610 191 2655 nrt
210 2589 395 2658 barbarossa
420 2588 480 2671 jam
505 2601 576 2655 onte
597 2587 767 2672 sigfridum
833 2608 971 2659 mortuus
997 2607 1042 2660 est
1065 2589 1301 2668 Wretislerua),
1328 2597 1462 2652 ettamen

138 2695 311 2780 ablegatum
332 2697 538 2780 compluribus
565 2693 767 2780 legationibus
832 2721 896 2771 non
925 2699 1098 2785 redarguit3
1131 2695 1352 2778 (Wretislavus
1378 2689 1462 2754 ldam

137 2823 244 2888 regem
269 2801 306 2864 de
327 2801 431 2866 eedem
455 2822 488 2864 re
509 2803 691 2879 monuisset,
720 2823 767 2864 er·
831 2808 937 2900 paucis
960 2807 1081 2872 demum
1114 2807 1199 2870 annis
1233 2815 1303 2868 ante
1328 2809 1462 2862 mortem

139 2908 246 2972 dorem
271 2919 356 2978 uerte
391 2908 421 2968 ln
443 2911 561 2970 Caesat'e
585 2907 666 2970 haud
691 2906 768 2970 desi·
834 2936 919 2976 suam
937 2933 1062 2977 uxorem
1081 2913 1198 2976 duxlsee
1217 2908 1361 2988 videtur).
1400 2902 1463 2968 Sed

139 3014 258 3078 derabis
287 3013 454 3077 dominium
482 3035 570 3076 suum
600 3013 682 3078 sacili
710 3015 767 3078 hac
834 3023 866 3084 in
890 3019 991 3084 medio
1010 3019 1209 3109 relinquenda
1231 3029 1277 3080 est
1297 3003 1362 3091 re's,
1393 3029 1463 3074 cum

139 3120 264 3218 ratione,
285 3119 438 3184 dilatandi.
481 3117 547 3186 ctr.
575 3121 645 3186 bist.
666 3123 767 3206 ltnyu.
837 3126 914 3190 nibil
952 3126 991 3191 de
1024 3127 1084 3192 iliis
1117 3125 1262 3190 uxoribus
1297 3136 1462 3204 earumque

140 3247 208 3312 ⁰⁸1²·
229 3223 298 3290 ¹²8·
835 3232 1056 3298 necessitudine
1078 3245 1270 3318 compertum
1289 3231 1462 3298 hebernus

189 3333 369 3398 ¹Avuncn5
392 3337 442 3398 sui
462 3378 470 3401 .
492 3377 500 3396 .
521 3379 529 3396 .
548 3331 696 3420 prefecti]
720 3335 769 3396 De

141 3437 201 3502 bac
231 3439 414 3523 cognatione
451 3439 494 3501 nil
529 3441 606 3502 certi
628 3451 770 3502 'constan

141 3543 235 3630 Apud
251 3545 414 3628 scriptores
438 3565 540 3608 rerum
559 3545 771 3608 Pomcrenice-

138 3673 209 3716 rum
224 3649 415 3720 Wretislaro
434 3651 472 3732 (†
491 3647 595 3728 1136),
614 3653 694 3734 patri
710 3655 771 3716 Bu-

835 3341 869 3409 si
882 3361 1003 3404 sorores
1018 3339 1141 3406 intrem
1157 3339 1208 3402 lde
1226 3350 1258 3402 et
1268 3331 1463 3420 Hildegardis

836 3460 926 3532 etque
951 3448 1033 3531 regis
1060 3445 1216 3530 cujusdem
1243 3443 1352 3510 cunuti
1378 3441 1463 3518 liliae,

836 3574 899 3614 non
920 3554 1044 3636 quidem
1065 3553 1138 3616 ticet
1155 3569 1224 3618 cum
1242 3548 1399 3614 Grannio
1417 3545 1464 3627 (in

836 3671 902 3722 not.
926 3657 963 3721 ad
981 3663 1091 3722 Meurr.
1120 3657 1180 3720 col.
1207 3653 1347 3738 etseq..
1370 3671 1464 3736 quent

141 3757 250 3842 gisleri
275 3757 392 3834 nostri,
421 3755 489 3820 duae
513 3757 624 3821 dantur
652 3776 771 3836 uxores,
834 3777 1003 3849 sequuntur
1022 3762 1163 3828 Submiur
1188 3764 1228 3824 D.
1249 3764 1290 3824 11.
1310 3759 1371 3838 Vl,
1400 3752 1463 3822 255

139 3863 232 3934 urite
264 3885 288 3930 n
312 3865 448 3943 Helena,
476 3885 493 3928 e
517 3863 646 3932 Saxonis
678 3864 725 3928 vel
754 3883 771 3928 e

139 3971 271 4036 Bersria
291 3969 438 4046 munda,
467 3981 498 4032 et
519 3968 588 4050 lde,
610 3973 671 4038 titia
691 3973 771 4056 regie

141 4076 272 4154 Diniae,
309 4095 399 4158 quem
429 4076 592 4140 Miurelius
618 4073 659 4158 (v.
685 4081 771 4148 Alter

141 4181 380 4260 Pommerlend,
403 4187 440 4248 Β.
461 4187 500 4262 11,
521 4207 591 4270 pag.
609 4185 671 4252 242
692 4187 771 4252 etin

142 4289 205 4360 tsb.
223 4290 400 4374 genealog.)
420 4291 570 4359 Gnouton
593 4307 690 4356 vocnt.
722 4297 772 4360 Je-

37 4467 41 4485 .
141 4397 267 4474 rimare,
280 4397 388 4481 nugis
397 4395 541 4482 principi,
554 4412 676 4464 mortuo
692 4402 771 4468 circe

141 4527 170 4566 a.
195 4501 275 4566 1212
304 4514 394 4566 estote
417 4503 585 4572 ,admodum
613 4520 771 4590 provecta,

141 4609 220 4674 Rezi
246 4609 395 4695 principis
415 4609 454 4688 (†
474 4607 556 4673 1140
576 4631 604 4672 v.
623 4607 718 4692 1141)
738 4612 772 4673 li·

143 4717 200 4796 llo,
220 4737 297 4782 uxor
315 4729 392 4798 emt,
413 4717 521 4782 iisdem
543 4715 683 4796 testibus,
702 4718 771 4780 Hil-

143 4823 304 4909 degerdis,
341 4847 432 4912 qaam
459 4825 623 4892 blicraelins
647 4825 681 4889 iu
709 4824 772 4890 tab.

836 3863 1464 3954 sq.v11,549‚srsdifflitdegndemfitim

836 3975 938 4042 lacere
957 3976 1192 4060 manriquus,
1212 3971 1397 4040 Roerlrildiae
1418 3971 1463 4042 in·

837 4083 970 4162 terfecti,
988 4083 1041 4169 qui
1054 4096 1183 4169 propter
1201 4062 1393 4150 etetenldte
1409 4099 1464 4162 pe·

837 4205 885 4256 ter
916 4211 979 4256 esse
1010 4215 1073 4256 non
1103 4191 1215 4275 potuit.
1272 4187 1355 4252 Nihil
1390 4205 1463 4249 vero

837 4283 958 4373 dbstst,
981 4319 1042 4386 quo
1065 4299 1163 4362 minus
1183 4307 1341 4383 putemus,
1360 4311 1409 4358 ees
1429 4291 1464 4354 sr-

838 4404 892 4466 lias
910 4402 1005 4470 luisse
1024 4406 1142 4490 spurias
1160 4403 1265 4468 Sancti
1274 4399 1384 4466 Canuti
1392 4402 1464 4479 (Le-

837 4507 948 4588 rard),
985 4509 1069 4574 ducis
1098 4508 1293 4584 slesvicensis
1320 4520 1351 4574 et
1383 4506 1465 4590 regis

838 4615 1066 4681 Obotritorum.
1094 4615 1405 4704 [llocprobrnquod
1426 4613 1465 4678 ad

838 4721 921 4788 idam
941 4725 1063 4801 ettinet,
1082 4725 1225 4790 Sabmins
1243 4725 1306 4818 ¹·,⁰·
1324 4729 1373 4818 V,
1391 4715 1463 4800 386,

837 4829 938 4914 rejicit
958 4829 1032 4897 ibid
1053 4834 1125 4913 vu,
1147 4829 1230 4918 550)
