3508 5460
619 327 947 399 WALDEMARUS
965 329 989 398 1.
1339 329 1412 402 767

144 563 223 618 rem,
236 536 488 637 subiectorum
501 559 688 609 numerum
703 536 834 612 militie
852 551 979 612 vestrae
994 536 1180 612 residuum
1195 537 1317 612 facitis.
1367 539 1464 633 Quid

145 685 233 760 ergo
249 657 350 736 aliud
365 657 506 732 cladem
522 673 680 732 nostram
699 659 898 732 exercendo
915 662 1035 758 agitis,
1069 685 1179 760 quam
1205 661 1305 760 quod
1329 663 1465 738 viscera

144 783 284 856 uiribus
298 781 530 857 exinaniendo
555 785 787 856 consumitis?
838 781 948 874 Quod
968 786 998 855 si
1022 809 1149 882 purum
1165 784 1286 858 adhuc
1306 809 1373 858 nos
1387 811 1465 884 pu·-

142 907 236 980 nitos
252 904 393 994 ducitis,
408 904 574 980 hostibus
589 907 713 978 vestris
729 903 828 978 bello
849 906 1082 1002 proterendos
1097 907 1252 1007 objicite,
1278 923 1338 980 aut
1351 923 1465 982 morte

142 1047 265 1110 nostra
283 1027 445 1101 vindictas
460 1033 656 1102 satietatem
677 1028 865 1125 sumpturi,
889 1044 951 1100 out
967 1031 1112 1102 victoria
1131 1029 1286 1104 rebelles
1310 1029 1379 1102 sub
1394 1031 1463 1128 ju·-

143 1179 234 1253 gum
256 1154 405 1225 missuri.
474 1151 563 1223 Victi
585 1175 741 1248 namque
768 1175 898 1248 parum
921 1153 1103 1242 moeroris,
1139 1154 1291 1224 victores
1313 1153 1464 1226 multum

145 1275 333 1348 alacritatis
352 1277 478 1348 vestris
498 1274 623 1346 animis
644 1275 907 1372 ingereremus3
930 1267 1099 1346 utralibet
1121 1295 1208 1372 ergo
1233 1275 1374 1349 fortuna
1391 1301 1462 1350 ve-

144 1403 226 1472 stris
241 1396 469 1470 successibus
487 1396 758 1493 obsequeretur.
811 1400 994 1486 Praeterea,
1015 1401 1044 1468 si
1071 1420 1137 1469 uos
1156 1399 1263 1472 armis
1287 1397 1464 1474 lacessere

145 1517 430 1620 perseverabitis,
456 1543 561 1592 casus
578 1515 718 1591 efficere
736 1521 884 1616 poterit,
913 1535 949 1591 ut
974 1535 1127 1618 stragem
1151 1535 1309 1593 nostram
1344 1517 1463 1596 olicu-

144 1650 203 1745 jus
226 1661 385 1722 vestrum
410 1641 483 1716 suto
510 1639 634 1731 luatis,
660 1640 766 1738 cujus
792 1643 906 1736 eapite
922 1647 1029 1714 totius
1056 1644 1182 1740 Rogita
1203 1641 1463 1739 subjectionem

148 1771 279 1843 emisse
295 1763 437 1840 difficile
454 1763 570 1836 fuerit
637 1763 785 1837 Talibus
801 1763 960 1837 Absalon
971 1767 1121 1857 imonitis
1137 1768 1321 1854 invitatus,
1344 1768 1462 1865 Rugi-

149 1915 300 1964 anorom
323 1903 405 1962 vota
433 1883 531 1986 apud
557 1910 680 1983 regem
705 1909 770 1958 sua
793 1911 901 1983 prece
922 1887 1123 1987 complevit.
1183 1891 1276 1980 Rex,
1308 1893 1464 1990 acceptis

151 2011 354 2099 obsidibus,
370 2009 470 2083 redit.

149 2181 152 2188 .
278 2131 419 2208 Eodem
434 2131 509 2206 fere
523 2147 686 2230 tempore
704 2129 750 2206 de
766 2134 873 2208 Urbis
890 2134 1096 2232 pontificatu
1119 2134 1358 2206 controversia
1376 2137 1465 2210 mter

130 2255 356 2332 carduales
380 2269 478 2343 ortu,
503 2259 600 2327 varie
624 2258 887 2354 provinciarum
909 2257 1074 2355 suffragio
1106 2254 1322 2328 serebantur.
1374 2261 1464 2332 Nam

150 2379 263 2454 Gallio
277 2374 479 2450 Alexandro
498 2375 661 2451 obtentui
680 2377 766 2470 luit3
791 2381 993 2470 Germania,
1018 2393 1142 2450 autore
1156 2379 1316 2468 Caesare,
1350 2383 1463 2454 Octa-

149 2507 241 2579 viaui
257 2501 422 2602 partibus
446 2499 619 2574 obsecuta
644 2506 729 2574 est¹.
806 2501 875 2574 Sed
904 2506 1035 2602 justior
1055 2499 1289 2598 religionique
1314 2503 1465 2599 propior

149 2625 334 2700 Gallorum
357 2623 553 2722 sequacitas
578 2623 651 2696 fuit.
710 2623 814 2718 Quod
840 2643 1028 2725 postquam
1051 2631 1085 2696 in
1110 2625 1224 2697 Dacia
1249 2623 1464 2721 percrebuit,

191 2887 315 2948 ‘Gallus
341 2883 511 2946 Alexandro
540 2883 671 2943 obtentui
691 2883 778 2968 sor't,·
837 2895 911 2946 runt
931 2903 989 2968 pro
1004 2879 1175 2959 Rollsudo,
1194 2878 1263 2965 qui,
1285 2881 1464 2946 sollenniter

150 2994 322 3061 Germanic,
342 3006 445 3052 autore
463 2989 591 3063 Caesare,
618 2987 778 3052 Octaviani
836 2991 1047 3073 inauguratus,
1077 3007 1188 3052 nomeu
1211 2986 1374 3053 Alexandri
1402 2999 1463 3055 teu

145 3099 283 3184 pertitus
300 3097 434 3158 obsecuta
447 3091 599 3176 eerPepa
616 3094 774 3158 Hadriano
838 3097 873 3161 tii
893 3096 1046 3173 assumsit,
1079 3109 1110 3160 et
1129 3095 1216 3160 breti
1231 3107 1302 3180 post
1322 3091 1464 3179 Octoris7

150 3199 426 3288 quartodefuncto,
442 3199 510 3261 dure
526 3199 557 3262 iu
572 3199 702 3284 collegio
712 3221 777 3266 car-
836 3223 919 3280 num,
949 3201 1083 3270 Victoris
1098 3200 1198 3286 quarti
1227 3200 1348 3264 nomine
1373 3199 1464 3286 insig-

150 3301 690 3390 dinaliomerantlactioues,quarum
702 3310 776 3372 alte·
838 3309 945 3388 ultum,
964 3311 1093 3371 Romam
1113 3307 1248 3394 linquere
1263 3303 1373 3390 coegit.
1406 3309 1464 3370 lm·

149 3439 182 3479 ra
195 3411 775 3500 apartibusimperatorisstabat,altera
837 3428 962 3499 perator
987 3413 1159 3479 Fridericus
1180 3409 1376 3490 Barbarossa,
1399 3423 1463 3474 tum

149 3521 187 3584 de
203 3519 323 3604 juribus
341 3531 372 3581 et
388 3517 627 3581 immunitatibus
640 3521 774 3584 ecclesiae
837 3523 975 3586 Cremona
992 3521 1150 3584 obsidione
1168 3537 1319 3604 premens,
1345 3531 1463 3581 utrum·

147 3641 258 3691 eontra
270 3625 488 3708 imperatorem
500 3621 699 3688 defendendis
711 3641 777 3689 orat
838 3649 896 3714 que
909 3651 1018 3713 papam
1025 3628 1152 3713 Papium
1161 3627 1263 3689 venire
1270 3625 1367 3708 jussit.
1393 3623 1464 3688 Ate·

148 3733 289 3798 sollicita.
337 3733 422 3808 fleo,
436 3749 564 3794 numero
578 3732 688 3816 major,
702 3735 778 3796 Rot-
836 3733 949 3796 xauder
967 3734 1070 3796 venire
1084 3737 1245 3797 recusarit.
1288 3732 1464 3794 VictorPe-

150 3837 276 3904 landum
301 3858 412 3924 papam
436 3837 544 3920 elegit3
565 3839 667 3900 minor
684 3840 781 3902 cardi·
839 3840 921 3922 piam
938 3839 1030 3916 veuit,
1052 3839 1172 3922 ibique,
1204 3858 1292 3902 causa
1308 3857 1374 3921 cJus
1390 3857 1463 3920 cog·

150 3949 265 4012 natium
282 3965 354 4030 pars
375 3941 576 4012 Octavianum
602 3945 776 4008 nominavit.
838 3946 920 4022 nita,
949 3956 1052 4029 potres
1077 3944 1213 4023 concilii,
1244 3945 1354 4028 quiex
1377 3943 1463 4006 ltalia

151 4057 228 4118 Cum
247 4051 414 4115 Rollaudus
443 4048 645 4136 aliquamdiu,
681 4053 777 4115 veluti
840 4064 870 4114 et
888 4049 1143 4114 Germaniabaud
1172 4047 1379 4136 infrequentes
1395 4049 1463 4113 ade·

151 4157 299 4222 modestia
324 4155 450 4229 ductus,
479 4169 614 4218 mantum
639 4160 778 4242 papalem
839 4169 926 4236 rant,
951 4158 1128 4220 electionem
1150 4157 1283 4224 Victoris
1304 4155 1464 4219 confirma-

150 4267 289 4350 recipere
304 4261 503 4338 reniteretur,
525 4259 616 4339 huno,
633 4261 684 4344 qui
706 4285 777 4346 par·
840 4277 950 4326 rerunt
965 4285 1044 4326 suno
1064 4263 1178 4326 domiui
1204 4257 1292 4326 1160.
1335 4262 1464 4326 blesan-

151 4371 192 4434 tis
217 4381 305 4434 eraut
337 4366 489 4445 adversm,
524 4355 730 4450 arripuerunt
749 4379 780 4430 et
841 4369 1052 4458 domitorum
1070 4369 1206 4456 linqaere
1227 4381 1365 4450 coaetus,
1387 4369 1463 4432 bene

144 4476 323 4542 Octaviano
333 4475 522 4550 obtulerunt,
539 4474 591 4560 qui
604 4493 675 4536 mox
686 4480 710 4536 ‘a
724 4494 782 4558 po·
842 4489 984 4562 receptus
999 4487 1075 4538 ests
1092 4493 1164 4560 rego
1179 4477 1333 4554 Franoiae,
1361 4477 1464 4542 Ludo-

152 4583 228 4667 pulo
241 4584 383 4646 Romano
401 4603 480 4668 papa
496 4581 641 4648 salutatus
663 4591 725 4661 est,
752 4593 784 4644 et
843 4583 913 4648 vico
937 4584 1086 4668 septimo,
1120 4595 1168 4662 et,
1198 4584 1328 4648 conuitio
1360 4586 1465 4651 Clara·

152 4688 246 4750 talem
270 4707 303 4750 se
326 4707 452 4772 gerens,
482 4687 625 4750 aemulum
647 4708 704 4772 per
728 4687 782 4750 ali·
844 4691 942 4752 monti
958 4688 1074 4769 babitu,
1088 4691 1305 4778 imperatorem
1323 4710 1409 4776 aeque
1428 4708 1464 4756 aa

151 4807 230 4879 quot
252 4793 316 4856 dies
352 4797 508 4883 captivum
534 4795 640 4860 tenuit.
702 4799 782 4856 Tum
840 4795 997 4863 Victorem
1013 4809 1155 4880 quartum
1182 4798 1373 4862 anathemate
1394 4816 1463 4880 per·

155 4921 228 4964 sero
242 4901 354 4963 incole
368 4905 454 4968 urbis
468 4907 577 4968 Itomae
593 4923 675 4966 arma
692 4919 781 4986 cepe·
843 4902 944 4967 oussit.
