3582 5466
769 279 927 356 SVENO.
1374 279 1447 350 553

185 496 280 568 minc
293 489 579 580 muribus,
595 511 668 564 non
681 507 866 567 contentus
881 489 1110 568 οῑυὶειίιηαιιι
1120 513 1279 588 pugnam
1295 493 1383 567 intra
1402 515 1495 588 pro-

184 619 308 716 prium
324 611 478 690 edidisse
492 617 686 712 navigium,
709 613 876 690 omnibus
895 619 1054 710 corporis
1075 617 1127 690 tui
1145 616 1369 689 munimentis
1392 637 1495 710 prar-

186 755 239 812 ter
256 745 401 817 scutum
415 733 577 832 abiectis,
591 735 882 812 confertissimam
898 733 1056 810 hostium
1073 753 1183 811 ratem
1193 737 1366 822 insiluisti,
1376 759 1494 832 qner-

186 884 319 958 cnqne‚
334 881 444 956 quant
461 861 496 930 in
514 855 749 955 gubernaculi
764 861 863 958 prius
877 857 1166 958 colligamentum
1182 859 1373 947 excideras,
1405 857 1495 928 viri·-

188 985 260 1062 bus
273 983 388 1063 fretus
404 977 562 1054 hostium
577 1001 731 1077 corpora
752 981 1029 1068 converborasti‚
1055 983 1207 1080 ejusque
1222 981 1357 1056 crebris
1371 995 1406 1051 et
1428 1001 1496 1052 ve-

187 1113 276 1208 getis
289 1105 429 1192 ictibus,
449 1099 624 1200 quicquid
649 1100 797 1176 obvium
819 1103 946 1195 fuerat,
967 1103 1160 1196 obtrivisti,
1186 1108 1391 1204 ingentique
1409 1128 1495 1177 ver-

187 1231 320 1307 berum
337 1225 479 1323 fragore
493 1241 678 1320 stupentes
691 1225 925 1322 praeliantium
942 1232 1079 1302 animos
1104 1252 1126 1298 a
1152 1229 1308 1325 propriis
1332 1221 1497 1324 perieulis

189 1350 237 1426 ad
253 1367 324 1424 tum
345 1349 481 1420 virtutis
496 1346 739 1444 spectaculum
754 1347 937 1424 deflexisti.
961 1350 1167 1442 Quinetiam
1178 1351 1388 1424 fortissimos
1402 1347 1494 1420 utri-

190 1497 307 1572 usque
334 1471 483 1570 agminis
505 1469 698 1546 bellatores
734 1475 855 1570 operis
882 1477 932 1546 tui
948 1472 1179 1546 admiratione
1203 1475 1361 1572 suscepti
1374 1484 1495 1544 certa-

189 1601 293 1672 tninis
315 1596 541 1668 immemores
567 1591 768 1686 reddidisti,
809 1621 1015 1696 pugnaeque
1045 1621 1086 1668 ac
1110 1595 1349 1692 periculorum
1375 1590 1496 1666 oblitis

189 1717 332 1794 avidius
348 1733 383 1790 te
410 1713 570 1790 intuendi
589 1739 698 1812 quam
726 1733 765 1790 se
779 1724 877 1816 ipsos
894 1719 1014 1794 tuendi
1035 1721 1194 1796 studium
1217 1723 1416 1809 incussisti,
1450 1716 1496 1784 ita

192 1859 232 1916 nt
250 1838 507 1940 promptissimi
527 1842 675 1938 quique,
691 1839 854 1940 neglecto
868 1838 1077 1917 discriminis
1099 1847 1155 1919 sui
1182 1847 1338 1947 negotio,
1362 1839 1446 1938 plus
1464 1851 1497 1908 to

191 1968 267 2043 viso
281 1963 450 2061 stuporis,
476 1984 584 2058 quam
599 1985 643 2036 ex
658 1959 896 2038 dubiasalute
919 1965 1117 2040 formidinis
1139 1983 1318 2065 caperent.
1371 1968 1497 2058 ltaque

190 2090 317 2166 lortius
336 2082 431 2159 laste
456 2107 567 2180 quana
588 2087 704 2158 caeteri
731 2085 827 2159 ferro
852 2111 929 2158 rem
951 2089 1105 2184 gessisti,
1139 2107 1338 2187 cunctaque
1364 2081 1497 2160 intole-

189 2208 290 2286 rabili
309 2204 421 2282 modo
441 2208 689 2281 comminuens
728 2207 811 2282 hinc
841 2210 1009 2298 Danicis,
1047 2211 1129 2286 iude
1156 2213 1359 2313 Norvagiris
1382 2203 1499 2282 oeulis

190 2329 447 2420 incredibilem,
471 2330 537 2404 nisi
554 2332 772 2426 spectarcris,
786 2355 934 2428 operam
955 2332 1101 2406 edidisti.
1168 2335 1265 2410 Adeo
1288 2350 1409 2408 antem
1428 2353 1496 2404 so-

190 2457 327 2532 mrum
352 2453 568 2550 paucitatem
594 2448 751 2524 hostiurn
774 2453 990 2528 multitudini
1016 2461 1225 2554 coaequasti,
1256 2475 1295 2532 ut
1315 2457 1497 2554 disparem

191 2578 330 2654 viribus
344 2599 507 2674 pugnam
525 2575 561 2646 in
576 2589 718 2648 noctem
737 2581 853 2672 nique
880 2601 947 2674 par
972 2577 1056 2650 belli
1080 2604 1266 2654 successus
1287 2578 1499 2661 extraheret,

190 2721 416 2796 numeroque
437 2695 623 2770 dissimiles
639 2699 761 2797 copias
776 2697 1137 2799 fortuna-persimiles
1161 2701 1353 2776 reddidisti.
1421 2703 1499 2770 Po-

190 2841 324 2898 stremo
341 2843 455 2918 mum
470 2845 612 2894 omnem
624 2821 723 2894 uaris
739 2822 908 2919 remigem
923 2829 1050 2920 partim
1067 2823 1168 2915 iuste,
1184 2827 1309 2923 partim
1327 2820 1498 2896 llnctibus

190 2945 383 3033 obruisses,
407 2940 666 3038 compluribus,
684 2940 749 3014 sed
767 2941 909 3018 levibns
924 2943 1039 3042 plagis
1058 2955 1263 3046 perstrictus
1287 2974 1331 3020 er
1355 2962 1406 3019 tot
1422 2943 1497 3018 ho-

192 3068 308 3146 stibus
323 3063 572 3140 admirabilem
585 3062 684 3138 solns
702 3069 885 3140 victoriam
905 3069 1061 3144 retulisti.
1115 3075 1204 3163 Quae
1223 3095 1281 3146 res
1296 3071 1371 3144 veri
1390 3066 1499 3140 iidem

192 3189 390 3281 excederet,
416 3193 446 3262 si
460 3213 533 3260 non
547 3185 708 3260 Absolon
731 3193 875 3262 auctor-¹
900 3193 974 3264 suis
997 3216 1077 3264 eam
1099 3190 1268 3266 relatibus
1290 3189 1500 3264 tradidisset.

192 3318 329 3390 Verum
338 3313 450 3384 Danis
465 3308 599 3382 nullam
619 3315 746 3384 virium
761 3313 997 3386 accessionem
1012 3315 1387 3413 circumspicientibus,
1401 3317 1500 3386 Nor·
1581 3289 1586 3296 ’

195 3435 421 3538 vagiensibus
440 3437 641 3531 insperatus
665 3433 849 3508 domestici
869 3433 971 3510 ducis
1001 3435 1194 3511 adventns²
1221 3437 1359 3511 affulsit.
1417 3439 1500 3526 Quo

194 3565 281 3651 viso,
298 3561 515 3648 Scanienses,
531 3560 688 3630 contusis
705 3553 966 3654 debilitatisque
982 3563 1119 3653 animis,
1133 3575 1252 3655 u'octn,
1266 3586 1311 3634 ne
1327 3585 1383 3634 res
1402 3539 1499 3634 stre-

194 3686 273 3780 pitu
295 3679 520 3778 proderetur,
545 3676 667 3750 classis
692 3679 895 3779 societatem
915 3680 1075 3782 solvere,
1100 3690 1324 3784 rescissisquo
1352 3682 1500 3756 vinculis

134 3825 151 3838 ·
193 3827 237 3876 ac
253 3819 426 3901 perrupta
447 3827 601 3876 nexuum
618 3802 850 3888 consertione,
868 3827 888 3874 a
913 3819 1042 3876 caetero
1064 3809 1202 3906 agmine
1228 3815 1434 3904 intempesta
1461 3829 1500 3878 so

193 3940 299 3998 nocte
314 3922 529 4000 subducunt.
583 3919 721 3996 Deinde
746 3927 858 3994 tacitis
878 3947 1056 3998 remorum
1079 3929 1210 4004 ictibus
1226 3929 1348 4028 fugam
1371 3928 1502 4027 adepti,

193 4047 325 4120 furtivo
340 4044 499 4120 discessu
518 4045 672 4117 ilnminis
687 4042 916 4136 diverticula,
939 4047 1072 4142 quibus
1091 4045 1323 4143 excesserant,
1354 4067 1508 4149 repete·=

195 4171 295 4263 bant,
320 4168 443 4268 ibique
461 4169 587 4242 relictis
604 4166 767 4258 naribus,
781 4169 912 4266 passim
937 4195 1004 4268 per
1025 4174 1104 4244 aria
1126 4173 1343 4272 profugere,
1375 4177 1502 4250 merito

244 4439 300 4512 ’,δι’
309 4461 366 4498 noa
379 4437 504 4499 Adselon
514 4429 630 4512 unctor]
642 4435 752 4496 Nosler
766 4431 823 4516 igi·
923 4435 1117 4519 'Imperator
1131 4435 1281 4499 domestt'ct‘
1296 4439 1377 4500 ducii
1396 4441 1501 4500 aduert-

197 4556 249 4606 tnr
270 4543 324 4622 iis,
346 4565 414 4628 que
434 4563 470 4606 ex
487 4537 565 4603 lanta
587 4537 702 4622 vulgari
721 4557 824 4622 parce·
877 4533 938 4618 rus]
956 4536 1045 4600 Haud
1060 4535 1151 4600 dubie
1166 4538 1347 4625 intelligitur
1366 4539 1424 4603 dna
1441 4547 1503 4606 lIa-

144 4721 149 4726 ,
197 4661 296 4732 perat,
310 4667 344 4712 ea
358 4646 467 4731 junxit,
483 4655 653 4731 queantur
668 4665 740 4708 sane
754 4666 825 4728 gra·
877 4661 946 4719 con,
968 4642 1152 4722 lrarifilius,
1171 4645 1234 4729 qai,
1251 4668 1351 4730 pugna
1373 4647 1503 4728 jamini-

197 4756 335 4822 rustum
349 4775 384 4818 ex
394 4753 559 4817 traditione
577 4751 738 4816 domestica
753 4771 821 4814 cum
877 4760 925 4826 ta,
947 4769 1037 4812 nares
1055 4753 1244 4814 Danoruma
1266 4751 1359 4816 latere
1378 4751 1502 4816 ado'rtus

195 4863 263 4944 ipso
278 4859 563 4926 communicaverat.
877 4869 922 4918 est
935 4857 1029 4936 (Hist.
1042 4879 1104 4944 reg.
1114 4861 1235 4942 Norreg
1261 4859 1309 4922 vol
1327 4861 1365 4920 lll
1379 4883 1409 4942 p.
1421 4857 1501 4934 ¹25).
