3536 5462
596 306 927 386 WALDEMARUS
943 311 968 384 1.
1321 317 1397 392 853

135 533 217 611 rege
239 535 286 584 eo
319 510 547 610 potissimum
572 507 631 584 die
653 509 924 588 concedendam
949 537 1027 590 esse
1042 519 1301 612 monstrabant,
1320 548 1396 624 qao
1413 541 1448 602 et

135 631 248 710 filium
268 629 473 713 diademate
497 649 535 706 et
559 649 742 731 parentem
755 632 883 708 altario
905 633 1122 714 honoratum
1144 639 1301 720 vidisset.
1342 651 1448 724 Tan·-
1485 673 1498 682 ·

135 772 284 856 tumque
309 753 493 832 excellenti
516 779 645 830 eorum
666 753 856 832 facundiae
877 755 1051 834 tributum
1074 777 1138 856 est,
1163 781 1203 838 ut
1217 765 1369 870 Erlingo
1383 770 1448 847 fa·
1553 799 1556 810 ·

133 878 275 954 miliaris
293 876 466 978 colloquii
485 875 601 952 aditus
617 879 892 976 promitteretur.
944 880 1003 955 Ad
1016 907 1126 981 quem
1143 885 1342 985 Echemus,
1368 919 1448 994 po-

132 1018 250 1078 scente
265 998 442 1103 Helgone,
465 997 629 1074 nondum
654 1007 825 1076 resanatis
852 1003 1082 1097 vulneribus,
1106 1005 1247 1109 legatus
1269 1010 1448 1115 «lingitur,

133 1125 280 1224 Erlingo
295 1139 332 1200 et
353 1127 461 1201 Icaro
474 1122 781 1224 Noruagiensihus
801 1126 941 1200 iuterim
960 1123 1132 1202 obsidum
1158 1128 1241 1206 loco
1258 1135 1359 1233 apud
1383 1164 1447 1213 re·

132 1273 216 1349 gem
230 1249 385 1322 scenas
416 1245 533 1320 Multa
548 1241 595 1318 illi
612 1246 649 1318 in
662 1247 834 1322 concione
848 1244 1020 1350 Erlingus
1033 1248 1240 1344 insolenter,
1265 1255 1324 1332 hic
1335 1260 1449 1336 multa

131 1368 281 1471 Erlingo
305 1367 479 1444 audacter
501 1367 696 1469 respoudit.
749 1371 832 1462 Quo
860 1370 1031 1473 Erlingus
1058 1369 1158 1446 domi
1181 1399 1270 1451 suae
1294 1378 1450 1477 detento,

131 1491 403 1568 waldemarum
418 1491 655 1586 allocuturus,
675 1491 891 1567 Sialandiam
911 1509 1068 1593 quatuor
1088 1497 1264 1598 nauigiis,
1289 1503 1449 1602 Stepha-

129 1643 179 1692 no
196 1615 385 1718 Upsalensi
410 1622 610 1709 comitatus,
635 1615 782 1692 accedit.
834 1617 953 1709 Quem
978 1640 1061 1691 cum
1082 1618 1256 1714 Absulon,
1284 1647 1449 1726 nupera

129 1747 227 1840 regis
247 1746 284 1814 in
305 1743 430 1816 lutiam
454 1739 712 1842 pmiicisccutis
744 1741 915 1816 comitatu
946 1763 1077 1840 magna
1108 1739 1223 1818 classe
1249 1769 1450 1848 regressus,

129 1863 285 1944 locrensi
299 1863 335 1936 in
352 1867 480 1964 portu¹
501 1861 755 1938 aduentantem
770 1859 919 1951 videret,
943 1863 1049 1938 sociis
1066 1870 1260 1964 quicquam
1277 1865 1451 1946 hostiliter
1575 1965 1577 1970 ,

127 1990 258 2060 conari
289 1988 413 2081 vetitis,
437 2009 485 2062 ne
511 1982 851 2085 superuenientibus
875 2001 992 2060 metus
1018 1988 1231 2086 inhaeretur,
1258 1991 1451 2094 tranquille

128 2108 207 2186 eius
221 2108 487 2206 nauigationem
502 2107 654 2206 excepit,
680 2129 792 2208 quem
806 2111 923 2200 etiam,
946 2109 1084 2184 maiore
1100 2110 1223 2188 classis
1239 2139 1326 2190 suae
1342 2135 1449 2217 parte

126 2228 291 2322 dinsisaa,
317 2229 365 2305 ad
379 2255 504 2332 regom
522 2227 690 2331 perduxit
701 2235 732 2304 ².
766 2232 800 2304 ls
818 2254 901 2306 cum
918 2235 1035 2329 prima
1052 2231 1223 2336 colloquii
1240 2235 1298 2312 die
1315 2239 1449 2316 obiur-

124 2369 261 2456 gentur
289 2369 458 2456 exceptus
490 2353 538 2428 de
561 2351 755 2428 concordia
785 2349 1002 2450 desperaret,
1027 2353 1248 2433 Absalonem
1273 2385 1341 2461 per
1366 2365 1450 2438 sre-

123 2473 299 2578 phanum
316 2492 408 2569 orat,
431 2490 508 2552 tuto
526 2477 595 2557 sihi
612 2475 800 2552 discedere
820 2472 935 2548 liceat.
985 2480 1014 2548 A
1040 2502 1116 2576 quo
1139 2479 1309 2572 timidius,
1333 2509 1448 2586 quam

122 2600 155 2678 si
179 2601 224 2674 in
247 2599 364 2698 patria
388 2598 493 2688 soret,
519 2599 650 2674 sentire
676 2596 891 2696 prohibitus,
917 2595 1141 2699 colloquium
1166 2608 1341 2704 repetiuit,
1366 2631 1444 2709 pa-

122 2745 289 2822 cemque
316 2720 480 2821 probatis
501 2720 768 2818 conditionibus
791 2723 1006 2822 impetrauit.
1054 2725 1271 2822 Enimuero,
1310 2736 1449 2806 cunctis

119 2845 431 2944 Noruagiensium
447 2842 677 2946 magnatibus
693 2846 728 2916 in
745 2829 902 2920 eandem*
914 2850 1127 2922 sacramenti
1142 2846 1296 2924 lonnanr
1312 2827 1449 2928 obstri-

118 2969 217 3061 ctis,
252 2967 485 3043 iureiurando
513 2967 692 3068 pollicitus
719 2983 791 3063 est,
833 2991 873 3043 se
896 2966 1013 3043 filium
1047 2971 1141 3071 regis
1166 2973 1450 3070 Waldemarum,

118 3086 333 3164 admodum
348 3090 555 3191 paruulum,
580 3087 802 3168 educationis
819 3091 942 3168 officiis
960 3109 1249 3192 prosecuturum,
1267 3095 1451 3176 eundem·-

116 3236 207 3314 quc
230 3211 337 3312 prius
353 3213 555 3316 Noruagiae
581 3214 721 3309 ducem,
747 3213 877 3290 deinde
890 3218 994 3316 regni
1009 3212 1203 3292 haeredem
1220 3218 1394 3314 futurum,
1419 3228 1451 3298 si

113 3337 230 3424 lilius
249 3359 340 3411 suus
356 3340 510 3438 Magnus
527 3337 670 3439 absque
693 3337 816 3414 liberis
832 3340 928 3416 iusto
943 3341 1168 3415 matrimonio
1184 3345 1363 3443 susceptis
1379 3341 1452 3417 de-

113 3460 294 3538 cederet.
344 3461 440 3555 Quin
469 3463 578 3537 ctiam
610 3461 713 3537 miles
740 3463 836 3564 regis
864 3459 1028 3555 effectus,
1071 3465 1362 3566 quotiescunque
1393 3491 1451 3542 res

110 3599 315 3688 posceret,
341 3588 523 3685 sexaginta
549 3585 846 3688 Noruagiensium
868 3607 981 3660 naues
1004 3585 1042 3660 in
1068 3587 1143 3662 eius
1158 3591 1366 3663 comitatum
1381 3613 1451 3664 ex-

104 3989 145 4044 et
163 3970 286 4040 libero
300 3959 401 4036 reditu
408 3969 561 4056 postulata
576 3983 608 4036 et
629 3982 766 4056 accepts,
870 3971 879 4006 ¹
904 3969 1036 4032 tranant
1054 3972 1085 4031 iu
1098 3967 1205 4056 portu]
1225 3971 1247 4032 l.
1273 3987 1299 4032 s.
1321 3968 1353 4032 iu
1382 3967 1452 4034 aiau

103 4101 232 4170 quuna
259 4077 322 4162 jam
342 4077 514 4164 coepiaaent
536 4075 574 4140 do
592 4076 679 4163 paria
694 4097 767 4141 con·
822 4075 931 4155 maria,
966 4072 1020 4160 qui
1048 4073 1134 4158 juxta
1152 4079 1186 4136 Is
1186 4085 1235 4138 cre
1263 4076 1294 4138 iu
1323 4075 1453 4138 Sullan-

102 4181 309 4252 ditionibus
325 4191 475 4260 tractarc,
505 4181 586 4246 inter
613 4203 666 4250 eoa
695 4203 769 4250 con·
824 4179 905 4244 diam
928 4179 1198 4265 septentrionalem
1215 4192 1374 4267 penetrat,
1395 4181 1452 4248 lro·

100 4293 213 4362 venit
249 4287 291 4354 do
317 4287 459 4352 mseras
492 4286 608 4354 obsidis
639 4290 745 4354 loco'
735 4311 769 4353 ιιι
824 4283 875 4352 dis
894 4287 1028 4372 IsesJord
1048 4283 1158 4350 dictus.

98 4397 326 4482 Nox-regiam
352 4393 513 4460 mittendo.
552 4396 629 4491 Qun
655 4394 771 4460 etiamsi

95 4513 208 4576 inter
231 4523 272 4570 oc
299 4502 520 4582 cohaererent,
547 4503 614 4582 six,
642 4499 769 4566 ardente
870 4500 953 4564 ²Ad
973 4523 1069 4584 regem
1080 4499 1238 4588 perducit]
1260 4501 1348 4564 Tunc
1370 4495 1453 4562 lorte

95 4615 212 4680 hello
237 4607 324 4672 inter
344 4611 452 4674 Dauos
473 4621 505 4673 et
526 4612 705 4692 corrugos,
725 4607 768 4670 ita
823 4602 1004 4668 Randrmic
1020 4617 1271 4682 commorantem,
1292 4617 1327 4670 ut
1345 4606 1454 4670 rolant

91 4734 211 4813 goat·
238 4727 326 4780 sunt.
367 4714 495 4782 Saxonis
510 4726 619 4780 contra
633 4713 769 4777 namatio
825 4722 965 4776 auctores
990 4711 1140 4776 lalandi'
1131 4733 1163 4775 ιιι
1181 4711 1254 4777 hiat.
1270 4713 1374 4798 Magni
1396 4715 1454 4774 Er·

94 4819 405 4898 reriaimilitctiuc
435 4842 489 4888 aaa
519 4839 552 4888 ae
569 4818 770 4888 commendat
825 4818 902 4903 lingi
922 4817 977 4884 lilii
1002 4829 1034 4882 et
1051 4817 1297 4902 lluytlingorurn.

1154 4933 1259 5031 (W)
