3508 5460
377 289 452 361 820
723 279 896 350 lllSTOR.
913 277 1018 352 DAN.
1035 278 1170 350 LIBER
1187 279 1277 351 XlV.

206 498 208 508 '
297 509 303 518 '
327 498 381 569 nis
395 489 624 564 incitamentis
639 487 836 558 instinctam
853 483 1029 558 seditiosis
1054 511 1239 562 armavere
1262 487 1426 562 consiliis.
1489 491 1541 562 Ex
1565 515 1631 586 qua

328 615 474 716 qnidam
491 609 735 709 petulantioris
754 605 925 695 audaciae,
951 607 1134 705 explorata
1151 611 1343 686 Absalonis
1357 610 1543 703 audacia¹,
1568 638 1630 686 cu-

327 745 388 840 jus
412 739 448 806 in
470 729 712 830 protrahenda
736 728 962 828 expeditione
980 733 1209 828 pertinaciam
1233 734 1489 825 causabantur,
1512 758 1631 806 navem

328 863 406 958 ejus
422 855 580 931 silicibus
597 855 765 951 petivere.
817 850 888 924 Sed
904 877 923 923 a
942 853 1137 952 remigibus
1156 881 1240 927 mox
1258 861 1406 953 excepti,
1432 879 1632 954 quanquam

326 1005 478 1056 numero
500 992 718 1076 praestarent,
743 990 843 1072 terga
857 991 1008 1046 vertere.
1067 978 1230 1067 Quorum
1253 977 1466 1050 dementiam
1489 1003 1550 1050 rex
1568 977 1631 1050 de·-

327 1109 402 1180 bita
427 1099 735 1173 animadversione
757 1113 964 1195 persecutus
988 1122 1062 1168 non
1090 1116 1163 1187 est,
1189 1101 1334 1173 abunde
1365 1125 1435 1190 eos
1452 1097 1522 1172 hoc
1546 1099 1632 1200 fugae

327 1227 503 1300 dedecore
520 1223 664 1321 punitos
680 1224 890 1292 existimaus.
949 1217 1096 1292 Indead
1111 1226 1228 1294 sinum
1244 1226 1475 1315 Porturiam²,
1498 1227 1633 1322 egregia

328 1345 464 1424 Sirardi
487 1329 630 1418 victoria
652 1339 842 1436 inclytum,
875 1339 937 1412 ubi
959 1341 1092 1414 scilieet
1116 1347 1339 1417 innumeram
1355 1344 1504 1418 classem
1527 1345 1632 1418 trihus

329 1473 376 1546 ab
392 1495 436 1542 eo
451 1467 599 1564 navigiis
615 1467 804 1537 subactam
819 1463 948 1552 ferunt,
963 1465 1178 1540 velificatum
1194 1485 1257 1542 est.
1307 1468 1380 1541 Illic
1396 1495 1416 1540 e
1432 1471 1454 1538 J
1456 1469 1631 1542 utensibus

329 1592 450 1690 aliqui,
468 1589 686 1686 iniquissima
707 1586 987 1684 gubernatorum
1008 1586 1249 1662 exhortatione
1270 1594 1442 1689 provecti,
1468 1594 1630 1666 concione

331 1708 433 1804 facia,
458 1711 700 1784 remissionem
715 1708 947 1807 expeditionis
965 1711 1118 1784 violenta
1140 1712 1416 1788 succlamatione
1434 1715 1630 1812 poscebant.

330 1836 385 1914 Ad
408 1857 501 1934 quos
529 1829 887 1932 comprehendendos
909 1831 1034 1906 milites
1058 1833 1128 1906 sub
1148 1837 1270 1932 ignoto
1295 1835 1394 1908 cultu
1428 1840 1524 1910 missi
1568 1836 1629 1908 ali-

330 1959 505 2062 quamdiu
532 1963 568 2028 in
590 1979 716 2026 eorum
742 1953 904 2046 concilio,
931 1954 1119 2028 obscurata
1153 1962 1207 2030 sui
1230 1961 1368 2049 notitia,
1393 1958 1630 2034 consederunt

328 2081 490 2156 Tandem
506 2103 527 2152 a
541 2075 846 2150 circumstantibus
863 2078 981 2176 agniti,
1006 2093 1113 2170 veste,
1128 2102 1237 2174 quam
1253 2080 1385 2154 latendi
1400 2083 1512 2182 gratia
1535 2106 1631 2156 sum·

330 2231 444 2307 psere,
469 2202 642 2290 discussa,
667 2215 852 2296 correptos
867 2197 1049 2272 seditionis
1074 2215 1234 2274 auctores
1250 2203 1393 2276 obtorta
1414 2203 1502 2304 gula
1517 2228 1628 2278 secum

329 2349 475 2404 traxere.
529 2327 597 2417 Qui
606 2348 689 2394 eum
699 2319 745 2392 ad
754 2345 862 2394 naves
871 2320 1016 2396 abducti
1030 2323 1186 2410 luissent,
1202 2348 1331 2424 graves
1344 2326 1418 2424 regi
1430 2352 1559 2424 poenas
1568 2351 1628 2400 va-

329 2447 490 2551 pulando
508 2444 651 2520 dedere.
704 2445 776 2537 Qui
791 2469 866 2540 quo
877 2445 1072 2543 punitiores
1091 2445 1216 2536 forent,
1233 2446 1387 2520 vicissim
1396 2453 1430 2518 in
1444 2447 1629 2522 undasde-

329 2573 572 2660 mittebantur,
585 2566 786 2664 iisdemque
801 2568 942 2638 extracti
951 2570 1123 2642 renovatis
1140 2566 1353 2642 verberibus
1366 2569 1628 2644 mulctabantur.

327 2685 497 2771 Posthaec
508 2719 552 2766 eo
565 2690 637 2762 loci
652 2713 871 2788 processum,
889 2689 952 2762 ubi
965 2689 1099 2764 solstitii
1107 2689 1271 2764 aestivalis
1286 2695 1469 2789 tempore³
1485 2699 1628 2768 inusita-

331 2837 374 2892 tae
392 2817 556 2890 claritatis
572 2795 695 2887 noctes
710 2835 862 2903 sensere,
882 2810 1026 2910 dieique
1043 2826 1113 2882 tam
1128 2813 1269 2905 similes,
1286 2831 1324 2886 ut
1340 2817 1528 2888 minimum
1542 2831 1627 2887 teru-

330 2965 463 3039 porum
489 2937 679 3010 discrimen
702 2934 901 3027 videretur;
932 2935 979 3007 ad
991 2959 1151 3032 quarum
1177 2934 1319 3026 lumen,
1351 2915 1439 3010 solis
1463 2935 1626 3009 beneficio

330 3073 574 3159 procuratum,
599 3059 669 3134 levi
683 3057 979 3156 contemplatione
999 3056 1105 3130 exiles
1124 3057 1235 3130 literae
1252 3057 1321 3157 legi
1339 3074 1513 3158 poterant.
1561 3055 1627 3128 lllic

330 3183 528 3256 lutensium
548 3197 742 3280 magnates,
768 3206 861 3278 quos
879 3199 940 3256 aut
958 3196 1073 3253 metus
1105 3195 1165 3254 aut
1192 3182 1407 3278 impatientia
1423 3179 1626 3264 stimulabat,

332 3329 454 3404 regem
468 3304 598 3399 apertis
619 3301 819 3399 repetendae
836 3306 956 3400 patriae
972 3308 1112 3377 monitis
1128 3309 1297 3403 aggressi,
1322 3305 1466 3403 inopem
1483 3302 1625 3374 admen-

331 3444 450 3501 torum
469 3423 729 3521 expeditionem
751 3422 869 3498 dimitti
885 3425 1073 3525 jubebant,
1099 3451 1193 3499 anuo
1210 3443 1373 3524 postero,
1398 3429 1428 3499 si
1444 3431 1580 3498 animus
1596 3429 1625 3494 in

330 3547 501 3622 sententia
520 3548 715 3635 mansisset,
740 3572 812 3621 uon
835 3575 900 3648 per
917 3549 1076 3648 prolixos
1099 3551 1316 3622 Wiceusium
1341 3549 1498 3646 partium
1513 3547 1625 3620 anua-

331 3688 430 3764 ctus,
445 3667 509 3748 sed
526 3693 545 3740 e
564 3667 737 3742 Wendilae
753 3669 885 3746 finibus
910 3671 1053 3746 directae
1076 3677 1310 3772 navigationis
1337 3670 1551 3769 compendio
1570 3693 1625 3740 re-

330 3819 527 3872 versuram.
579 3795 743 3885 Quorum
759 3818 868 3867 voces
889 3799 992 3867 etiam
1012 3794 1203 3894 querulum
1222 3793 1347 3867 inediae
1366 3793 1499 3894 vulgus
1522 3791 1624 3890 adju-

378 3993 556 4076 ¹Aadaeia]
575 3992 655 4075 (Ser.
673 3999 813 4059 absentia
837 3996 916 4081 lug.)
1013 4019 1098 4061 mero
1125 4000 1273 4078 collecto,
1303 3999 1347 4060 nil
1375 4009 1555 4062 metuentem
1574 3993 1625 4054 cir·

375 4109 388 4140 ²
407 4105 508 4166 Sinam
527 4099 721 4180 Ferrariam]
737 4101 860 4165 islandis
879 4107 958 4166 Por·
1012 4120 1237 4168 cumvenerunt.
1297 4107 1349 4169 llle
1370 4125 1444 4168 reru
1474 4101 1627 4166 lortissiut

331 4208 418 4290 tyria,
439 4225 519 4269 nunc
539 4206 687 4284 Portb're,
706 4219 832 4291 portus,
863 4210 957 4274 Snor-
1012 4210 1166 4292 dimicans,
1186 4229 1243 4296 per
1263 4212 1387 4275 classem
1405 4211 1545 4274 hostilem
1565 4225 1626 4269 ctu·

330 4333 407 4376 rone
435 4325 512 4374 teste
538 4311 670 4389 (Hister.
698 4333 763 4396 reg.
782 4315 876 4377 Norr.
895 4317 956 4377 rol.
1011 4315 1067 4401 pit.

331 4421 372 4480 lll
391 4441 421 4502 p.
441 4414 532 4498 336),
555 4418 628 4479 situs
649 4417 729 4479 inter
749 4419 956 4502 'l'bnsbergam
1056 4425 1144 4486 ³Ubt
1168 4427 1291 4488 solstitii
1323 4427 1464 4487 estabelis
1495 4413 1623 4508 temponl

332 4535 364 4583 et
384 4522 521 4598 viliam,
548 4543 585 4584 ex
611 4545 676 4622 quq
692 4523 838 4610 sigardus
858 4527 955 4588 Slem·
1009 4533 1126 4614 Bergae
1151 4527 1217 4594 iera
1245 4531 1293 4593 vel
1323 4543 1456 4594 tractum
1475 4529 1543 4592 huic
1560 4516 1624 4585 urbi

332 4625 451 4688 bidiacn
472 4626 680 4708 navigantibus
708 4631 890 4715 aliquamdiu
910 4633 955 4694 in·
1010 4633 1142 4698 ricinum
1167 4636 1270 4700 classis
1289 4637 1405 4700 Danica
1432 4635 1558 4720 attigisse
1582 4627 1624 4690 vl·

331 4730 457 4796 sidietus
485 4728 594 4795 fuerat.
643 4735 807 4819 sigurdum
833 4737 955 4822 quidem
1009 4738 1106 4803 detur.
1163 4740 1238 4823 [Hic
1265 4741 1407 4806 desinunt
1433 4755 1514 4806 notae
1536 4743 1568 4800 P.
1589 4735 1622 4795 E.
1718 4765 1724 4774 ·

331 4835 589 4918 'I'b‘nshergcnses,
617 4859 727 4924 magno
755 4841 876 4905 narium
901 4866 955 4906 nu·
1009 4847 1140 4932 Mutari,
1162 4861 1261 4914 morte
1282 4849 1365 4912 iilum
1381 4837 1595 4932 abrumpens]-
