3536 5462
607 305 937 382 WALDEMARUS
954 311 978 381 l.
1326 311 1401 387 885

126 515 251 586 turrim
278 516 481 608 instituunt,
505 517 609 614 enjus
634 516 803 616 pracsidio
827 517 965 596 hostem
986 533 1157 618 tanquam
1172 543 1254 596 arce
1269 539 1448 618 veteretum
1514 569 1518 580 ·

125 637 282 736 ejsuque
306 639 590 741 propugnaculis
623 641 699 716 freti
732 657 892 733 nostros,
928 643 1180 742 promovendo
1207 652 1307 746 operi
1334 671 1447 746 quum

125 761 353 860 protegendo
392 764 537 864 corpori
569 767 791 857 intentiores,
831 767 1014 840 immissis
1030 765 1153 841 subito
1193 767 1447 863 funditoribus,

126 883 304 960 incessere
317 901 522 986 coeperunt.
573 890 707 962 Contra
722 889 828 981 Dani,
843 889 979 988 sagittis
993 885 1187 964 decernere
1204 890 1336 986 adorsi,
1361 894 1448 992 quin

127 1011 282 1106 propius
311 1007 485 1083 accedere
510 1011 728 1111 nequibant,
760 1037 839 1085 rem
864 1014 1003 1086 eminus
1035 1027 1179 1087 tentant.
1231 1017 1306 1087 Nec
1328 1020 1448 1090 minus

128 1129 307 1205 oenum
324 1135 407 1206 novi
427 1137 547 1232 pontis
564 1159 761 1236 progressu
779 1135 932 1223 territus,
957 1151 1124 1234 stagnum
1144 1151 1221 1210 rote
1242 1151 1447 1236 transgres-
1525 1167 1527 1174 ’

129 1276 205 1345 ωε,
228 1278 353 1354 regem
370 1255 528 1354 petebat,
552 1283 595 1332 ac
612 1273 721 1355 prout
736 1273 938 1332 nostmrum
955 1281 1106 1357 operam
1128 1275 1191 1333 sut
1215 1282 1363 1359 segnem
1387 1276 1450 1334 ant
1540 1277 1543 1286 '

130 1393 297 1478 vegetam
322 1377 587 1475 animadvertit,
619 1383 669 1455 ita
695 1407 791 1455 nunc
812 1389 975 1480 parcius,
1007 1405 1105 1453 nnnc
1129 1383 1327 1480 impensius
1348 1386 1449 1480 pacis

129 1499 412 1601 supplicationes
426 1503 568 1602 agebat,
587 1529 802 1606 semperque
819 1529 887 1603 pro
902 1503 1182 1604 oppugnationis
1197 1502 1324 1580 habitu
1337 1503 1448 1580 dedi-

130 1625 237 1700 tioms
266 1623 379 1699 verba
409 1627 643 1726 concipiebat
697 1630 799 1701 'lunc
823 1653 910 1702 vero
936 1628 1120 1703 remissior
1144 1628 1265 1727 operis
1288 1629 1450 1702 executio

130 1745 211 1821 luit.
263 1747 427 1822 Sciebant
448 1752 540 1823 enim
567 1749 703 1842 milites,
729 1753 758 1826 si
780 1749 919 1824 bellum
938 1753 1100 1826 revocari
1118 1749 1277 1842 deberet,
1302 1765 1449 1848 pontem

131 1893 209 1944 ase
224 1871 362 1945 conseri
377 1895 450 1944 non
465 1891 642 1972 oportere.
694 1877 734 1945 ln
758 1897 867 1972 quem
893 1889 987 1947 tanta
1007 1875 1318 1972 jam'armstornm
1336 1871 1451 1952 moles

130 2008 374 2085 concesserat,
401 2011 441 2067 nt
463 2019 510 2068 ne
534 1994 637 2070 locus
659 1995 807 2094 quidem
830 1993 1125 2097 suppeditandis,
1160 2021 1244 2096 quas
1266 2012 1451 2072 structure

131 2117 334 2192 ncocsmrm
358 2116 495 2211 forent,
528 2134 744 2217 suppeteret
803 2116 903 2191 Adeo
933 2115 1097 2192 vincendi
1122 2116 1227 2192 avido
1256 2118 1452 2194 multitudo

132 2237 311 2340 operandi
326 2242 506 2341 angustias
524 2239 594 2315 sibi
609 2245 686 2338 ipsa
705 2243 859 2316 concivit
871 2243 900 2313 ¹.
953 2237 1022 2312 Sed
1042 2265 1109 2313 nec
1129 2239 1233 2314 aliter
1254 2240 1371 2316 allatus
1386 2267 1452 2318 se·

131 2365 237 2463 pium
261 2361 395 2454 moles,
426 2387 538 2462 qnam
562 2388 673 2462 super
702 2363 855 2438 militnm
884 2369 1033 2439 vertices
1063 2362 1259 2437 eorundem
1284 2364 1453 2440 manibus

132 2484 299 2576 dueum,
323 2483 479 2584 proferri
504 2502 680 2585 poterant.
731 2492 803 2561 Nec
824 2485 956 2563 inutilis
980 2511 1023 2559 ea
1047 2492 1238 2562 necessitas
1256 2485 1342 2579 luit,
1367 2511 1453 2561 cum

132 2631 241 2710 sepes
258 2613 294 2682 in
311 2605 422 2682 altum
438 2605 581 2682 librstoe
599 2635 673 2684 non
689 2616 810 2685 minus
828 2607 1043 2708 corporibus
1065 2607 1269 2682 muniendis
1290 2607 1455 2707 prolice-

130 2747 224 2826 rent‚
250 2755 360 2832 quom
378 2737 483 2832 aquis
497 2733 693 2808 sternendis
707 2735 927 2836 pmdessent
979 2729 1117 2806 Eodem
1134 2729 1301 2830 exemplo
1319 2729 1454 2805 vnlne-

132 2853 241 2930 ribus
261 2857 374 2930 saucii
398 2854 657 2930 referebantur.
709 2859 803 2930 Tum
831 2881 919 2932 sero
945 2860 1061 2929 rarior
1092 2859 1306 2954 tenuiorque
1333 2856 1454 2952 pontis

131 2993 322 3052 contextus
340 2975 472 3069 fiebat,
504 2977 673 3052 militibus
692 2979 774 3078 plus
799 2983 886 3080 ejus
901 2983 1126 3054 incrementis
1159 3001 1269 3078 quam
1299 2975 1457 3050 firmitati

102 3099 374 3198 studentibus.
443 3104 488 3176 Et
515 3103 590 3202 jam
616 3123 708 3200 pene
730 3103 886 3176 eundem
912 3102 1041 3178 insulse
1070 3101 1339 3191 commiserant,
1370 3123 1455 3172 curn

133 3223 282 3314 hostes,
306 3225 436 3323 partim
452 3239 544 3314 arte,
569 3231 698 3322 partim
721 3224 857 3302 viribus
874 3224 975 3316 freti,
1006 3249 1104 3298 novo
1123 3221 1310 3325 pugnandi
1326 3245 1458 3323 genere

128 3345 278 3422 bellom
293 3363 519 3447 exaggerant.
571 3347 755 3448 Siquidem
771 3345 926 3422 hastatas
949 3345 1060 3420 lllces
1078 3370 1099 3418 e
1116 3351 1201 3420 turri
1229 3345 1383 3420 dilectas
1409 3341 1457 3417 ad

128 3469 292 3546 militum
307 3485 512 3546 nostrorum
529 3469 847 3562 scutatendebant,
862 3494 980 3570 eaque
996 3469 1214 3567 pertinncins
1231 3465 1458 3567 apprehenso

125 3591 387 3696 proeliantibus
397 3579 649 3668 'detrahebant
704 3591 911 3666 obnitentes
929 3588 1106 3666 interdum
1124 3589 1332 3665 violentiore
1346 3606 1458 3666 numu

124 3729 251 3820 ponte
265 3739 432 3792 excussos
453 3699 676 3814 pmfnndum
692 3731 813 3816 petere
834 3713 1024 3814 cogebant.
1077 3712 1144 3786 Cui
1161 3711 1261 3796 malo,
1279 3717 1315 3786 ni
1336 3724 1458 3786 matu·-

123 3835 216 3916 rio's
247 3853 439 3914 occursum
464 3837 608 3932 luisset,
639 3839 825 3912 Danorum
854 3839 1025 3937 juventus
1054 3833 1324 3934 propemodum
1351 3835 1459 3908 scutis

121 3985 257 4040 vacua
266 3962 508 4037 occubuisset.
540 3966 682 4036 Names
699 3964 827 4036 nostris
839 3958 1000 4060 quidum,
1016 3955 1121 4059 lignei
1139 3959 1222 4031 unci
1237 3955 1458 4030 adminiculo

120 4083 269 4185 injecta
283 4083 353 4160 sibi
365 4083 458 4159 lslcc
476 4090 627 4184 potitus,
648 4084 775 4160 eadem
792 4100 938 4159 caetmss
961 4077 1177 4184 occupando
1199 4079 1342 4156 hostem
1360 4079 1459 4154 snb-

118 4203 235 4285 sidio
254 4206 445 4307 spoliabat
495 4211 650 4306 Jamque
672 4205 749 4282 dies
765 4203 938 4282 occiduos
955 4221 1048 4300 erat,
1076 4231 1162 4281 cum
1182 4229 1256 4296 rex,
1281 4203 1459 4302 contigue

117 4329 257 4408 noctis
270 4347 379 4424 metu,
404 4329 495 4432 quid
509 4332 733 4433 potissimum
750 4345 889 4430 ageret,
916 4334 1087 4422 incertus,
1114 4351 1232 4403 serum
1250 4323 1377 4426 oppidi
1391 4349 1460 4398 ea-

116 4455 303 4559 ptionem
329 4453 567 4554 laturumque
591 4458 712 4553 pontis
739 4448 942 4527 incendium
973 4450 1176 4527 verebatur.
1239 4449 1325 4541 Quis
1349 4446 1462 4523 rebus

117 4597 228 4654 cnm
243 4597 284 4650 se
299 4580 422 4679 urgeri
439 4574 743 4666 animadverteret,
760 4600 807 4648 ne
823 4577 915 4651 ricto
930 4573 1052 4652 similis
1071 4595 1205 4676 magno
1217 4595 1301 4646 curn
1312 4569 1462 4673 ignavie

185 4837 200 4874 ⁸
222 4833 369 4916 Concipit]
390 4837 436 4901 lta
449 4831 497 4902 ed.
514 4855 561 4922 pr,
584 4833 689 4920 steph.
708 4835 854 4899 consecuti.

1162 4944 1268 5042 (ὅθ’)
