3524 5460
500 311 721 388 svtttout
773 311 1038 388 cecuwsv.
1091 309 1095 318 ’
1300 313 1374 390 705

13 525 15 608 ἶ
117 526 240 598 tectius
257 519 438 621 went.
487 519 543 594 Ex
559 520 694 620 quihus
707 519 1146 622 nonnulli‘peruicioribns
1164 523 1269 618 equis
1282 519 1426 596 subur-

13 665 23 732 gv
117 648 211 722 bium
227 671 348 744 prope
369 643 565 741 liminaque
580 649 728 720 civitatis
751 663 981 722 accesserant.
1033 647 1109 718 Rex
1131 649 1219 742 ipse,
1236 642 1324 718 dnm
1349 669 1426 718 no-

13 755 15 880 }
117 788 273 844 curnam
287 766 444 866 vigiliam
464 791 596 864 sopore
613 765 753 842 ovidius
767 770 920 862 redimit,
947 791 1030 844 sero
1051 783 1178 864 paratu
1193 773 1275 840 tanti
1293 767 1425 846 discri-

13 883 14 976 ἶ
117 895 215 966 urinis
234 893 408 964 nuncium
424 888 634 988 excipiebat.
700 891 838 966 Primos
854 917 896 966 cx
918 893 1029 964 Danis
1051 887 1279 988 lindolphus,
1303 916 1425 990 eque-

118 1021 189 1090 stris
208 1013 341 1088 militiae
357 1015 521 1112 apprime
536 1015 685 1110 peritus,
699 1011 931 1113 promptioris
947 1015 1031 1112 equi
1046 1013 1218 1086 beneficio
1232 1019 1269 1085 in
1286 1010 1425 1088 hostem

117 1143 276 1210 occurrit.
328 1134 398 1208 Sed
422 1155 507 1210 cum
532 1134 707 1210 solitarius
728 1154 838 1226 essct,
863 1161 959 1210 nunc
983 1134 1150 1209 evitando
1171 1133 1303 1226 hostes,
1326 1161 1426 1210 nunc

118 1258 387 1358 persequendo,
418 1283 528 1357 opem
544 1258 592 1332 ab
615 1263 778 1332 exercitio
802 1275 985 1332 mutuatus
1007 1274 1070 1329 est.
1128 1259 1277 1350 Quoties
1295 1258 1425 1348 inculm

118 1407 325 1482 camporum
340 1380 544 1472 offenderat,
565 1380 616 1454 ob
631 1399 819 1455 arrnamrae
845 1380 980 1454 molem
1006 1381 1135 1480 egrius
1156 1380 1281 1480 fugam
1302 1383 1425 1456 eonfi-
1474 1377 1476 1384 ¹

117 1505 238 1578 ciebat.
271 1509 360 1576 liam
375 1503 524 1580 Sclavos
537 1501 642 1577 simili
658 1503 819 1601 pondere
829 1527 962 1578 vacuos
973 1500 1120 1576 liberior
1131 1483 1316 1602 'equorum
1333 1533 1426 1606 per-

117 1629 237 1702 nicitas
252 1627 462 1726 adjuvabat.
522 1629 604 1720 Quo
628 1629 723 1717 viso,
739 1625 823 1726 plus
847 1625 983 1699 viribus
1004 1627 1090 1725 equi
1114 1649 1225 1724 quam
1248 1627 1429 1704 velocitati

118 1749 287 1836 confisus,
309 1773 454 1824 cursum
479 1747 526 1822 ad
549 1748 715 1822 cultiores
731 1773 837 1847 agros
863 1747 910 1820 de
929 1747 1104 1822 industria
1127 1747 1280 1848 dirigere
1303 1755 1425 1852 coepit.

117 1873 222 1971 Igitur
236 1873 378 1967 caballi,
402 1872 539 1971 quibus
555 1875 645 1948 vires
665 1897 793 1971 parum
810 1887 1058 1971 suppeterent,
1091 1869 1266 1948 officiente
1281 1875 1427 1976 stipulo,

116 2011 335 2092 praestantem
349 1997 483 2070 robore
497 2020 633 2093 equum
657 1997 784 2070 imitari
798 2021 871 2068 non
885 2011 1056 2094 poterant
1109 1999 1158 2068 lta
1174 1995 1260 2072 dnm
1279 1997 1425 2098 agilita-

117 2120 154 2192 tis
168 2123 311 2218 erpeium
329 2136 510 2194 certamen
527 2117 574 2191 ad
589 2121 716 2194 virium
731 2143 906 2194 conamen
924 2116 1119 2208 transtulit,
1140 2117 1188 2191 ab
1213 2121 1425 2198 manchus

116 2245 285 2342 occupsri
307 2243 477 2340 nequivit.
533 2247 679 2342 Quippe
702 2241 848 2318 densior
871 2265 975 2340 seges
993 2239 1074 2340 plus
1098 2239 1220 2317 vilium
1234 2245 1425 2342 jumento-

116 2389 192 2438 rum
227 2389 340 2463 quoru
363 2364 500 2438 robusti
526 2365 688 2440 animalis
719 2391 863 2442 cursum
896 2363 1105 2438 debilitavit.
1170 2367 1426 2467 Interrogatus,

116 2491 195 2587 quis
225 2503 339 2578 esset,
370 2501 604 2560 mercatorem
629 2487 826 2585 respondit.
898 2487 1210 2577 Percontantihus,
1249 2513 1424 2588 quasnam

113 2619 247 2686 merces
261 2609 429 2702 baberet,
461 2609 658 2708 respondit,
683 2633 793 2704 orma,
818 2610 951 2708 quibus
975 2631 1090 2706 equos
1110 2627 1332 2718 commutare
1356 2639 1424 2688 so·-

113 2733 209 2808 leret.
263 2733 383 2808 Sedet
400 2758 495 2824 enus,
510 2757 621 2833 quem
631 2730 808 2825 insideret,
821 2733 892 2808 hoc
907 2732 976 2806 sibi
989 2733 1220 2806 mercimonio
1236 2733 1425 2812 obvenisse

112 2857 305 2958 subjunxit.
355 2859 491 2954 Regem
507 2879 656 2956 quoque
672 2855 865 2933 ttosktldtae
879 2878 974 2945 esse,
1000 2871 1146 2954 rogetus
1161 2863 1319 2932 assernit.
1344 2857 1347 2864 ’
1370 2858 1425 2935 ll·-

113 2979 260 3074 liscum,
269 2983 483 3056 necesmrios
498 3005 585 3054 suos
599 2979 852 3068 allocuturum,
868 2979 959 3052 urbe
968 3003 1086 3077 nuper
1095 2985 1286 3054 excessisse
1294 2979 1425 3056 dieen-

110 3104 214 3196 tibus,
230 3129 415 3204 egressum
430 3103 576 3204 quidem
591 3123 688 3194 cum,
712 3101 777 3178 sed
797 3127 978 3178 reversum
1000 3103 1155 3176 astruut.
1213 3104 1321 3197 Quod
1336 3111 1425 3204 quia

111 3253 192 3300 curn
213 3225 480 3325 speculatorum
508 3225 744 3302 affirmatione
764 3251 836 3298 non
865 3225 1120 3318 conveniebat,
1161 3228 1197 3300 in
1227 3226 1424 3304 mendaciis
1474 3221 1476 3224 ⁵

111 3349 297 3426 duxeruut
361 3349 496 3422 ldcirco
521 3364 640 3424 autem
673 3347 890 3446 Radulphus
922 3353 1014 3421 circa
1047 3353 1143 3449 regis
1169 3367 1299 3424 statum
1332 3355 1426 3426 reris

108 3472 286 3546 utendum
310 3481 479 3574 putarit,
499 3469 612 3570 quod,
627 3477 655 3546 si
674 3496 747 3570 qua
764 3497 785 3546 a
804 3497 842 3546 se
856 3476 1026 3546 veraciter
1041 3472 1241 3564 ederentur,
1275 3491 1426 3560 contra·-

107 3597 165 3668 rio
186 3594 300 3670 modo
320 3591 485 3668 hostibus
509 3591 659 3668 credidit
682 3593 923 3668 existimanda.
994 3599 1131 3668 Interea
1163 3599 1250 3694 regii
1277 3597 1425 3696 equites,

108 3736 151 3792 nt
165 3724 321 3818 quisque
333 3733 506 3817 apparatu
525 3717 631 3792 velox
646 3741 689 3790 ao
708 3741 816 3792 manu
834 3737 1001 3794 strenuus
1017 3736 1110 3810 erat,
1135 3719 1332 3817 liadulpbo
1349 3717 1423 3792 ad-

106 3843 209 3916 mirti
231 3845 268 3938 in
293 3863 399 3915 onam
422 3839 608 3914 cohortem
632 3865 672 3916 se
694 3859 914 3940 receperant,
934 3843 1143 3940 incursaturi
1160 3841 1256 3914 illico
1273 3840 1424 3933 bostem,

103 3967 143 4038 ni
163 3963 402 4064 liudulphus,
441 3963 566 4036 intuitu
603 3965 808 4062 paucitatis,
848 3965 976 4038 auxilia
1002 3969 1183 4038 sociorum
1207 3962 1425 4063 expectanda

103 4086 276 4161 duxisset.
329 4089 480 4160 'lautam
496 4091 548 4162 eis
564 4090 722 4160 victorine
738 4086 984 4160 certitudinem
1007 4087 1148 4162 assidua
1165 4086 1346 4168 bellorum
1362 4086 1424 4160 fe-

101 4207 222 4284 licitas
247 4209 477 4310 suggerebat.
547 4215 680 4284 Contra
704 4211 819 4286 Sclavi
840 4229 1029 4286 revocatos
1056 4205 1222 4309 apraeda
1247 4215 1364 4284 socios
1388 4211 1425 4282 iu

99 4337 224 4404 aciem
247 4349 448 4433 corrogant.
508 4331 737 4433 lindolphus,
763 4332 826 4407 uhi
843 4335 1000 4432 primurn
1026 4335 1164 4408 excitati
1186 4332 1345 4432 pulveris
1361 4336 1425 4406 in·-

98 4451 201 4528 dicio
215 4481 336 4556 regem
349 4456 463 4534 affore
478 4455 722 4556 deprehendit,
738 4458 1017 4555 supervenientis
1037 4455 1154 4530 auxilii
1172 4455 1307 4532 fiducia
1321 4484 1425 4557 prte-

95 4573 200 4650 lium
221 4577 316 4651 lacit.
366 4578 584 4653 cedentibus
599 4577 742 4674 Sclavis,
764 4603 845 4653 cum
868 4576 1006 4678 pedites
1029 4595 1256 4673 necarentur,
1288 4587 1426 4680 equites

90 4721 271 4774 seorsum
295 4701 331 4773 iu
355 4701 507 4804 globum
530 4701 701 4776 contracti
734 4705 835 4802 prius
861 4701 959 4776 velut
976 4725 1018 4774 ex
1043 4702 1206 4778 consulto
1221 4717 1320 4803 terga
1334 4729 1423 4779 ver-

91 4819 250 4914 tebant,
282 4851 369 4899 mox·
391 4827 630 4900 imminentem
654 4843 790 4926 atcrgo
808 4851 948 4926 regern,
973 4825 1135 4928 equitum
1153 4829 1230 4927 ejus
1247 4827 1424 4928 paucitate
1546 4919 1548 4924 ι
