3524 5460
646 281 808 356 ElllCUS
829 281 886 352 111.
1305 290 1379 364 659

118 485 319 588 spendisse,
344 481 711 584 creberrimoque
744 513 818 562 non
848 505 930 566 ante
956 487 1141 568 consilium
1179 491 1278 572 fateri
1312 495 1428 574 volu-

7 603 8 618 ’
118 617 204 706 isse,
230 635 343 710 quam
366 615 398 684 ei
426 635 448 684 a
475 607 684 686 consultore
703 607 989 710 obtemperatum
1012 633 1258 712 agnoscerent.
1318 621 1426 712 Quo-

117 761 198 810 rum
218 734 405 810 affirmatio
421 757 632 830 quanquam
646 758 732 808 vera
747 748 849 826 esset,
874 731 985 808 fidem
1000 760 1073 812 non
1090 735 1229 830 habuit,
1243 739 1344 840 quud
1364 742 1427 819 in-

116 861 185 932 vita
206 863 326 956 potius
344 881 457 956 quam
471 853 633 932 ulnouea
652 854 840 932 videretur.
900 860 1013 957 lgitur
1033 883 1158 938 eorum
1175 867 1328 960 experiri
1342 869 1429 940 Eri-

117 1007 180 1056 cus
197 997 330 1056 assona
347 985 509 1078 cupiens,
533 979 660 1052 ambos
683 981 876 1057 arctissima
902 980 1002 1079 apud
1026 999 1180 1058 castrum
1207 985 1428 1066 slesvicense

117 1102 278 1178 custodia
299 1105 472 1178 asservari
487 1101 668 1200 praecepit,
700 1111 761 1192 uti,
775 1103 932 1180 veritatis
945 1107 1143 1204 cognitione
1158 1125 1341 1208 suscepta,
1365 1130 1429 1190 rut

116 1227 323 1300 innocennae
337 1224 528 1324 praemium
555 1237 617 1296 aut
641 1225 754 1298 reatui
770 1249 916 1322 poenam
940 1227 1097 1302 referret.
1168 1233 1233 1307 Cui
1256 1251 1428 1330 postmo-

119 1349 203 1424 dum
228 1348 326 1424 idem
344 1347 437 1422 forte
459 1342 645 1420 castellum
664 1349 802 1424 intranti
836 1355 1020 1424 memorati
1046 1353 1196 1448 juvenes
1217 1355 1430 1453 compeditis

118 1491 227 1550 semet
242 1469 440 1546 incessibus
462 1468 686 1560 obtulerunt,
710 1471 968 1571 supplicesque
988 1475 1067 1570 ejus
1085 1474 1239 1574 genibus
1259 1476 1429 1574 advoluti,

117 1598 294 1698 praetentis
309 1597 516 1668 innocentius
532 1594 671 1687 meritis,
686 1597 857 1692 captionis
874 1595 1031 1672 remedia
1047 1596 1266 1697 flagitabant.
1320 1603 1429 1694 Quo-

115 1747 199 1795 rum
214 1721 338 1792 Ericns
356 1733 397 1790 ut
411 1717 565 1792 fortuna
587 1718 759 1810 misertus,
783 1720 831 1792 ita
849 1717 933 1794 fidei
949 1719 1167 1817 gratulatus,
1196 1719 1349 1821 (quippe
1362 1723 1429 1801 lu-

116 1869 163 1945 ga
180 1843 290 1942 patris
306 1838 462 1914 filiorum
480 1839 748 1916 affirmationem
769 1839 984 1940 adjuverat)
1005 1846 1097 1918 sicut
1115 1857 1191 1918 erat
1216 1869 1315 1920 meru
1336 1871 1430 1944 per-

117 1965 322 2055 calefactus,
335 1978 370 2036 et
388 1959 572 2036 calamitati
591 1961 770 2063 lacrymas
785 1960 884 2036 dedit
900 1979 934 2038 et
961 1968 1140 2040 veracitati
1158 1964 1307 2044 salutem
1333 1993 1430 2068 pro-

119 2091 220 2164 misit.
272 2081 378 2180 Quod
395 2109 477 2158 cum
497 2083 590 2159 lorte
609 2087 865 2162 Christiemus¹
893 2112 937 2162 ex
957 2085 1080 2164 aulicis
1096 2091 1329 2189 cognovisset,
1355 2117 1428 2164 an-

118 2207 283 2286 telucano
300 2223 462 2306 tempore
478 2214 610 2306 petenti
626 2211 821 2284 sacrarium
840 2212 948 2284 Erico
963 2207 1094 2286 obvius
1108 2210 1234 2305 factus,
1250 2212 1427 2292 hesternae

119 2359 201 2410 eum
215 2329 431 2408 temulentiae
447 2330 592 2406 lascivia
607 2333 822 2407 concitatum
842 2333 1076 2430 intemperate
1098 2334 1310 2413 munificum
1331 2339 1428 2412 exti-

119 2462 201 2537 ruse
216 2422 370 2546 admei,
398 2435 500 2552 quod
518 2455 669 2528 Daniam
684 2451 779 2529 hosti
792 2453 889 2528 dono
905 2452 992 2529 dare
1006 2457 1238 2532 sustinuisset
1298 2459 1428 2534 Ratio—

118 2607 197 2656 nem
213 2603 367 2680 quoque
385 2575 468 2651 dicti
486 2575 660 2652 lucidiore
678 2581 847 2654 sententia
868 2593 1099 2676 persecutus,
1122 2575 1200 2656 iore
1227 2581 1359 2680 inquit,
1387 2599 1430 2658 ut

116 2701 263 2778 Haraldi
279 2700 362 2775 filiis
374 2701 493 2800 major
509 2698 733 2776 vinculorum
750 2725 901 2777 suorum
918 2723 1028 2802 quarn
1048 2698 1280 2782 absolutionis
1297 2729 1428 2805 respe-

118 2843 195 2902 ctus
219 2828 423 2914 incesseret,
447 2821 570 2898 odium
585 2821 763 2896 liberatori
782 2850 851 2923 pro
868 2826 977 2926 gratia
993 2819 1165 2899 relaturis.
1226 2825 1322 2918 Quid
1335 2832 1429 2902 euim

116 2947 216 3023 aliud
235 2949 381 3022 Ericnm
407 2971 533 3020 eorum
555 2941 658 3020 saluti
675 2961 879 3043 parcentem
903 2968 1030 3046 agere,
1054 2971 1165 3046 quam
1186 2947 1347 3025 llaraldo
1361 2975 1429 3026 ro-

114 3072 307 3146 bustorum
323 3074 498 3170 juvenum
513 3067 644 3145 auxilia
658 3071 864 3144 reservare?
889 3073 953 3146 llis
969 3067 1122 3146 vocibus
1139 3069 1327 3150 inclinatus
1342 3071 1430 3150 Eri-

117 3221 183 3271 cos
216 3221 238 3268 a
263 3197 443 3294 promisso
473 3219 542 3270 suo
579 3217 687 3292 quem
716 3191 765 3266 ab
795 3197 898 3268 amici
922 3193 1066 3268 consilio
1094 3193 1261 3274 recedam
1294 3195 1430 3290 maluit,

114 3319 391 3416 profectumque
408 3342 429 3390 a
445 3315 593 3416 crapula
611 3313 869 3415 indulgentiam
884 3313 1012 3389 sobria
1022 3315 1329 3397 animadversione
1342 3342 1428 3398 cesa

114 3441 218 3516 savit.
269 3442 363 3514 Huic
381 3437 578 3512 clementiae
592 3435 750 3513 studium
765 3443 800 3511 in
816 3437 1031 3514 crudelitatis
1048 3437 1288 3515 exhortatione
1304 3443 1428 3544 depo-

114 3589 208 3636 nere
224 3561 350 3636 rubori
367 3587 438 3635 nou
455 3561 531 3634 luit.
591 3565 728 3662 ltaque,
746 3585 903 3661 quorum
919 3585 1003 3664 spes
1027 3559 1200 3636 advitam
1223 3562 1427 3660 intenderat,

108 3685 215 3762 salus
230 3690 335 3785 aquis
350 3701 561 3783 cousumpta
584 3701 646 3760 est.

251 3805 393 3884 Eodem
418 3825 581 3908 tempore
611 3808 797 3908 Norrsgiae
822 3804 1042 3904 primoribus
1064 3807 1236 3904 Magnum
1259 3804 1429 3901 Haraldo,

107 3935 183 4034 qui
200 3957 303 4032 aeque
318 3955 403 4031 rege
416 3937 554 4030 genitus
569 3946 672 4020 esset,
697 3927 883 4004 dimidium
899 3930 997 4027 regni
1013 3925 1140 4000 cedere
1156 3925 1430 4027 postulantibus,

105 4079 240 4156 eoque
257 4051 440 4129 hominem
460 4055 588 4158 ignotis
611 4069 731 4128 ortum
748 4049 956 4152 parentibus
977 4047 1157 4123 admittere
1174 4065 1368 4144 recusante,
1391 4052 1429 4126 in

105 4204 210 4282 agro
232 4175 457 4252 Fridlevino²
479 4177 574 4250 ferro
597 4191 772 4250 certatum
795 4191 857 4250 est.
921 4175 1055 4248 Interea
1070 4169 1258 4265 HaralduS,
1279 4173 1430 4274 repetita

101 4307 226 4391 Jutia,
250 4304 389 4376 Uruicae
406 4301 587 4378 concionis
603 4297 778 4398 suffragiis
801 4323 863 4371 rex
886 4314 940 4370 est
953 4295 1162 4372 declaratus.
1223 4297 1305 4390 Quo
1319 4321 1428 4372 com·-

100 4441 236 4528 perto,
250 4427 388 4518 Encas,
401 4427 549 4526 navigiis
563 4421 677 4524 glacie
685 4439 787 4498 tenus
806 4421 904 4519 (nam
913 4409 1004 4522 'gelu
1020 4417 1156 4494 undam
1170 4415 1377 4518 duraverat)
1391 4419 1428 4494 iu

161 4706 172 4739 ¹
195 4695 409 4778 Clarissimum]
430 4695 499 4766 Vid.
514 4721 544 4782 p.
555 4688 617 4760 ult
632 4707 663 4758 et
676 4689 746 4758 649.
807 4693 909 4756 locum
922 4687 1068 4776 Fyrisleil
1082 4691 1239 4780 appellent
1253 4687 1347 4775 (ilict.
1363 4711 1428 4776 reg.

158 4811 174 4844 ²
188 4809 230 4867 In
250 4829 325 4890 agro
345 4802 523 4885 Frr'dlevt'rto]
545 4800 654 4866 lelandi
667 4799 749 4865 bunc
809 4801 941 4882 Norveg.
959 4797 1021 4864 vol·
1042 4797 1080 4860 lll
1093 4821 1125 4886 p.
1141 4795 1228 4880 299).

129 4931 204 4976 sae
221 4927 492 4974 emensitatem.
1160 4901 1236 4996 (42)
