3508 5460
338 301 414 377 836
678 293 1132 368 HlSTOll.DAN.LlBEll
1147 293 1238 368 XlV.

290 512 415 613 respui
431 531 504 600 non
518 523 696 605 oportere.
748 505 809 578 Sin
827 503 1280 599 monumentorum,
1307 501 1497 582 inviolatos
1514 503 1621 601 ohsi-

291 636 357 712 des
372 636 461 706 mitti
475 629 619 719 debere,
647 649 843 726 nepotum
868 625 1094 721 omersfide
1109 633 1261 702 cumeis
1284 643 1405 703 sotum
1430 630 1622 724 existimari

175 747 180 766 ⁸
290 771 425 860 prout,
450 752 635 852 autgmtis
650 766 783 826 nostros
798 752 1028 850 promissioni
1045 767 1177 849 proter
1192 749 1338 825 solitum
1371 751 1447 826 ulla
1462 751 1620 830 lubm'ol-
1747 761 1748 782 ¹

290 889 370 958 tatis
389 877 492 952 otrus
507 873 704 948 aonederet.
753 877 858 948 Hune
878 873 1087 950 sententium
1103 875 1281 948 maximus
1304 874 1465 974 pontifex
1488 875 1620 951 Eskil-
1747 873 1748 928 3

291 1006 351 1080 lus
365 999 614 1076 consentaneis
628 995 810 1095 suffragiis
826 994 996 1070 fraudare
1015 1019 1145 1096 passus
1160 1021 1234 1070 non
1250 1011 1314 1089 est,
1339 994 1505 1090 dicendo,
1531 997 1621 1098 ple·
1635 977 1639 984 λ

290 1132 377 1205 bem
398 1122 582 1225 patribus,
606 1145 683 1194 non
703 1119 806 1219 plebi
830 1133 951 1218 potres
966 1117 1220 1218 obtemperare
1235 1118 1391 1210 debere,
1414 1145 1534 1220 neque
1552 1145 1623 1220 par

291 1275 370 1328 esse
385 1247 545 1346 majores
561 1247 744 1342 minorum
763 1241 917 1317 arbitrio
940 1239 1079 1316 oedere.
1128 1245 1196 1340 Qui
1220 1259 1339 1316 autem
1364 1241 1621 1342 optabiliorem

291 1372 476 1450 vintoniam
494 1368 628 1466 osqtriri
646 1389 766 1465 posse,
790 1391 901 1466 quom
920 1363 1045 1439 alienos
1062 1363 1244 1464 religionis
1263 1367 1442 1467 populum
1459 1391 1535 1442 non
1551 1391 1621 1442 so-

292 1498 370 1572 lum
385 1491 545 1583 tributis,
579 1514 705 1564 verum
729 1492 836 1562 etiam
849 1487 1057 1564 Christianis
1081 1489 1191 1562 saeris
1212 1489 1421 1590 subjeetum
1452 1488 1622 1564 efficere?
1747 1491 1748 1516 l

293 1617 364 1692 Sed
390 1617 494 1690 stiam
525 1619 646 1714 potius
678 1610 941 1684 Arkoneosium
982 1633 1097 1710 opero
1126 1609 1320 1688 adversum
1349 1613 1512 1712 reliquos
1543 1611 1622 1688 ho-

293 1758 366 1818 stes
390 1735 582 1827 utendum,
602 1759 713 1834 qmm
730 1732 893 1808 coedibus
917 1729 1130 1806 inhiandum
1145 1736 1338 1832 monebam
1363 1740 1504 1835 quippe
1521 1734 1621 1810 sub-

292 1859 604 1964 jugamhostem,
638 1881 749 1957 quam
771 1879 919 1946 necare,
953 1872 1053 1930 tnoto
1070 1859 1294 1956 prestantius
1311 1883 1407 1948 esse,
1440 1873 1622 1958 quanmm

226 2021 230 2031 ·
292 1989 409 2086 pietas
427 1983 653 2059 anctoritate
675 1979 806 2054 distare
830 1980 1064 2080 cognoscitur.
1121 1983 1274 2082 Insuper
1298 1982 1483 2082 aliquanto
1506 1985 1620 2056 satius

292 2109 372 2184 sore
395 2103 637 2204 complurium
659 2103 898 2180 munitionum
922 2103 1091 2202 prresidin
1110 2067 1247 2204 paliter
1267 2088 1469 2206 occupare,
1503 2129 1618 2206 quom

292 2233 399 2304 unius
414 2227 640 2302 obsidionem
656 2231 817 2301 omnium
831 2229 1086 2326 expugnationi
1103 2252 1328 2327 praeponere.
1380 2234 1436 2302 Eo
1453 2232 1620 2304 monito-

291 2379 375 2428 rum
390 2353 534 2426 ratione
543 2367 727 2449 permotos
744 2349 926 2449 principes
943 2365 1015 2422 tam
1032 2375 1108 2424 mse
1124 2375 1238 2450 quom
1251 2350 1446 2426 Absalonis
1463 2365 1621 2426 senten-

292 2477 350 2552 tite
365 2497 570 2578 assensores
588 2471 715 2546 effecit.
763 2475 840 2546 ilex
853 2497 1013 2572 quoque,
1038 2472 1170 2548 eodem
1189 2473 1328 2548 eondlii
1345 2475 1469 2575 rigore
1485 2471 1620 2548 firma-

293 2615 361 2690 tus,
386 2596 528 2672 infestas
544 2595 676 2694 populi
690 2619 799 2672 voees
813 2595 944 2670 clausis
962 2598 1132 2695 patientia
1151 2596 1301 2672 nuribus
1319 2601 1468 2695 respuit.
1519 2597 1619 2690 Qni-

291 2721 364 2796 bus
378 2717 427 2794 nd
449 2716 613 2794 curando
633 2701 789 2816 corporo
810 2717 975 2810 dimissis,
999 2717 1171 2813 Absalon,
1196 2717 1517 2819 suscipiendorum
1539 2719 1619 2797 olr-

158 2919 160 2926 ,
191 2901 194 2916 r
292 2841 414 2920 sidunt
428 2837 637 2918 mandatum
651 2840 851 2940 amplexus,
875 2843 1006 2942 partim
1020 2841 1218 2916 liberorum
1231 2845 1387 2943 pignora
1404 2841 1620 2944 reeipielrst,

292 2971 424 3066 partim
445 2979 608 3064 parentes
622 2965 661 3038 in
679 2967 874 3041 erastinum
897 2989 1014 3065 nsque
1035 2990 1105 3064 pro
1122 2964 1246 3040 liberis
1261 2963 1481 3040 admittebat.
1533 2967 1619 3041 Eo-

291 3085 378 3164 dem
391 3091 563 3185 proximo
579 3093 693 3162 noetis
709 3085 801 3162 horn
816 3088 992 3164 ooneubio
1008 3090 1165 3188 quietem
1179 3092 1353 3188 cupiente,
1378 3090 1506 3190 ingens
1521 3087 1620 3163 bso-

291 3209 373 3286 bui
385 3207 526 3288 elamor
542 3214 709 3301 insonuit,
733 3209 962 3304 sonnatii,
987 3237 1067 3312 quo
1089 3209 1251 3285 Absalon
1265 3209 1370 3311 apud
1385 3209 1535 3286 Solsros
1556 3216 1623 3284 in-

291 3347 446 3431 tsrpmte
461 3331 642 3425 utebatur,
654 3337 799 3432 eopinm
815 3331 1014 3432 flagitantis.
1054 3337 1124 3429 Qui
1140 3333 1209 3410 hac
1223 3359 1314 3412 soce
1331 3341 1483 3426 excitus,
1500 3330 1624 3432 quid·-

291 3477 378 3534 ttsm
392 3451 577 3530 barbarus
591 3455 751 3548 afferret,
778 3471 903 3548 mutuo
920 3454 1080 3548 clamore
1096 3457 1280 3558 perquirit
1335 3457 1410 3551 Ille,
1435 3455 1628 3558 postulem

290 3577 482 3654 Amnum
506 3575 623 3670 udilo,
647 3579 797 3679 propius
814 3578 985 3654 accedere
1003 3582 1210 3681 permissus,
1236 3605 1398 3680 eumque
1419 3597 1523 3656 extro
1537 3595 1629 3654 tett-

290 3701 421 3776 torium
445 3697 495 3774 ad
516 3724 558 3776 se
580 3727 816 3802 progressum
841 3729 911 3804 per
942 3703 1170 3803 interpretem
1190 3703 1389 3796 allocutus,
1422 3703 1631 3802 impensius

290 3847 397 3898 omre
411 3825 531 3924 ooepit,
542 3831 761 3925 permitteret
773 3825 843 3902 silri
856 3827 1060 3901 Karentinis
1071 3826 1334 3903 Arkonensium
1348 3826 1502 3902 fontum
1516 3851 1632 3900 nun-

289 3949 377 4022 tium
395 3947 532 4040 offerre,
557 3947 779 4048 hortarique,
802 3965 842 4022 ut
849 3971 862 4037 ‚¹
885 3947 1063 4024 similibus
1078 3953 1194 4050 poetis
1218 3952 1363 4026 exitium
1382 3973 1634 4048 promeren-

290 4085 352 4164 tes,
376 4094 480 4148 sunm
495 4086 606 4179 utque
620 4072 723 4146 urbis
742 4069 1019 4145 incolumitatem
1031 4077 1166 4171 pacisci
1183 4096 1256 4146 non
1274 4070 1450 4162 differant,
1477 4069 1634 4170 praefa-

290 4207 360 4289 tus‚
383 4215 424 4270 se
441 4189 634 4270 voluntatis
649 4195 775 4270 eorum
786 4191 959 4270 indicium
977 4194 1150 4294 postridie
1169 4193 1402 4271 relaturum¹.
1428 4199 1638 4288 Praeterea,

335 4435 395 4498 'Se
405 4437 551 4522 postridie
564 4423 740 4514 relaturum]
755 4430 790 4495 ld
805 4443 861 4510 est,
876 4429 925 4495 die
982 4429 1067 4495 obire
1091 4443 1123 4496 et
1141 4431 1241 4496 redire
1263 4453 1372 4518 posse,
1394 4445 1427 4498 et
1447 4433 1642 4497 [latentium

288 4549 452 4623 postquam
471 4535 666 4604 discessisset„
707 4541 755 4600 Ex
779 4551 927 4622 respomo
982 4559 1161 4625 responsum
1184 4539 1267 4624 regis
1286 4538 1399 4602 referri
1421 4553 1454 4604 et
1475 4539 1549 4602 dein
1579 4541 1644 4606 de-

288 4641 451 4707 Absslonis
468 4653 563 4726 potet,
576 4647 729 4710 Grannum
740 4643 837 4710 tridui
848 4666 925 4732 quo·
980 4647 1131 4712 liberandi
1146 4645 1278 4731 spatium
1298 4643 1383 4716 duri.
1410 4643 1484 4734 quid
1504 4643 1645 4712 iacien-

288 4769 349 4836 que
368 4747 504 4812 inducis's
524 4749 697 4815 llarentiois
724 4753 785 4816 suis
809 4751 924 4835 expeti·
980 4753 1052 4822 dum
1066 4765 1329 4839 esset,sotequam
1343 4752 1472 4819 imtmet
1485 4751 1645 4839 impetus

289 4857 378 4924 risse.
411 4859 516 4941 ltaque
532 4853 651 4922 ridetur
662 4857 792 4923 voluisse
812 4857 877 4942 ipse
892 4868 924 4920 et
