3524 5460
314 311 471 429 ‚svnuo
495 337 550 408 111.
580 335 789 408 casurus
803 335 846 408 v.
884 336 1212 410 wrauuusuus
1228 341 1252 412 1.
1314 343 1386 414 mo

129 545 293 644 tegritatis
315 543 410 618 duce
432 543 593 643 perfidiae
610 543 789 618 fautorem
816 545 991 639 evadere,
1018 563 1221 645 notamque,
1239 573 1348 644 quom
1370 575 1438 620 en-

129 685 230 742 tenus
245 673 388 759 cavent,
414 667 486 741 sub
506 666 670 740 ultimum
687 682 829 764 tempus
850 666 919 740 sibi
943 672 1171 742 consciscere.
1233 669 1342 744 Malle
1366 673 1436 770 igi-

56 794 63 811 *
128 805 237 864 tur'se
264 815 435 888 generum
463 789 647 888 filiamque
663 815 747 864 cum
763 807 895 887 nepote
917 817 960 863 ex
977 817 1019 864 ea
1034 807 1201 890 suscepto
1216 796 1314 864 cruci
1333 795 1439 867 suffi-

129 937 190 986 xos
208 901 340 1004 videre,
365 938 476 1012 quam
491 911 576 984 fidei
602 929 636 984 et
660 915 864 987 sinceritatis
890 915 1097 1012 opinionem
1122 929 1173 985 tot
1195 919 1296 986 annis
1312 939 1438 988 serva-

66 1037 71 1055 ‘
128 1051 198 1107 tam
224 1051 392 1108 extreme
418 1035 529 1107 aetatis
546 1035 691 1108 iufamia
709 1059 955 1132 corrumpere,
980 1033 1177 1132 alienaeque
1194 1034 1330 1110 iraudis
1344 1064 1439 1136 pro-

128 1159 282 1256 positum
305 1159 501 1256 impiissimi
528 1157 661 1232 favoris
686 1159 859 1256 prosequi
882 1163 1111 1230 nutrimento.
1175 1159 1267 1230 Tum
1293 1158 1439 1234 demum

129 1279 376 1356 affuturumse
399 1278 635 1379 subsidiaque
652 1279 821 1368 laturum,
847 1283 874 1352 si
894 1303 1017 1378 gener,
1044 1284 1176 1353 omissa
1195 1279 1342 1372 fraude,
1366 1307 1439 1379 pa-

129 1403 218 1492 lam,
243 1425 338 1502 quos
362 1419 516 1492 metuat,
549 1409 705 1502 impetat.
767 1401 822 1474 Ad
848 1399 961 1500 hujus
992 1407 1088 1475 vocis
1128 1403 1290 1474 nuntium
1323 1405 1440 1477 Svcno

128 1527 261 1600 rubore
278 1525 467 1624 perfusus,
502 1524 675 1599 ulterioris
700 1527 767 1598 viae
785 1540 942 1598 tutatore
962 1541 1109 1622 negato,
1141 1527 1178 1596 in
1200 1549 1352 1622 regnum
1375 1553 1440 1600 re-

128 1651 238 1724 vertit.

258 1775 362 1844 Brevi
380 1793 563 1842 morarum
586 1793 779 1868 processu,
816 1773 954 1843 Canuto
972 1787 1006 1842 et
1031 1767 1258 1842 Waldemaro
1281 1767 1441 1870 Wibergi

130 1917 268 1966 moram
285 1891 515 1982 habentibus,
531 1893 675 1967 occulto
692 1895 843 1991 trajectu
859 1894 895 1964 in
910 1893 1069 1964 Fioniam
1086 1917 1106 1964 e
1120 1887 1296 1962 Sinlandia
1313 1915 1441 1964 acces-

128 2019 204 2108 sit¹,
232 2015 408 2106 confisus,
430 2016 633 2112 inopinatos
655 2013 781 2113 prendi
813 2039 931 2112 posse.
991 2017 1140 2088 Detecto
1170 2012 1268 2106 dolo,
1301 2012 1442 2087 mandat

130 2141 282 2238 utrique,
303 2138 502 2211 allocutum
523 2163 563 2210 se
589 2161 673 2230 eos,
706 2161 778 2208 non
794 2153 1014 2234 occupatum
1031 2138 1186 2227 senisse3
1219 2138 1442 2232 suspiciones

129 2260 329 2360 deponant,
357 2285 448 2360 quas
471 2259 562 2334 falso
579 2259 814 2357 conceperint.
866 2259 936 2350 Illi,
960 2259 1097 2332 indiciis
1122 2256 1257 2330 dolum.
1273 2282 1441 2356 praecur-

128 2383 304 2472 reutibus,
331 2386 411 2482 ejus
433 2382 480 2456 de
502 2407 541 2456 se
566 2389 795 2481 propositum
821 2381 1009 2480 speculati,
1042 2379 1205 2478 nihilque
1234 2383 1310 2478 jam
1334 2382 1442 2458 bonae

127 2507 202 2604 spei
229 2531 272 2580 er
297 2507 391 2606 regis
415 2508 594 2603 promisso
620 2507 818 2604 capientes,
841 2508 1008 2578 Jutorum
1024 2501 1201 2602 suffragiis
1224 2507 1365 2602 regium
1386 2512 1442 2580 si·

128 2626 165 2700 bi
193 2653 323 2700 nomeu
349 2633 582 2701 consciscunt.
649 2630 751 2700 Tunc
772 2653 834 2702 rex
859 2627 960 2726 apud
983 2625 1138 2699 Otbenas
1159 2625 1256 2719 (nam
1283 2650 1327 2698 eo
1351 2627 1443 2702 forte

128 2747 196 2822 loci
224 2747 439 2846 deverterat)
469 2754 660 2824 contractis
689 2756 725 2821 in
757 2751 893 2850 regium
923 2749 1116 2840 militibus,
1150 2773 1247 2822 nuuc
1270 2749 1442 2849 singulos,

127 2896 224 2944 nunc
259 2873 447 2946 universos
484 2873 616 2948 arctius
648 2875 850 2970 percontari
877 2879 1007 2971 coepit,
1055 2895 1130 2970 qua
1168 2867 1242 2944 fide
1284 2895 1442 2970 praescns

124 2993 265 3068 bellum
281 2993 418 3094 ingredi
434 2993 570 3068 vellent
623 2993 940 3093 Respondentibus
956 2995 1125 3086 alacriter,
1158 3017 1232 3066 non
1261 3013 1443 3072 contentus

124 3115 350 3215 simplicitate
374 3119 559 3217 promissi,
595 3133 817 3192 sacramento
846 3116 957 3192 fidem
990 3119 1166 3220 efflagitat.
1241 3115 1350 3193 lllatis
1377 3145 1442 3194 sa-

122 3239 215 3331 cris,
248 3239 365 3329 Suuo,
397 3246 473 3314 sire
504 3256 645 3316 vetusta
673 3238 891 3314 waldemari
913 3247 1061 3317 caritate
1095 3249 1170 3316 sive
1199 3242 1340 3338 privato
1381 3250 1442 3318 in-

120 3362 305 3458 juriarum
333 3357 460 3436 dolore
489 3379 695 3460 permotus,
729 3365 826 3462 regia
857 3363 956 3438 solus
995 3363 1138 3438 excedit.
1199 3365 1346 3457 Emissi,
1379 3369 1444 3464 qui

120 3507 211 3558 eum
234 3499 456 3574 revocarent,
480 3509 623 3558 eausam
639 3501 711 3558 tam
733 3485 861 3560 subitae
879 3490 1089 3588 egressionis
1111 3485 1312 3587 efflagitant.
1363 3491 1445 3563 Ro-

117 3621 233 3706 gatus
265 3603 416 3706 regredi,
441 3606 491 3680 ob
508 3623 664 3705 paternae
691 3607 785 3682 villae
811 3617 1032 3709 ereptionem
1055 3612 1294 3716 conqueritur.
1369 3614 1444 3686 Rex

114 3732 387 3805 restitutionem
420 3735 600 3828 promittit
673 3730 788 3822 Suuo,
830 3756 947 3806 seram
976 3732 1071 3807 hanc
1104 3733 1276 3831 justitiam
1318 3734 1445 3830 ioqui·-
1516 3747 1521 3756 ·

115 3879 212 3944 ens,
238 3859 272 3924 in
296 3851 457 3928 adversis
479 3877 630 3926 usurum
659 3877 698 3927 se
727 3869 853 3954 negat,
885 3861 1017 3954 quoin
1044 3856 1228 3955 prosperis
1258 3841 1446 3926 fraudatus

111 3974 246 4048 fuerit
326 3972 571 4067 Quamobrem
600 3980 749 4074 potioris
778 3979 888 4078 partis
910 3977 1078 4078 amplexu
1111 3974 1303 4050 solitariam
1325 3991 1446 4048 trans-

164 4273 176 4306 ¹
216 4267 339 4331 Occulta
377 4269 503 4352 trajectu
543 4294 559 4331 c
602 4272 760 4336 Siataudts
817 4271 978 4358 probabile
1003 4286 1057 4336 est.
1100 4271 1202 4333 Sveno
1228 4267 1327 4346 enlm,
1350 4268 1445 4352 cupiit

103 4371 266 4452 accessit]
293 4373 418 4437 Initum
443 4375 504 4438 boc
529 4377 680 4439 Sveuonis
708 4395 760 4440 oo·
821 4397 838 4440 e
866 4377 973 4441 Fionie
997 4377 1151 4461 trajectis,
1176 4373 1293 4438 facilius
1325 4393 1447 4458 sperare

101 4497 242 4548 namen
271 4494 490 4544 commemorat
528 4483 619 4545 etiem
653 4495 760 4546 rumor
824 4497 963 4570 poterat,
993 4503 1025 4548 se
1055 4501 1108 4550 eos
1134 4493 1369 4565 occupaturum,
1395 4483 1447 4566 qm'

100 4586 270 4654 historie
294 4585 451 4672 llnytling.
487 4607 520 4673 p.
539 4583 619 4667 359,
649 4587 762 4667 dicem,
826 4589 957 4676 Viburgi
977 4589 1130 4674 degerent.
1180 4591 1353 4672 Hecgeste
1367 4607 1447 4650 anno

99 4693 367 4766 waldemarum
397 4707 428 4757 ct
459 4694 611 4758 canutum
642 4694 758 4758 interca
829 4690 920 4758 1154.

91 4803 218 4890 Rtpis
237 4809 439 4866 commoratos
460 4817 541 4878 esse,
562 4799 645 4886 quod
667 4801 765 4866 mnus

1155 4904 1255 5003 eu>
