<?xml version="1.0" encoding="UTF-8"?>
<!DOCTYPE html PUBLIC "-//W3C//DTD XHTML 1.0 Transitional//EN"
    "http://www.w3.org/TR/xhtml1/DTD/xhtml1-transitional.dtd">
<html xmlns="http://www.w3.org/1999/xhtml" xml:lang="en" lang="en">
 <head>
  <title>
</title>
<meta http-equiv="Content-Type" content="text/html;charset=utf-8" />
  <meta name='ocr-system' content='tesseract 3.04.00' />
  <meta name='ocr-capabilities' content='ocr_page ocr_carea ocr_par ocr_line ocrx_word'/>
</head>
<body>
  <div class='ocr_page' id='page_1' title='image "./historiadanica01velsgoog_0063.png"; bbox 0 0 3582 5466; ppageno 0'>
   <div class='ocr_carea' id='block_1_1' title="bbox 393 285 1278 364">
    <p class='ocr_par' dir='ltr' id='par_1_1' title="bbox 393 285 1278 364">
     <span class='ocr_line' id='line_1_1' title="bbox 393 285 1278 364; baseline -0.005 0"><span class='ocrx_word' id='word_1_1' title='bbox 393 288 468 364; x_wconf 81' lang='grc'><strong>600</strong></span> <span class='ocrx_word' id='word_1_2' title='bbox 734 285 910 358; x_wconf 71' lang='lat' dir='ltr'><strong>limana.</strong></span> <span class='ocrx_word' id='word_1_3' title='bbox 925 289 1032 361; x_wconf 75' lang='lat' dir='ltr'><strong>DAN.</strong></span> <span class='ocrx_word' id='word_1_4' title='bbox 1051 287 1190 360; x_wconf 83' lang='lat' dir='ltr'>LIBER</span> <span class='ocrx_word' id='word_1_5' title='bbox 1204 287 1278 360; x_wconf 83' lang='lat' dir='ltr'><strong>tttt</strong></span> 
     </span>
    </p>
   </div>
   <div class='ocr_carea' id='block_1_2' title="bbox 316 491 1667 2680">
    <p class='ocr_par' dir='ltr' id='par_1_2' title="bbox 316 491 1663 1941">
     <span class='ocr_line' id='line_1_2' title="bbox 342 491 1657 595; baseline 0 -25"><span class='ocrx_word' id='word_1_6' title='bbox 342 495 544 594; x_wconf 78' lang='lat' dir='ltr'><strong>principuus</strong></span> <span class='ocrx_word' id='word_1_7' title='bbox 568 495 681 572; x_wconf 83' lang='lat' dir='ltr'><strong>oculis</strong></span> <span class='ocrx_word' id='word_1_8' title='bbox 704 495 883 595; x_wconf 85' lang='lat' dir='ltr'><strong>subjicere</strong></span> <span class='ocrx_word' id='word_1_9' title='bbox 903 495 1149 575; x_wconf 80' lang='lat' dir='ltr'><strong>erubescebat.</strong></span> <span class='ocrx_word' id='word_1_10' title='bbox 1213 499 1287 570; x_wconf 85' lang='lat' dir='ltr'><strong>Nec</strong></span> <span class='ocrx_word' id='word_1_11' title='bbox 1313 491 1474 570; x_wconf 78' lang='lat' dir='ltr'><strong>difficiles</strong></span> <span class='ocrx_word' id='word_1_12' title='bbox 1502 496 1657 570; x_wconf 56' lang='lat' dir='ltr'><strong>namma</strong></span> 
     </span>
     <span class='ocr_line' id='line_1_3' title="bbox 343 615 1656 718; baseline 0.002 -26"><span class='ocrx_word' id='word_1_13' title='bbox 343 641 448 692; x_wconf 79' lang='lat' dir='ltr'><strong>sures</strong></span> <span class='ocrx_word' id='word_1_14' title='bbox 463 615 598 694; x_wconf 88' lang='lat' dir='ltr'><strong>habuit.</strong></span> <span class='ocrx_word' id='word_1_15' title='bbox 638 617 819 718; x_wconf 81' lang='lat' dir='ltr'>Siquidem</span> <span class='ocrx_word' id='word_1_16' title='bbox 838 615 991 694; x_wconf 87' lang='lat' dir='ltr'><strong>celerem</strong></span> <span class='ocrx_word' id='word_1_17' title='bbox 1004 618 1065 694; x_wconf 83' lang='lat' dir='ltr'><strong>fati</strong></span> <span class='ocrx_word' id='word_1_18' title='bbox 1083 621 1175 694; x_wconf 85' lang='lat' dir='ltr'><strong>viam</strong></span> <span class='ocrx_word' id='word_1_19' title='bbox 1196 617 1359 708; x_wconf 76' lang='lat' dir='ltr'><strong>obtinuit,</strong></span> <span class='ocrx_word' id='word_1_20' title='bbox 1385 615 1529 716; x_wconf 78' lang='lat' dir='ltr'><strong>sibique</strong></span> <span class='ocrx_word' id='word_1_21' title='bbox 1552 640 1656 693; x_wconf 80' lang='lat' dir='ltr'><strong>rnor-</strong></span> 
     </span>
     <span class='ocr_line' id='line_1_4' title="bbox 345 738 1658 842; baseline -0.001 -28"><span class='ocrx_word' id='word_1_22' title='bbox 345 757 435 831; x_wconf 88' lang='lat' dir='ltr'><strong>tern,</strong></span> <span class='ocrx_word' id='word_1_23' title='bbox 466 741 616 814; x_wconf 87' lang='lat' dir='ltr'><strong>salutem</strong></span> <span class='ocrx_word' id='word_1_24' title='bbox 640 743 763 840; x_wconf 84' lang='lat' dir='ltr'><strong>patriae</strong></span> <span class='ocrx_word' id='word_1_25' title='bbox 795 739 837 835; x_wconf 90' lang='lat' dir='ltr'><strong>(si</strong></span> <span class='ocrx_word' id='word_1_26' title='bbox 861 739 1068 842; x_wconf 87' lang='lat' dir='ltr'><strong>quamodo</strong></span> <span class='ocrx_word' id='word_1_27' title='bbox 1092 738 1279 839; x_wconf 82' lang='lat' dir='ltr'><strong>parricidis</strong></span> <span class='ocrx_word' id='word_1_28' title='bbox 1312 743 1423 814; x_wconf 77' lang='lat' dir='ltr'><strong>vir-tos</strong></span> <span class='ocrx_word' id='word_1_29' title='bbox 1448 739 1563 836; x_wconf 64' lang='lat' dir='ltr'><strong>inest)</strong></span> <span class='ocrx_word' id='word_1_30' title='bbox 1597 743 1658 837; x_wconf 78' lang='lat' dir='ltr'><strong>pis</strong></span> 
     </span>
     <span class='ocr_line' id='line_1_5' title="bbox 344 858 1658 962; baseline -0.002 -26"><span class='ocrx_word' id='word_1_31' title='bbox 344 887 451 962; x_wconf 82' lang='lat' dir='ltr'><strong>prece</strong></span> <span class='ocrx_word' id='word_1_32' title='bbox 464 864 668 955; x_wconf 86' lang='lat' dir='ltr'><strong>conscivit¹,</strong></span> <span class='ocrx_word' id='word_1_33' title='bbox 682 863 911 962; x_wconf 80' lang='lat' dir='ltr'><strong>ingenuoque</strong></span> <span class='ocrx_word' id='word_1_34' title='bbox 932 863 1076 940; x_wconf 86' lang='lat' dir='ltr'><strong>vivendi</strong></span> <span class='ocrx_word' id='word_1_35' title='bbox 1091 861 1231 961; x_wconf 89' lang='lat' dir='ltr'><strong>pudore</strong></span> <span class='ocrx_word' id='word_1_36' title='bbox 1254 865 1415 936; x_wconf 74' lang='lat' dir='ltr'><strong>maxima</strong></span> <span class='ocrx_word' id='word_1_37' title='bbox 1442 858 1555 936; x_wconf 89' lang='lat' dir='ltr'><strong>cladis</strong></span> <span class='ocrx_word' id='word_1_38' title='bbox 1571 885 1658 958; x_wconf 81' lang='lat' dir='ltr'><strong>poe-</strong></span> 
     </span>
     <span class='ocr_line' id='line_1_6' title="bbox 347 983 1659 1086; baseline -0.003 -28"><span class='ocrx_word' id='word_1_39' title='bbox 347 1009 430 1058; x_wconf 88' lang='lat' dir='ltr'><strong>nam</strong></span> <span class='ocrx_word' id='word_1_40' title='bbox 445 986 579 1058; x_wconf 82' lang='lat' dir='ltr'><strong>avertit</strong></span> <span class='ocrx_word' id='word_1_41' title='bbox 630 989 756 1086; x_wconf 91' lang='lat' dir='ltr'><strong>ltaque</strong></span> <span class='ocrx_word' id='word_1_42' title='bbox 773 987 955 1060; x_wconf 75' lang='lat' dir='ltr'><strong>memorie</strong></span> <span class='ocrx_word' id='word_1_43' title='bbox 972 987 1052 1084; x_wconf 89' lang='lat' dir='ltr'><strong>ejus</strong></span> <span class='ocrx_word' id='word_1_44' title='bbox 1069 987 1263 1084; x_wconf 79' lang='lat' dir='ltr'><strong>speciosius</strong></span> <span class='ocrx_word' id='word_1_45' title='bbox 1285 983 1448 1081; x_wconf 86' lang='lat' dir='ltr'><strong>deposita</strong></span> <span class='ocrx_word' id='word_1_46' title='bbox 1466 987 1534 1056; x_wconf 89' lang='lat' dir='ltr'><strong>vita</strong></span> <span class='ocrx_word' id='word_1_47' title='bbox 1549 1003 1659 1080; x_wconf 77' lang='lat' dir='ltr'><strong>quant</strong></span> 
     </span>
     <span class='ocr_line' id='line_1_7' title="bbox 347 1103 1660 1208; baseline -0.004 -26"><span class='ocrx_word' id='word_1_48' title='bbox 347 1125 445 1206; x_wconf 80' lang='lat' dir='ltr'><strong>gesta</strong></span> <span class='ocrx_word' id='word_1_49' title='bbox 458 1108 590 1182; x_wconf 78' lang='lat' dir='ltr'>ascribi</span> <span class='ocrx_word' id='word_1_50' title='bbox 609 1123 734 1206; x_wconf 90' lang='lat' dir='ltr'><strong>potest,</strong></span> <span class='ocrx_word' id='word_1_51' title='bbox 759 1114 820 1208; x_wconf 90' lang='lat' dir='ltr'><strong>qui</strong></span> <span class='ocrx_word' id='word_1_52' title='bbox 837 1107 948 1182; x_wconf 80' lang='lat' dir='ltr'><strong>iatum</strong></span> <span class='ocrx_word' id='word_1_53' title='bbox 964 1113 1086 1208; x_wconf 84' lang='lat' dir='ltr'><strong>patriae</strong></span> <span class='ocrx_word' id='word_1_54' title='bbox 1102 1107 1248 1184; x_wconf 88' lang='lat' dir='ltr'><strong>finiendi</strong></span> <span class='ocrx_word' id='word_1_55' title='bbox 1261 1109 1402 1206; x_wconf 89' lang='lat' dir='ltr'><strong>spiritus</strong></span> <span class='ocrx_word' id='word_1_56' title='bbox 1421 1127 1567 1180; x_wconf 83' lang='lat' dir='ltr'><strong>causcm</strong></span> <span class='ocrx_word' id='word_1_57' title='bbox 1586 1103 1660 1178; x_wconf 87' lang='lat' dir='ltr'><strong>ha-</strong></span> 
     </span>
     <span class='ocr_line' id='line_1_8' title="bbox 347 1225 1662 1332; baseline -0.004 -26"><span class='ocrx_word' id='word_1_58' title='bbox 347 1231 437 1306; x_wconf 88' lang='lat' dir='ltr'><strong>buit.</strong></span> <span class='ocrx_word' id='word_1_59' title='bbox 487 1234 621 1322; x_wconf 88' lang='lat' dir='ltr'><strong>Porro,</strong></span> <span class='ocrx_word' id='word_1_60' title='bbox 647 1247 820 1328; x_wconf 86' lang='lat' dir='ltr'><strong>quautam</strong></span> <span class='ocrx_word' id='word_1_61' title='bbox 846 1233 997 1308; x_wconf 87' lang='lat' dir='ltr'><strong>caritatis</strong></span> <span class='ocrx_word' id='word_1_62' title='bbox 1021 1257 1106 1332; x_wconf 84' lang='lat' dir='ltr'><strong>erga</strong></span> <span class='ocrx_word' id='word_1_63' title='bbox 1122 1257 1208 1308; x_wconf 86' lang='lat' dir='ltr'><strong>suos</strong></span> <span class='ocrx_word' id='word_1_64' title='bbox 1225 1229 1324 1306; x_wconf 91' lang='lat' dir='ltr'><strong>cordi</strong></span> <span class='ocrx_word' id='word_1_65' title='bbox 1342 1229 1482 1304; x_wconf 85' lang='lat' dir='ltr'><strong>insitum</strong></span> <span class='ocrx_word' id='word_1_66' title='bbox 1500 1225 1662 1316; x_wconf 84' lang='lat' dir='ltr'><strong>haberet,</strong></span> 
     </span>
     <span class='ocr_line' id='line_1_9' title="bbox 348 1349 1661 1454; baseline -0.003 -26"><span class='ocrx_word' id='word_1_67' title='bbox 348 1354 498 1453; x_wconf 82' lang='lat' dir='ltr'><strong>aperuit,</strong></span> <span class='ocrx_word' id='word_1_68' title='bbox 522 1379 605 1428; x_wconf 90' lang='lat' dir='ltr'><strong>cum</strong></span> <span class='ocrx_word' id='word_1_69' title='bbox 620 1369 654 1425; x_wconf 90' lang='lat' dir='ltr'><strong>et</strong></span> <span class='ocrx_word' id='word_1_70' title='bbox 675 1377 800 1428; x_wconf 88' lang='lat' dir='ltr'><strong>eorum</strong></span> <span class='ocrx_word' id='word_1_71' title='bbox 819 1353 912 1428; x_wconf 87' lang='lat' dir='ltr'><strong>mala</strong></span> <span class='ocrx_word' id='word_1_72' title='bbox 929 1356 1077 1453; x_wconf 89' lang='lat' dir='ltr'><strong>proprio</strong></span> <span class='ocrx_word' id='word_1_73' title='bbox 1096 1355 1212 1454; x_wconf 88' lang='lat' dir='ltr'><strong>capite</strong></span> <span class='ocrx_word' id='word_1_74' title='bbox 1231 1353 1332 1428; x_wconf 87' lang='lat' dir='ltr'><strong>luere</strong></span> <span class='ocrx_word' id='word_1_75' title='bbox 1356 1349 1464 1424; x_wconf 87' lang='lat' dir='ltr'><strong>vellet</strong></span> <span class='ocrx_word' id='word_1_76' title='bbox 1489 1365 1524 1424; x_wconf 91' lang='lat' dir='ltr'><strong>et</strong></span> <span class='ocrx_word' id='word_1_77' title='bbox 1554 1373 1661 1424; x_wconf 87' lang='lat' dir='ltr'><strong>cotu-</strong></span> 
     </span>
     <span class='ocr_line' id='line_1_10' title="bbox 349 1474 1663 1576; baseline -0.002 -26"><span class='ocrx_word' id='word_1_78' title='bbox 349 1501 459 1550; x_wconf 86' lang='lat' dir='ltr'><strong>mune</strong></span> <span class='ocrx_word' id='word_1_79' title='bbox 475 1475 676 1576; x_wconf 88' lang='lat' dir='ltr'><strong>periculum</strong></span> <span class='ocrx_word' id='word_1_80' title='bbox 688 1475 735 1549; x_wconf 90' lang='lat' dir='ltr'><strong>ad</strong></span> <span class='ocrx_word' id='word_1_81' title='bbox 750 1501 789 1552; x_wconf 87' lang='lat' dir='ltr'><strong>se</strong></span> <span class='ocrx_word' id='word_1_82' title='bbox 801 1476 919 1550; x_wconf 88' lang='lat' dir='ltr'><strong>solum</strong></span> <span class='ocrx_word' id='word_1_83' title='bbox 935 1475 1138 1552; x_wconf 89' lang='lat' dir='ltr'><strong>redundare</strong></span> <span class='ocrx_word' id='word_1_84' title='bbox 1152 1475 1372 1576; x_wconf 82' lang='lat' dir='ltr'><strong>deposceret</strong></span> <span class='ocrx_word' id='word_1_85' title='bbox 1409 1474 1558 1569; x_wconf 84' lang='lat' dir='ltr'><strong>Nempe,</strong></span> <span class='ocrx_word' id='word_1_86' title='bbox 1576 1477 1663 1571; x_wconf 82' lang='lat' dir='ltr'><strong>quia</strong></span> 
     </span>
     <span class='ocr_line' id='line_1_11' title="bbox 350 1589 1662 1697; baseline -0.005 -23"><span class='ocrx_word' id='word_1_87' title='bbox 350 1621 453 1674; x_wconf 82' lang='lat' dir='ltr'><strong>suam</strong></span> <span class='ocrx_word' id='word_1_88' title='bbox 470 1622 538 1696; x_wconf 93' lang='lat' dir='ltr'><strong>pro</strong></span> <span class='ocrx_word' id='word_1_89' title='bbox 555 1599 685 1672; x_wconf 90' lang='lat' dir='ltr'><strong>civium</strong></span> <span class='ocrx_word' id='word_1_90' title='bbox 703 1599 816 1673; x_wconf 88' lang='lat' dir='ltr'><strong>salute</strong></span> <span class='ocrx_word' id='word_1_91' title='bbox 829 1596 996 1687; x_wconf 89' lang='lat' dir='ltr'><strong>devovit,</strong></span> <span class='ocrx_word' id='word_1_92' title='bbox 1021 1600 1071 1697; x_wconf 90' lang='lat' dir='ltr'><strong>pii</strong></span> <span class='ocrx_word' id='word_1_93' title='bbox 1086 1601 1191 1672; x_wconf 88' lang='lat' dir='ltr'><strong>animi</strong></span> <span class='ocrx_word' id='word_1_94' title='bbox 1218 1597 1318 1673; x_wconf 90' lang='lat' dir='ltr'><strong>titulo</strong></span> <span class='ocrx_word' id='word_1_95' title='bbox 1344 1589 1567 1668; x_wconf 76' lang='lat' dir='ltr'><strong>fraudandus</strong></span> <span class='ocrx_word' id='word_1_96' title='bbox 1588 1619 1662 1668; x_wconf 87' lang='lat' dir='ltr'><strong>non</strong></span> 
     </span>
     <span class='ocr_line' id='line_1_12' title="bbox 351 1699 1661 1820; baseline 0.001 -28"><span class='ocrx_word' id='word_1_97' title='bbox 351 1735 414 1794; x_wconf 85' lang='lat' dir='ltr'><strong>est.</strong></span> <span class='ocrx_word' id='word_1_98' title='bbox 465 1699 623 1794; x_wconf 81' lang='lat' dir='ltr'><strong>Fortuna</strong></span> <span class='ocrx_word' id='word_1_99' title='bbox 637 1718 815 1820; x_wconf 82' lang='lat' dir='ltr'><strong>siquidem</strong></span> <span class='ocrx_word' id='word_1_100' title='bbox 832 1719 963 1796; x_wconf 80' lang='lat' dir='ltr'><strong>famem</strong></span> <span class='ocrx_word' id='word_1_101' title='bbox 980 1745 1061 1794; x_wconf 91' lang='lat' dir='ltr'><strong>curn</strong></span> <span class='ocrx_word' id='word_1_102' title='bbox 1078 1738 1226 1796; x_wconf 87' lang='lat' dir='ltr'><strong>auctore</strong></span> <span class='ocrx_word' id='word_1_103' title='bbox 1234 1747 1302 1796; x_wconf 93' lang='lat' dir='ltr'><strong>suo</strong></span> <span class='ocrx_word' id='word_1_104' title='bbox 1318 1709 1395 1819; x_wconf 89' lang='lat' dir='ltr'><strong>pari</strong></span> <span class='ocrx_word' id='word_1_105' title='bbox 1410 1713 1535 1790; x_wconf 82' lang='lat' dir='ltr'><strong>sunere</strong></span> <span class='ocrx_word' id='word_1_106' title='bbox 1550 1733 1661 1792; x_wconf 80' lang='lat' dir='ltr'><strong>extu-</strong></span> 
     </span>
     <span class='ocr_line' id='line_1_13' title="bbox 316 1839 997 1941; baseline -0.001 -22"><span class='ocrx_word' id='word_1_107' title='bbox 316 1913 320 1924; x_wconf 79' lang='lat'><strong>,</strong></span> <span class='ocrx_word' id='word_1_108' title='bbox 353 1841 403 1934; x_wconf 87' lang='lat' dir='ltr'><strong>tir,</strong></span> <span class='ocrx_word' id='word_1_109' title='bbox 428 1839 654 1941; x_wconf 77' lang='lat' dir='ltr'><strong>inediamque</strong></span> <span class='ocrx_word' id='word_1_110' title='bbox 667 1845 824 1917; x_wconf 86' lang='lat' dir='ltr'><strong>satietate</strong></span> <span class='ocrx_word' id='word_1_111' title='bbox 840 1847 997 1918; x_wconf 80' lang='lat' dir='ltr'><strong>mutavit</strong></span> 
     </span>
    </p>

    <p class='ocr_par' dir='ltr' id='par_1_3' title="bbox 355 1967 1667 2680">
     <span class='ocr_line' id='line_1_14' title="bbox 485 1967 1663 2071; baseline 0.003 -31"><span class='ocrx_word' id='word_1_112' title='bbox 485 1967 576 2040; x_wconf 85' lang='lat' dir='ltr'><strong>Huic</strong></span> <span class='ocrx_word' id='word_1_113' title='bbox 589 1967 726 2058; x_wconf 88' lang='lat' dir='ltr'><strong>Ericus,</strong></span> <span class='ocrx_word' id='word_1_114' title='bbox 741 1982 826 2040; x_wconf 89' lang='lat' dir='ltr'><strong>natu</strong></span> <span class='ocrx_word' id='word_1_115' title='bbox 846 1971 1041 2065; x_wconf 84' lang='lat' dir='ltr'><strong>proximus,</strong></span> <span class='ocrx_word' id='word_1_116' title='bbox 1056 1967 1200 2041; x_wconf 86' lang='lat' dir='ltr'><strong>eSvetia</strong></span> <span class='ocrx_word' id='word_1_117' title='bbox 1213 1984 1407 2063; x_wconf 78' lang='lat' dir='ltr'><strong>revocatus,</strong></span> <span class='ocrx_word' id='word_1_118' title='bbox 1425 1995 1556 2071; x_wconf 84' lang='lat' dir='ltr'><strong>magno</strong></span> <span class='ocrx_word' id='word_1_119' title='bbox 1574 1995 1663 2044; x_wconf 90' lang='lat' dir='ltr'><strong>om-</strong></span> 
     </span>
     <span class='ocr_line' id='line_1_15' title="bbox 355 2073 1666 2190; baseline 0.002 -28"><span class='ocrx_word' id='word_1_120' title='bbox 355 2090 453 2164; x_wconf 91' lang='lat' dir='ltr'><strong>nium</strong></span> <span class='ocrx_word' id='word_1_121' title='bbox 478 2088 602 2164; x_wconf 81' lang='lat' dir='ltr'><strong>favore</strong></span> <span class='ocrx_word' id='word_1_122' title='bbox 623 2073 828 2187; x_wconf 51' lang='lat' dir='ltr'><strong>sufficitur(</strong></span> <span class='ocrx_word' id='word_1_123' title='bbox 870 2090 989 2187; x_wconf 88' lang='lat' dir='ltr'><strong>Hujus</strong></span> <span class='ocrx_word' id='word_1_124' title='bbox 1011 2105 1098 2163; x_wconf 82' lang='lat' dir='ltr'><strong>aetas</strong></span> <span class='ocrx_word' id='word_1_125' title='bbox 1120 2085 1327 2186; x_wconf 77' lang='lat' dir='ltr'><strong>periclitanti</strong></span> <span class='ocrx_word' id='word_1_126' title='bbox 1351 2092 1491 2190; x_wconf 91' lang='lat' dir='ltr'><strong>populo</strong></span> <span class='ocrx_word' id='word_1_127' title='bbox 1516 2089 1666 2166; x_wconf 80' lang='lat' dir='ltr'><strong>labentis</strong></span> 
     </span>
     <span class='ocr_line' id='line_1_16' title="bbox 355 2209 1666 2311; baseline 0.003 -27"><span class='ocrx_word' id='word_1_128' title='bbox 355 2235 506 2286; x_wconf 82' lang='lat' dir='ltr'><strong>anuouae</strong></span> <span class='ocrx_word' id='word_1_129' title='bbox 521 2209 682 2286; x_wconf 87' lang='lat' dir='ltr'><strong>subsidia</strong></span> <span class='ocrx_word' id='word_1_130' title='bbox 702 2217 898 2308; x_wconf 80' lang='lat' dir='ltr'><strong>reparavit,</strong></span> <span class='ocrx_word' id='word_1_131' title='bbox 923 2235 1100 2311; x_wconf 84' lang='lat' dir='ltr'><strong>segesque</strong></span> <span class='ocrx_word' id='word_1_132' title='bbox 1118 2213 1317 2309; x_wconf 83' lang='lat' dir='ltr'><strong>tempestivi</strong></span> <span class='ocrx_word' id='word_1_133' title='bbox 1345 2214 1469 2290; x_wconf 87' lang='lat' dir='ltr'><strong>imbris</strong></span> <span class='ocrx_word' id='word_1_134' title='bbox 1489 2214 1666 2289; x_wconf 86' lang='lat' dir='ltr'><strong>beaeiicio</strong></span> 
     </span>
     <span class='ocr_line' id='line_1_17' title="bbox 356 2333 1667 2434; baseline -0.001 -25"><span class='ocrx_word' id='word_1_135' title='bbox 356 2336 492 2411; x_wconf 88' lang='lat' dir='ltr'><strong>visitata</strong></span> <span class='ocrx_word' id='word_1_136' title='bbox 507 2333 692 2408; x_wconf 84' lang='lat' dir='ltr'><strong>convaluit</strong></span> <span class='ocrx_word' id='word_1_137' title='bbox 745 2339 844 2427; x_wconf 84' lang='lat' dir='ltr'><strong>Naar,</strong></span> <span class='ocrx_word' id='word_1_138' title='bbox 860 2349 1027 2434; x_wconf 79' lang='lat' dir='ltr'><strong>regnante</strong></span> <span class='ocrx_word' id='word_1_139' title='bbox 1041 2357 1097 2421; x_wconf 92' lang='lat' dir='ltr'><strong>eo,</strong></span> <span class='ocrx_word' id='word_1_140' title='bbox 1122 2357 1292 2432; x_wconf 82' lang='lat' dir='ltr'><strong>agrorum</strong></span> <span class='ocrx_word' id='word_1_141' title='bbox 1315 2333 1458 2412; x_wconf 85' lang='lat' dir='ltr'><strong>habitus</strong></span> <span class='ocrx_word' id='word_1_142' title='bbox 1474 2336 1521 2410; x_wconf 87' lang='lat' dir='ltr'><strong>ad</strong></span> <span class='ocrx_word' id='word_1_143' title='bbox 1534 2353 1667 2412; x_wconf 79' lang='lat' dir='ltr'><strong>tentam</strong></span> 
     </span>
     <span class='ocr_line' id='line_1_18' title="bbox 355 2455 1667 2560; baseline 0 -26"><span class='ocrx_word' id='word_1_144' title='bbox 355 2455 556 2560; x_wconf 74' lang='lat' dir='ltr'><strong>ubertatum</strong></span> <span class='ocrx_word' id='word_1_145' title='bbox 571 2459 726 2548; x_wconf 76' lang='lat' dir='ltr'><strong>excessit,</strong></span> <span class='ocrx_word' id='word_1_146' title='bbox 742 2476 779 2530; x_wconf 93' lang='lat' dir='ltr'><strong>ut</strong></span> <span class='ocrx_word' id='word_1_147' title='bbox 790 2455 918 2556; x_wconf 81' lang='lat' dir='ltr'><strong>singuli</strong></span> <span class='ocrx_word' id='word_1_148' title='bbox 933 2455 1127 2555; x_wconf 85' lang='lat' dir='ltr'><strong>cujuslibet</strong></span> <span class='ocrx_word' id='word_1_149' title='bbox 1141 2481 1291 2530; x_wconf 83' lang='lat' dir='ltr'><strong>annonae</strong></span> <span class='ocrx_word' id='word_1_150' title='bbox 1308 2457 1417 2530; x_wconf 89' lang='lat' dir='ltr'><strong>modii</strong></span> <span class='ocrx_word' id='word_1_151' title='bbox 1432 2458 1578 2534; x_wconf 82' lang='lat' dir='ltr'><strong>totidem</strong></span> <span class='ocrx_word' id='word_1_152' title='bbox 1596 2457 1667 2534; x_wconf 90' lang='lat' dir='ltr'><strong>de-</strong></span> 
     </span>
     <span class='ocr_line' id='line_1_19' title="bbox 358 2576 1667 2680; baseline 0.002 -26"><span class='ocrx_word' id='word_1_153' title='bbox 358 2582 464 2656; x_wconf 90' lang='lat' dir='ltr'><strong>nariis</strong></span> <span class='ocrx_word' id='word_1_154' title='bbox 480 2585 802 2680; x_wconf 80' lang='lat' dir='ltr'><strong>permutareutur2.</strong></span> <span class='ocrx_word' id='word_1_155' title='bbox 860 2576 928 2652; x_wconf 89' lang='lat' dir='ltr'><strong>Sed</strong></span> <span class='ocrx_word' id='word_1_156' title='bbox 946 2593 980 2650; x_wconf 90' lang='lat' dir='ltr'><strong>et</strong></span> <span class='ocrx_word' id='word_1_157' title='bbox 993 2578 1166 2652; x_wconf 88' lang='lat' dir='ltr'><strong>continuis</strong></span> <span class='ocrx_word' id='word_1_158' title='bbox 1182 2581 1282 2678; x_wconf 79' lang='lat' dir='ltr'><strong>regni</strong></span> <span class='ocrx_word' id='word_1_159' title='bbox 1297 2582 1410 2678; x_wconf 86' lang='lat' dir='ltr'><strong>ipsius</strong></span> <span class='ocrx_word' id='word_1_160' title='bbox 1427 2584 1527 2657; x_wconf 87' lang='lat' dir='ltr'><strong>annis</strong></span> <span class='ocrx_word' id='word_1_161' title='bbox 1540 2581 1667 2656; x_wconf 81' lang='lat' dir='ltr'><strong>eadem</strong></span> 
     </span>
    </p>
   </div>
   <div class='ocr_carea' id='block_1_3' title="bbox 360 2844 1670 3354">
    <p class='ocr_par' dir='ltr' id='par_1_4' title="bbox 360 2844 1670 3354">
     <span class='ocr_line' id='line_1_20' title="bbox 408 2844 1667 2937; baseline -0.002 -21"><span class='ocrx_word' id='word_1_162' title='bbox 408 2856 563 2916; x_wconf 82' lang='lat' dir='ltr'><strong>&#39;Mortem</strong></span> <span class='ocrx_word' id='word_1_163' title='bbox 596 2893 620 2910; x_wconf 92' lang='grc'><strong>..</strong></span> <span class='ocrx_word' id='word_1_164' title='bbox 646 2853 701 2937; x_wconf 84' lang='lat' dir='ltr'><strong>pia</strong></span> <span class='ocrx_word' id='word_1_165' title='bbox 723 2873 809 2937; x_wconf 78' lang='lat' dir='ltr'><strong>prere</strong></span> <span class='ocrx_word' id='word_1_166' title='bbox 832 2844 985 2924; x_wconf 68' lang='lat' dir='ltr'><strong>romena]</strong></span> <span class='ocrx_word' id='word_1_167' title='bbox 1041 2853 1142 2920; x_wconf 84' lang='lat' dir='ltr'><strong>menti,</strong></span> <span class='ocrx_word' id='word_1_168' title='bbox 1153 2848 1269 2912; x_wconf 78' lang='lat' dir='ltr'><strong>scilicet</strong></span> <span class='ocrx_word' id='word_1_169' title='bbox 1285 2851 1332 2912; x_wconf 83' lang='lat' dir='ltr'><strong>tel</strong></span> <span class='ocrx_word' id='word_1_170' title='bbox 1341 2847 1430 2914; x_wconf 80' lang='lat' dir='ltr'><strong>farris</strong></span> <span class='ocrx_word' id='word_1_171' title='bbox 1439 2855 1486 2916; x_wconf 83' lang='lat' dir='ltr'><strong>vol</strong></span> <span class='ocrx_word' id='word_1_172' title='bbox 1501 2852 1609 2918; x_wconf 83' lang='lat' dir='ltr'><strong>hordei</strong></span> <span class='ocrx_word' id='word_1_173' title='bbox 1618 2855 1667 2916; x_wconf 78' lang='lat' dir='ltr'><strong>rei</strong></span> 
     </span>
     <span class='ocr_line' id='line_1_21' title="bbox 360 2952 1668 3042; baseline -0.002 -18"><span class='ocrx_word' id='word_1_174' title='bbox 360 2963 429 3024; x_wconf 86' lang='lat' dir='ltr'><strong>Non</strong></span> <span class='ocrx_word' id='word_1_175' title='bbox 444 2957 566 3042; x_wconf 84' lang='lat' dir='ltr'><strong>quidem</strong></span> <span class='ocrx_word' id='word_1_176' title='bbox 589 2976 659 3018; x_wconf 81' lang='lat' dir='ltr'><strong>raox</strong></span> <span class='ocrx_word' id='word_1_177' title='bbox 676 2975 757 3018; x_wconf 88' lang='lat' dir='ltr'><strong>mors</strong></span> <span class='ocrx_word' id='word_1_178' title='bbox 782 2953 862 3038; x_wconf 80' lang='lat' dir='ltr'><strong>regis</strong></span> <span class='ocrx_word' id='word_1_179' title='bbox 877 2952 985 3018; x_wconf 81' lang='lat' dir='ltr'><strong>festum</strong></span> <span class='ocrx_word' id='word_1_180' title='bbox 1042 2971 1155 3018; x_wconf 78' lang='lat' dir='ltr'><strong>avenas.</strong></span> <span class='ocrx_word' id='word_1_181' title='bbox 1193 2954 1267 3020; x_wconf 85' lang='lat' dir='ltr'><strong>inde</strong></span> <span class='ocrx_word' id='word_1_182' title='bbox 1282 2955 1331 3018; x_wconf 86' lang='lat' dir='ltr'><strong>iric</strong></span> <span class='ocrx_word' id='word_1_183' title='bbox 1350 2958 1448 3022; x_wconf 88' lang='lat' dir='ltr'><strong>oritur</strong></span> <span class='ocrx_word' id='word_1_184' title='bbox 1468 2977 1584 3038; x_wconf 74' lang='lat' dir='ltr'><strong>sennis,</strong></span> <span class='ocrx_word' id='word_1_185' title='bbox 1600 2974 1668 3024; x_wconf 78' lang='lat' dir='ltr'><strong>taa-</strong></span> 
     </span>
     <span class='ocr_line' id='line_1_22' title="bbox 360 3059 1668 3142; baseline -0.002 -12"><span class='ocrx_word' id='word_1_186' title='bbox 360 3067 483 3130; x_wconf 80' lang='lat' dir='ltr'><strong>Joieuse</strong></span> <span class='ocrx_word' id='word_1_187' title='bbox 503 3061 660 3126; x_wconf 85' lang='lat' dir='ltr'><strong>subsecuta</strong></span> <span class='ocrx_word' id='word_1_188' title='bbox 689 3073 750 3141; x_wconf 70' lang='lat' dir='ltr'><strong>est,</strong></span> <span class='ocrx_word' id='word_1_189' title='bbox 787 3083 856 3124; x_wconf 83' lang='lat' dir='ltr'><strong>nam</strong></span> <span class='ocrx_word' id='word_1_190' title='bbox 885 3079 986 3124; x_wconf 83' lang='lat' dir='ltr'><strong>mense</strong></span> <span class='ocrx_word' id='word_1_191' title='bbox 1041 3069 1104 3122; x_wconf 81' lang='lat' dir='ltr'><strong>tatu</strong></span> <span class='ocrx_word' id='word_1_192' title='bbox 1116 3059 1264 3124; x_wconf 83' lang='lat' dir='ltr'><strong>exstitisse</strong></span> <span class='ocrx_word' id='word_1_193' title='bbox 1275 3061 1616 3142; x_wconf 74' lang='lat' dir='ltr'><strong>territiraeueaaeuu,</strong></span> <span class='ocrx_word' id='word_1_194' title='bbox 1636 3079 1668 3128; x_wconf 88' lang='lat' dir='ltr'><strong>ut</strong></span> 
     </span>
     <span class='ocr_line' id='line_1_23' title="bbox 362 3165 1670 3252; baseline 0 -20"><span class='ocrx_word' id='word_1_195' title='bbox 362 3169 483 3232; x_wconf 85' lang='lat' dir='ltr'><strong>demum</strong></span> <span class='ocrx_word' id='word_1_196' title='bbox 501 3173 640 3252; x_wconf 75' lang='lat' dir='ltr'><strong>Augusto</strong></span> <span class='ocrx_word' id='word_1_197' title='bbox 655 3188 734 3230; x_wconf 87' lang='lat' dir='ltr'><strong>anno</strong></span> <span class='ocrx_word' id='word_1_198' title='bbox 756 3165 835 3230; x_wconf 80' lang='lat'>1093</span> <span class='ocrx_word' id='word_1_199' title='bbox 852 3179 986 3230; x_wconf 87' lang='lat' dir='ltr'><strong>mortuus</strong></span> <span class='ocrx_word' id='word_1_200' title='bbox 1042 3187 1104 3228; x_wconf 90' lang='lat' dir='ltr'><strong>non</strong></span> <span class='ocrx_word' id='word_1_201' title='bbox 1126 3165 1217 3229; x_wconf 88' lang='lat' dir='ltr'><strong>ruodo</strong></span> <span class='ocrx_word' id='word_1_202' title='bbox 1238 3167 1355 3232; x_wconf 86' lang='lat' dir='ltr'><strong>modius</strong></span> <span class='ocrx_word' id='word_1_203' title='bbox 1377 3169 1484 3233; x_wconf 86' lang='lat' dir='ltr'><strong>hordei</strong></span> <span class='ocrx_word' id='word_1_204' title='bbox 1508 3185 1538 3233; x_wconf 87' lang='lat' dir='ltr'><strong>et</strong></span> <span class='ocrx_word' id='word_1_205' title='bbox 1554 3191 1670 3246; x_wconf 68' lang='lat' dir='ltr'><strong>arena,</strong></span> 
     </span>
     <span class='ocr_line' id='line_1_24' title="bbox 364 3265 1669 3354; baseline -0.002 -16"><span class='ocrx_word' id='word_1_206' title='bbox 364 3272 535 3338; x_wconf 80' lang='lat' dir='ltr'><strong>estOiavus</strong></span> <span class='ocrx_word' id='word_1_207' title='bbox 557 3271 665 3354; x_wconf 82' lang='lat' dir='ltr'><strong>(Sohar</strong></span> <span class='ocrx_word' id='word_1_208' title='bbox 685 3273 764 3336; x_wconf 84' lang='lat' dir='ltr'><strong>Hist.</strong></span> <span class='ocrx_word' id='word_1_209' title='bbox 785 3271 821 3334; x_wconf 82' lang='lat' dir='ltr'><strong>ui</strong></span> <span class='ocrx_word' id='word_1_210' title='bbox 837 3265 990 3336; x_wconf 78' lang='lat' dir='ltr'><strong>Drnm.4</strong></span> <span class='ocrx_word' id='word_1_211' title='bbox 1043 3270 1200 3334; x_wconf 81' lang='lat' dir='ltr'><strong>sedetiam</strong></span> <span class='ocrx_word' id='word_1_212' title='bbox 1224 3272 1340 3336; x_wconf 85' lang='lat' dir='ltr'><strong>modius</strong></span> <span class='ocrx_word' id='word_1_213' title='bbox 1355 3271 1443 3338; x_wconf 82' lang='lat' dir='ltr'><strong>farris</strong></span> <span class='ocrx_word' id='word_1_214' title='bbox 1462 3297 1521 3338; x_wconf 90' lang='lat' dir='ltr'><strong>uno</strong></span> <span class='ocrx_word' id='word_1_215' title='bbox 1542 3276 1669 3338; x_wconf 84' lang='lat' dir='ltr'><strong>donario</strong></span> 
     </span>
    </p>
   </div>
   <div class='ocr_carea' id='block_1_4' title="bbox 363 3377 1770 3581">
    <p class='ocr_par' dir='ltr' id='par_1_5' title="bbox 363 3377 1770 3581">
     <span class='ocr_line' id='line_1_25' title="bbox 363 3377 1770 3460; baseline 0 -16"><span class='ocrx_word' id='word_1_216' title='bbox 363 3385 401 3444; x_wconf 77' lang='grc' dir='ltr'><strong>Ι).</strong></span> <span class='ocrx_word' id='word_1_217' title='bbox 417 3384 446 3445; x_wconf 86' lang='lat' dir='ltr'><strong>S.</strong></span> <span class='ocrx_word' id='word_1_218' title='bbox 463 3377 546 3460; x_wconf 80' lang='lat'><strong>772),</strong></span> <span class='ocrx_word' id='word_1_219' title='bbox 566 3377 695 3443; x_wconf 82' lang='lat' dir='ltr'><strong>fortasse</strong></span> <span class='ocrx_word' id='word_1_220' title='bbox 710 3379 819 3444; x_wconf 87' lang='lat' dir='ltr'><strong>morbo</strong></span> <span class='ocrx_word' id='word_1_221' title='bbox 836 3378 988 3442; x_wconf 87' lang='lat' dir='ltr'><strong>diuturno.</strong></span> <span class='ocrx_word' id='word_1_222' title='bbox 1043 3389 1200 3439; x_wconf 84' lang='lat' dir='ltr'><strong>eruerctur.</strong></span> <span class='ocrx_word' id='word_1_223' title='bbox 1253 3382 1419 3444; x_wconf 86' lang='lat' dir='ltr'><strong>Denariurn</strong></span> <span class='ocrx_word' id='word_1_224' title='bbox 1444 3387 1554 3446; x_wconf 87' lang='lat' dir='ltr'><strong>Noster·</strong></span> <span class='ocrx_word' id='word_1_225' title='bbox 1577 3385 1671 3444; x_wconf 86' lang='lat' dir='ltr'><strong>intei-</strong></span> <span class='ocrx_word' id='word_1_226' title='bbox 1769 3385 1770 3390; x_wconf 72' lang='grc'>’</span> 
     </span>
     <span class='ocr_line' id='line_1_26' title="bbox 364 3481 1770 3581; baseline -0.003 -29"><span class='ocrx_word' id='word_1_227' title='bbox 364 3485 425 3554; x_wconf 83' lang='lat' dir='ltr'><strong>Sed</strong></span> <span class='ocrx_word' id='word_1_228' title='bbox 454 3486 579 3550; x_wconf 87' lang='lat' dir='ltr'><strong>traditio</strong></span> <span class='ocrx_word' id='word_1_229' title='bbox 608 3486 764 3572; x_wconf 83' lang='lat' dir='ltr'><strong>popularis</strong></span> <span class='ocrx_word' id='word_1_230' title='bbox 788 3487 830 3581; x_wconf 78' lang='lat' dir='ltr'><strong>ite</strong></span> <span class='ocrx_word' id='word_1_231' title='bbox 858 3498 988 3550; x_wconf 85' lang='lat' dir='ltr'><strong>mortem</strong></span> <span class='ocrx_word' id='word_1_232' title='bbox 1043 3481 1111 3566; x_wconf 77' lang='lat' dir='ltr'><strong>tigit</strong></span> <span class='ocrx_word' id='word_1_233' title='bbox 1137 3487 1293 3568; x_wconf 76' lang='lat' dir='ltr'><strong>Penning,</strong></span> <span class='ocrx_word' id='word_1_234' title='bbox 1323 3487 1562 3573; x_wconf 81' lang='lat' dir='ltr'><strong>antiquissimum</strong></span> <span class='ocrx_word' id='word_1_235' title='bbox 1588 3489 1671 3550; x_wconf 89' lang='lat' dir='ltr'><strong>inter</strong></span> <span class='ocrx_word' id='word_1_236' title='bbox 1769 3509 1770 3528; x_wconf 60' lang='lat'>¹</span> 
     </span>
    </p>
   </div>
   <div class='ocr_carea' id='block_1_5' title="bbox 357 3583 1680 4948">
    <p class='ocr_par' dir='ltr' id='par_1_6' title="bbox 357 3583 1680 4526">
     <span class='ocr_line' id='line_1_27' title="bbox 364 3583 1674 3678; baseline -0.002 -21"><span class='ocrx_word' id='word_1_237' title='bbox 364 3606 571 3658; x_wconf 75' lang='lat' dir='ltr'><strong>exornaverat.</strong></span> <span class='ocrx_word' id='word_1_238' title='bbox 628 3597 738 3657; x_wconf 87' lang='lat' dir='ltr'><strong>Narrat</strong></span> <span class='ocrx_word' id='word_1_239' title='bbox 770 3597 879 3656; x_wconf 81' lang='lat' dir='ltr'><strong>Petrus</strong></span> <span class='ocrx_word' id='word_1_240' title='bbox 910 3590 989 3666; x_wconf 74' lang='lat' dir='ltr'><strong>Oiai,</strong></span> <span class='ocrx_word' id='word_1_241' title='bbox 1044 3592 1147 3651; x_wconf 86' lang='lat' dir='ltr'><strong>Dauos</strong></span> <span class='ocrx_word' id='word_1_242' title='bbox 1172 3591 1284 3653; x_wconf 91' lang='lat' dir='ltr'><strong>numrni</strong></span> <span class='ocrx_word' id='word_1_243' title='bbox 1299 3583 1420 3676; x_wconf 55' lang='lat' dir='ltr'><strong>genus,</strong></span> <span class='ocrx_word' id='word_1_244' title='bbox 1449 3613 1577 3678; x_wconf 85' lang='lat' dir='ltr'><strong>quorum</strong></span> <span class='ocrx_word' id='word_1_245' title='bbox 1608 3591 1674 3658; x_wconf 68' lang='lat' dir='ltr'><strong>itit</strong></span> 
     </span>
     <span class='ocr_line' id='line_1_28' title="bbox 365 3695 1675 3786; baseline 0 -24"><span class='ocrx_word' id='word_1_246' title='bbox 365 3723 473 3786; x_wconf 74' lang='lat' dir='ltr'><strong>regem,</strong></span> <span class='ocrx_word' id='word_1_247' title='bbox 493 3725 557 3762; x_wconf 84' lang='lat' dir='ltr'><strong>cum</strong></span> <span class='ocrx_word' id='word_1_248' title='bbox 580 3704 610 3762; x_wconf 81' lang='lat' dir='ltr'><strong>t&#39;rt</strong></span> <span class='ocrx_word' id='word_1_249' title='bbox 629 3703 733 3784; x_wconf 52' lang='lat' dir='ltr'><strong>trigidio</strong></span> <span class='ocrx_word' id='word_1_250' title='bbox 747 3702 990 3762; x_wconf 66' lang='lat' dir='ltr'><strong>aasentiatt&#39;s&#39;Do·</strong></span> <span class='ocrx_word' id='word_1_251' title='bbox 1045 3715 1174 3758; x_wconf 83' lang='lat' dir='ltr'><strong>marcam</strong></span> <span class='ocrx_word' id='word_1_252' title='bbox 1194 3695 1376 3763; x_wconf 79' lang='lat' dir='ltr'><strong>effecerunt.</strong></span> <span class='ocrx_word' id='word_1_253' title='bbox 1421 3703 1524 3764; x_wconf 78' lang='lat' dir='ltr'><strong>AEittie</strong></span> <span class='ocrx_word' id='word_1_254' title='bbox 1543 3700 1675 3762; x_wconf 80' lang='lat' dir='ltr'><strong>Saxonis</strong></span> 
     </span>
     <span class='ocr_line' id='line_1_29' title="bbox 364 3801 1676 3892; baseline 0 -24"><span class='ocrx_word' id='word_1_255' title='bbox 364 3810 437 3870; x_wconf 83' lang='lat' dir='ltr'><strong>mt&#39;rtt&#39;</strong></span> <span class='ocrx_word' id='word_1_256' title='bbox 465 3808 641 3869; x_wconf 81' lang='lat' dir='ltr'><strong>solummodo</strong></span> <span class='ocrx_word' id='word_1_257' title='bbox 663 3823 722 3868; x_wconf 82' lang='lat' dir='ltr'><strong>tres</strong></span> <span class='ocrx_word' id='word_1_258' title='bbox 743 3831 839 3892; x_wconf 76' lang='lat' dir='ltr'><strong>partes</strong></span> <span class='ocrx_word' id='word_1_259' title='bbox 858 3807 987 3876; x_wconf 75' lang='lat' dir='ltr'><strong>haberet,</strong></span> <span class='ocrx_word' id='word_1_260' title='bbox 1044 3801 1160 3866; x_wconf 82' lang='lat' dir='ltr'><strong>modius</strong></span> <span class='ocrx_word' id='word_1_261' title='bbox 1187 3803 1333 3868; x_wconf 83' lang='lat' dir='ltr'><strong>frttmcnii</strong></span> <span class='ocrx_word' id='word_1_262' title='bbox 1362 3807 1501 3890; x_wconf 80' lang='lat' dir='ltr'><strong>plntt&#39;butt</strong></span> <span class='ocrx_word' id='word_1_263' title='bbox 1542 3806 1676 3868; x_wconf 78' lang='lat' dir='ltr'><strong>denariis</strong></span> 
     </span>
     <span class='ocr_line' id='line_1_30' title="bbox 364 3907 1673 3996; baseline 0 -22"><span class='ocrx_word' id='word_1_264' title='bbox 364 3937 462 3976; x_wconf 80' lang='lat' dir='ltr'><strong>orasse</strong></span> <span class='ocrx_word' id='word_1_265' title='bbox 475 3913 571 3983; x_wconf 83' lang='lat' dir='ltr'><strong>deum,</strong></span> <span class='ocrx_word' id='word_1_266' title='bbox 587 3929 618 3974; x_wconf 82' lang='lat' dir='ltr'><strong>at</strong></span> <span class='ocrx_word' id='word_1_267' title='bbox 633 3929 751 3974; x_wconf 83' lang='lat' dir='ltr'><strong>mortem</strong></span> <span class='ocrx_word' id='word_1_268' title='bbox 757 3913 873 3996; x_wconf 77' lang='lat' dir='ltr'><strong>fratris</strong></span> <span class='ocrx_word' id='word_1_269' title='bbox 893 3915 923 3972; x_wconf 85' lang='lat' dir='ltr'><strong>ia</strong></span> <span class='ocrx_word' id='word_1_270' title='bbox 935 3909 987 3972; x_wconf 77' lang='lat' dir='ltr'><strong>sato</strong></span> <span class='ocrx_word' id='word_1_271' title='bbox 1043 3907 1180 3986; x_wconf 83' lang='lat' dir='ltr'><strong>venibat3</strong></span> <span class='ocrx_word' id='word_1_272' title='bbox 1208 3910 1274 3990; x_wconf 85' lang='lat' dir='ltr'><strong>jure</strong></span> <span class='ocrx_word' id='word_1_273' title='bbox 1291 3912 1385 3995; x_wconf 84' lang='lat' dir='ltr'><strong>igitur·</strong></span> <span class='ocrx_word' id='word_1_274' title='bbox 1400 3935 1456 3976; x_wconf 80' lang='lat' dir='ltr'><strong>suo</strong></span> <span class='ocrx_word' id='word_1_275' title='bbox 1478 3917 1589 3976; x_wconf 75' lang='lat' dir='ltr'><strong>Noster</strong></span> <span class='ocrx_word' id='word_1_276' title='bbox 1603 3915 1673 3974; x_wconf 79' lang='lat' dir='ltr'><strong>riti-</strong></span> 
     </span>
     <span class='ocr_line' id='line_1_31' title="bbox 357 3996 1676 4108; baseline -0.001 -26"><span class='ocrx_word' id='word_1_277' title='bbox 357 3996 460 4108; x_wconf 38' lang='lat' dir='ltr'><strong>&#39;rapite</strong></span> <span class='ocrx_word' id='word_1_278' title='bbox 483 4021 666 4089; x_wconf 66' lang='lat' dir='ltr'><strong>eradicaret,</strong></span> <span class='ocrx_word' id='word_1_279' title='bbox 695 4021 781 4080; x_wconf 81' lang='lat' dir='ltr'><strong>etsie</strong></span> <span class='ocrx_word' id='word_1_280' title='bbox 803 4017 918 4080; x_wconf 82' lang='lat' dir='ltr'><strong>taudem</strong></span> <span class='ocrx_word' id='word_1_281' title='bbox 932 4040 988 4102; x_wconf 84' lang='lat' dir='ltr'><strong>po·</strong></span> <span class='ocrx_word' id='word_1_282' title='bbox 1044 4037 1077 4078; x_wconf 88' lang='lat' dir='ltr'><strong>us</strong></span> <span class='ocrx_word' id='word_1_283' title='bbox 1093 4014 1235 4078; x_wconf 81' lang='lat' dir='ltr'><strong>frumenti</strong></span> <span class='ocrx_word' id='word_1_284' title='bbox 1251 4019 1383 4100; x_wconf 85' lang='lat' dir='ltr'><strong>pretium</strong></span> <span class='ocrx_word' id='word_1_285' title='bbox 1398 4031 1538 4104; x_wconf 82' lang='lat' dir='ltr'><strong>tanquam</strong></span> <span class='ocrx_word' id='word_1_286' title='bbox 1553 4017 1676 4082; x_wconf 81' lang='lat' dir='ltr'><strong>uberri-</strong></span> 
     </span>
     <span class='ocr_line' id='line_1_32' title="bbox 361 4117 1677 4214; baseline 0 -28"><span class='ocrx_word' id='word_1_287' title='bbox 361 4129 430 4214; x_wconf 85' lang='lat' dir='ltr'><strong>pulr&#39;</strong></span> <span class='ocrx_word' id='word_1_288' title='bbox 453 4131 654 4196; x_wconf 85' lang='lat' dir='ltr'><strong>mr&#39;sereretur,·</strong></span> <span class='ocrx_word' id='word_1_289' title='bbox 678 4147 773 4207; x_wconf 75' lang='lat' dir='ltr'><strong>regem</strong></span> <span class='ocrx_word' id='word_1_290' title='bbox 796 4147 863 4184; x_wconf 83' lang='lat' dir='ltr'><strong>uero</strong></span> <span class='ocrx_word' id='word_1_291' title='bbox 886 4125 988 4208; x_wconf 78' lang='lat' dir='ltr'><strong>paullo</strong></span> <span class='ocrx_word' id='word_1_292' title='bbox 1044 4122 1084 4184; x_wconf 83' lang='lat' dir='ltr'><strong>tni</strong></span> <span class='ocrx_word' id='word_1_293' title='bbox 1098 4135 1264 4206; x_wconf 82' lang='lat' dir='ltr'><strong>protentus</strong></span> <span class='ocrx_word' id='word_1_294' title='bbox 1282 4117 1424 4188; x_wconf 86' lang='lat' dir='ltr'><strong>iudicium</strong></span> <span class='ocrx_word' id='word_1_295' title='bbox 1439 4127 1579 4209; x_wconf 79' lang='lat' dir='ltr'><strong>protulit.</strong></span> <span class='ocrx_word' id='word_1_296' title='bbox 1619 4129 1677 4190; x_wconf 84' lang='lat' dir='ltr'><strong>vi-</strong></span> 
     </span>
     <span class='ocr_line' id='line_1_33' title="bbox 363 4227 1676 4320; baseline -0.002 -26"><span class='ocrx_word' id='word_1_297' title='bbox 363 4250 432 4320; x_wconf 81' lang='lat' dir='ltr'><strong>post</strong></span> <span class='ocrx_word' id='word_1_298' title='bbox 456 4257 516 4294; x_wconf 81' lang='lat' dir='ltr'><strong>aaa</strong></span> <span class='ocrx_word' id='word_1_299' title='bbox 534 4247 617 4294; x_wconf 82' lang='lat' dir='ltr'><strong>nocte</strong></span> <span class='ocrx_word' id='word_1_300' title='bbox 641 4233 671 4292; x_wconf 84' lang='lat' dir='ltr'><strong>tir</strong></span> <span class='ocrx_word' id='word_1_301' title='bbox 694 4231 767 4291; x_wconf 75' lang='lat' dir='ltr'><strong>lecto</strong></span> <span class='ocrx_word' id='word_1_302' title='bbox 801 4251 854 4289; x_wconf 82' lang='lat' dir='ltr'><strong>suo</strong></span> <span class='ocrx_word' id='word_1_303' title='bbox 879 4227 989 4288; x_wconf 78' lang='lat' dir='ltr'><strong>obiisse.</strong></span> <span class='ocrx_word' id='word_1_304' title='bbox 1044 4229 1134 4292; x_wconf 86' lang='lat' dir='ltr'><strong>detur·</strong></span> <span class='ocrx_word' id='word_1_305' title='bbox 1161 4229 1281 4314; x_wconf 83' lang='lat' dir='ltr'><strong>quidem</strong></span> <span class='ocrx_word' id='word_1_306' title='bbox 1303 4243 1392 4292; x_wconf 86' lang='lat' dir='ltr'><strong>autor</strong></span> <span class='ocrx_word' id='word_1_307' title='bbox 1423 4230 1560 4294; x_wconf 80' lang='lat' dir='ltr'><strong>chronici</strong></span> <span class='ocrx_word' id='word_1_308' title='bbox 1588 4232 1676 4294; x_wconf 81' lang='lat' dir='ltr'><strong>ttrici</strong></span> 
     </span>
     <span class='ocr_line' id='line_1_34' title="bbox 367 4329 1678 4426; baseline -0.002 -24"><span class='ocrx_word' id='word_1_309' title='bbox 367 4337 491 4422; x_wconf 82' lang='lat' dir='ltr'><strong>(Seript.</strong></span> <span class='ocrx_word' id='word_1_310' title='bbox 504 4357 563 4402; x_wconf 88' lang='lat' dir='ltr'><strong>rer.</strong></span> <span class='ocrx_word' id='word_1_311' title='bbox 576 4340 654 4400; x_wconf 86' lang='lat' dir='ltr'><strong>Dan.</strong></span> <span class='ocrx_word' id='word_1_312' title='bbox 665 4335 725 4398; x_wconf 85' lang='lat' dir='ltr'><strong>vol.</strong></span> <span class='ocrx_word' id='word_1_313' title='bbox 743 4337 755 4396; x_wconf 87' lang='lat' dir='ltr'><strong>i</strong></span> <span class='ocrx_word' id='word_1_314' title='bbox 770 4355 801 4418; x_wconf 91' lang='lat' dir='ltr'><strong>p.</strong></span> <span class='ocrx_word' id='word_1_315' title='bbox 811 4330 880 4409; x_wconf 84' lang='lat' dir='ltr'><strong>titt,</strong></span> <span class='ocrx_word' id='word_1_316' title='bbox 893 4329 987 4394; x_wconf 89' lang='lat' dir='ltr'><strong>Riim-</strong></span> <span class='ocrx_word' id='word_1_317' title='bbox 1042 4353 1059 4398; x_wconf 83' lang='lat' dir='ltr'><strong>c</strong></span> <span class='ocrx_word' id='word_1_318' title='bbox 1081 4337 1198 4426; x_wconf 67' lang='lat' dir='ltr'><strong>Saxone</strong></span> <span class='ocrx_word' id='word_1_319' title='bbox 1213 4336 1336 4398; x_wconf 87' lang='lat' dir='ltr'><strong>omniuo</strong></span> <span class='ocrx_word' id='word_1_320' title='bbox 1358 4333 1523 4414; x_wconf 78' lang='lat' dir='ltr'><strong>discedere,</strong></span> <span class='ocrx_word' id='word_1_321' title='bbox 1537 4337 1678 4399; x_wconf 83' lang='lat' dir='ltr'><strong>scribens</strong></span> 
     </span>
     <span class='ocr_line' id='line_1_35' title="bbox 368 4437 1680 4526; baseline 0 -20"><span class='ocrx_word' id='word_1_322' title='bbox 368 4443 531 4506; x_wconf 83' lang='lat' dir='ltr'><strong>ltroeaiiten</strong></span> <span class='ocrx_word' id='word_1_323' title='bbox 549 4445 585 4510; x_wconf 79' lang='lat' dir='ltr'><strong>V.</strong></span> <span class='ocrx_word' id='word_1_324' title='bbox 600 4437 801 4523; x_wconf 76' lang='lat'><strong>3570·3579).</strong></span> <span class='ocrx_word' id='word_1_325' title='bbox 843 4471 846 4476; x_wconf 91' lang='lat'>·</span> <span class='ocrx_word' id='word_1_326' title='bbox 1043 4444 1078 4519; x_wconf 93' lang='grc' dir='ltr'><strong>(Ι.</strong></span> <span class='ocrx_word' id='word_1_327' title='bbox 1097 4461 1160 4526; x_wconf 73' lang='lat' dir='ltr'><strong>cp.</strong></span> <span class='ocrx_word' id='word_1_328' title='bbox 1184 4439 1266 4521; x_wconf 81' lang='grc'>160),</span> <span class='ocrx_word' id='word_1_329' title='bbox 1281 4443 1593 4526; x_wconf 81' lang='lat' dir='ltr'><strong>tantamsertt&#39;lt&#39;tateaa</strong></span> <span class='ocrx_word' id='word_1_330' title='bbox 1616 4462 1680 4508; x_wconf 86' lang='lat' dir='ltr'><strong>ter-</strong></span> 
     </span>
    </p>

    <p class='ocr_par' dir='ltr' id='par_1_7' title="bbox 367 4539 1680 4948">
     <span class='ocr_line' id='line_1_36' title="bbox 413 4539 1680 4636; baseline -0.004 -21"><span class='ocrx_word' id='word_1_331' title='bbox 413 4552 477 4615; x_wconf 82' lang='lat' dir='ltr'><strong>²Ut</strong></span> <span class='ocrx_word' id='word_1_332' title='bbox 497 4539 768 4632; x_wconf 61' lang='lat' dir='ltr'><strong>siagriicujirstiiaet</strong></span> <span class='ocrx_word' id='word_1_333' title='bbox 792 4569 913 4608; x_wconf 78' lang='lat' dir='ltr'><strong>atmottoe</strong></span> <span class='ocrx_word' id='word_1_334' title='bbox 931 4569 989 4604; x_wconf 69' lang='grc' dir='ltr'><strong>ἠο-</strong></span> <span class='ocrx_word' id='word_1_335' title='bbox 1046 4573 1085 4612; x_wconf 81' lang='lat' dir='ltr'><strong>roe</strong></span> <span class='ocrx_word' id='word_1_336' title='bbox 1109 4548 1252 4610; x_wconf 79' lang='lat' dir='ltr'><strong>redditam</strong></span> <span class='ocrx_word' id='word_1_337' title='bbox 1277 4573 1351 4618; x_wconf 79' lang='lat' dir='ltr'><strong>esse,</strong></span> <span class='ocrx_word' id='word_1_338' title='bbox 1374 4565 1406 4609; x_wconf 86' lang='lat' dir='ltr'><strong>at</strong></span> <span class='ocrx_word' id='word_1_339' title='bbox 1430 4551 1543 4612; x_wconf 74' lang='lat' dir='ltr'><strong>modiin</strong></span> <span class='ocrx_word' id='word_1_340' title='bbox 1558 4575 1680 4636; x_wconf 75' lang='lat' dir='ltr'><strong>pervus</strong></span> 
     </span>
     <span class='ocr_line' id='line_1_37' title="bbox 367 4645 1679 4740; baseline -0.009 -22"><span class='ocrx_word' id='word_1_341' title='bbox 367 4660 414 4718; x_wconf 81' lang='lat' dir='ltr'><strong>dt&#39;t&#39;</strong></span> <span class='ocrx_word' id='word_1_342' title='bbox 438 4658 558 4732; x_wconf 62' lang='lat' dir='ltr'><strong>tott‘dem</strong></span> <span class='ocrx_word' id='word_1_343' title='bbox 589 4656 717 4716; x_wconf 74' lang='lat' dir='ltr'><strong>dorsariis</strong></span> <span class='ocrx_word' id='word_1_344' title='bbox 739 4645 989 4740; x_wconf 77' lang='lat' dir='ltr'><strong>pertractarentur]</strong></span> <span class='ocrx_word' id='word_1_345' title='bbox 1045 4655 1192 4732; x_wconf 56' lang='lat' dir='ltr'><strong>cujuslibet</strong></span> <span class='ocrx_word' id='word_1_346' title='bbox 1210 4657 1383 4716; x_wconf 68' lang='lat' dir='ltr'><strong>blandr&#39;non</strong></span> <span class='ocrx_word' id='word_1_347' title='bbox 1397 4657 1505 4718; x_wconf 62' lang='lat' dir='ltr'><strong>palem</strong></span> <span class='ocrx_word' id='word_1_348' title='bbox 1520 4659 1602 4720; x_wconf 61' lang='lat' dir='ltr'><strong>ulem</strong></span> <span class='ocrx_word' id='word_1_349' title='bbox 1619 4659 1679 4718; x_wconf 55' lang='lat' dir='ltr'><strong>da.</strong></span> 
     </span>
     <span class='ocr_line' id='line_1_38' title="bbox 371 4757 1679 4843; baseline -0.002 -19"><span class='ocrx_word' id='word_1_350' title='bbox 371 4763 499 4824; x_wconf 79' lang='lat' dir='ltr'><strong>Annona</strong></span> <span class='ocrx_word' id='word_1_351' title='bbox 512 4760 561 4824; x_wconf 88' lang='lat' dir='ltr'><strong>hic</strong></span> <span class='ocrx_word' id='word_1_352' title='bbox 568 4760 692 4842; x_wconf 85' lang='lat' dir='ltr'><strong>ponitur</strong></span> <span class='ocrx_word' id='word_1_353' title='bbox 704 4781 761 4843; x_wconf 88' lang='lat' dir='ltr'><strong>pro</strong></span> <span class='ocrx_word' id='word_1_354' title='bbox 775 4757 938 4832; x_wconf 81' lang='lat' dir='ltr'><strong>frumento,</strong></span> <span class='ocrx_word' id='word_1_355' title='bbox 948 4757 989 4816; x_wconf 85' lang='lat' dir='ltr'><strong>ita</strong></span> <span class='ocrx_word' id='word_1_356' title='bbox 1045 4785 1078 4822; x_wconf 83' lang='lat' dir='ltr'><strong>os</strong></span> <span class='ocrx_word' id='word_1_357' title='bbox 1094 4763 1229 4822; x_wconf 69' lang='lat' dir='ltr'><strong>denarios</strong></span> <span class='ocrx_word' id='word_1_358' title='bbox 1248 4762 1371 4822; x_wconf 81' lang='lat' dir='ltr'><strong>usuales.</strong></span> <span class='ocrx_word' id='word_1_359' title='bbox 1418 4759 1478 4826; x_wconf 78' lang='lat' dir='ltr'><strong>sei</strong></span> <span class='ocrx_word' id='word_1_360' title='bbox 1505 4771 1593 4824; x_wconf 82' lang='lat' dir='ltr'><strong>acute</strong></span> <span class='ocrx_word' id='word_1_361' title='bbox 1616 4761 1679 4823; x_wconf 80' lang='lat' dir='ltr'><strong>oir-</strong></span> 
     </span>
     <span class='ocr_line' id='line_1_39' title="bbox 370 4845 1678 4948; baseline -0.002 -18"><span class='ocrx_word' id='word_1_362' title='bbox 370 4881 403 4932; x_wconf 86' lang='lat' dir='ltr'><strong>tti</strong></span> <span class='ocrx_word' id='word_1_363' title='bbox 415 4867 563 4948; x_wconf 77' lang='lat' dir='ltr'><strong>cuyusiriirr</strong></span> <span class='ocrx_word' id='word_1_364' title='bbox 579 4866 745 4930; x_wconf 75' lang='lat' dir='ltr'><strong>arrrroucrsit</strong></span> <span class='ocrx_word' id='word_1_365' title='bbox 761 4867 908 4945; x_wconf 75' lang='lat' dir='ltr'><strong>cujrrslt&#39;bct</strong></span> <span class='ocrx_word' id='word_1_366' title='bbox 916 4868 990 4947; x_wconf 73' lang='lat' dir='ltr'><strong>siu·</strong></span> <span class='ocrx_word' id='word_1_367' title='bbox 1045 4845 1175 4930; x_wconf 69' lang='lat' dir='ltr'><strong>seruerit</strong></span> <span class='ocrx_word' id='word_1_368' title='bbox 1191 4868 1230 4930; x_wconf 85' lang='grc' dir='ltr'><strong>Η.</strong></span> <span class='ocrx_word' id='word_1_369' title='bbox 1245 4868 1285 4928; x_wconf 82' lang='grc' dir='ltr'><strong>Μ.</strong></span> <span class='ocrx_word' id='word_1_370' title='bbox 1299 4866 1460 4944; x_wconf 81' lang='lat' dir='ltr'><strong>Veiscitott,</strong></span> <span class='ocrx_word' id='word_1_371' title='bbox 1481 4865 1560 4932; x_wconf 70' lang='grc'>11111.</span> <span class='ocrx_word' id='word_1_372' title='bbox 1571 4867 1678 4946; x_wconf 72' lang='lat' dir='ltr'><strong>Prot,</strong></span> 
     </span>
    </p>
   </div>
   <div class='ocr_carea' id='block_1_6' title="bbox 0 0 1822 5460">
    <p class='ocr_par' dir='ltr' id='par_1_8' title="bbox 0 0 1822 5460">
     <span class='ocr_line' id='line_1_40' title="bbox 0 0 1822 5460; baseline 0 0"><span class='ocrx_word' id='word_1_373' title='bbox 0 0 1822 5460; x_wconf 95' lang='lat' dir='ltr'><strong> </strong></span> 
     </span>
    </p>
   </div>
  </div>
 </body>
</html>
