<?xml version="1.0" encoding="UTF-8"?>
<!DOCTYPE html PUBLIC "-//W3C//DTD XHTML 1.0 Transitional//EN"
    "http://www.w3.org/TR/xhtml1/DTD/xhtml1-transitional.dtd">
<html xmlns="http://www.w3.org/1999/xhtml" xml:lang="en" lang="en">
 <head>
  <title>
</title>
<meta http-equiv="Content-Type" content="text/html;charset=utf-8" />
  <meta name='ocr-system' content='tesseract 3.04.00' />
  <meta name='ocr-capabilities' content='ocr_page ocr_carea ocr_par ocr_line ocrx_word'/>
</head>
<body>
  <div class='ocr_page' id='page_1' title='image "./historiadanica01velsgoog_0374.png"; bbox 0 0 3536 5462; ppageno 0'>
   <div class='ocr_carea' id='block_1_1' title="bbox 605 311 1394 386">
    <p class='ocr_par' dir='ltr' id='par_1_1' title="bbox 605 311 1394 386">
     <span class='ocr_line' id='line_1_1' title="bbox 605 311 1394 386; baseline 0.003 -2"><span class='ocrx_word' id='word_1_1' title='bbox 605 311 934 386; x_wconf 74' lang='lat' dir='ltr'><strong>wttttttttttttts</strong></span> <span class='ocrx_word' id='word_1_2' title='bbox 950 315 976 386; x_wconf 91' lang='lat'><strong>1.</strong></span> <span class='ocrx_word' id='word_1_3' title='bbox 1325 311 1394 386; x_wconf 83' lang='lat' dir='ltr'><strong>att</strong></span> 
     </span>
    </p>
   </div>
   <div class='ocr_carea' id='block_1_2' title="bbox 112 515 1489 4922">
    <p class='ocr_par' dir='ltr' id='par_1_2' title="bbox 112 515 1489 4922">
     <span class='ocr_line' id='line_1_2' title="bbox 135 515 1448 626; baseline 0.005 -34"><span class='ocrx_word' id='word_1_4' title='bbox 135 517 252 610; x_wconf 86' lang='lat' dir='ltr'><strong>dictis,</strong></span> <span class='ocrx_word' id='word_1_5' title='bbox 261 515 415 617; x_wconf 86' lang='lat' dir='ltr'><strong>genibus</strong></span> <span class='ocrx_word' id='word_1_6' title='bbox 427 515 695 619; x_wconf 72' lang='lat' dir='ltr'><strong>regissupplice</strong></span> <span class='ocrx_word' id='word_1_7' title='bbox 710 517 813 596; x_wconf 82' lang='lat' dir='ltr'><strong>vultu</strong></span> <span class='ocrx_word' id='word_1_8' title='bbox 825 519 1077 623; x_wconf 88' lang='lat' dir='ltr'><strong>gemebundus</strong></span> <span class='ocrx_word' id='word_1_9' title='bbox 1091 519 1305 626; x_wconf 78' lang='lat' dir='ltr'><strong>advolvitur.</strong></span> <span class='ocrx_word' id='word_1_10' title='bbox 1331 524 1448 616; x_wconf 77' lang='lat' dir='ltr'><strong>Quem</strong></span> 
     </span>
     <span class='ocr_line' id='line_1_3' title="bbox 137 641 1448 745; baseline 0.003 -28"><span class='ocrx_word' id='word_1_11' title='bbox 137 667 218 732; x_wconf 80' lang='lat' dir='ltr'><strong>rex,</strong></span> <span class='ocrx_word' id='word_1_12' title='bbox 233 643 430 742; x_wconf 80' lang='lat' dir='ltr'><strong>&#39;praeteritae</strong></span> <span class='ocrx_word' id='word_1_13' title='bbox 455 642 614 716; x_wconf 83' lang='lat' dir='ltr'><strong>amicitiae</strong></span> <span class='ocrx_word' id='word_1_14' title='bbox 639 641 855 717; x_wconf 84' lang='lat' dir='ltr'><strong>verecundia</strong></span> <span class='ocrx_word' id='word_1_15' title='bbox 880 669 1097 743; x_wconf 80' lang='lat' dir='ltr'>consurgere</span> <span class='ocrx_word' id='word_1_16' title='bbox 1120 645 1274 744; x_wconf 85' lang='lat' dir='ltr'><strong>jussum,</strong></span> <span class='ocrx_word' id='word_1_17' title='bbox 1300 651 1448 745; x_wconf 83' lang='lat' dir='ltr'><strong>ingratae</strong></span> 
     </span>
     <span class='ocr_line' id='line_1_4' title="bbox 139 763 1452 867; baseline 0.006 -31"><span class='ocrx_word' id='word_1_18' title='bbox 139 768 267 840; x_wconf 80' lang='lat' dir='ltr'><strong>mends</strong></span> <span class='ocrx_word' id='word_1_19' title='bbox 282 763 559 864; x_wconf 74' lang='lat' dir='ltr'><strong>exprobratione</strong></span> <span class='ocrx_word' id='word_1_20' title='bbox 575 768 746 866; x_wconf 78' lang='lat' dir='ltr'><strong>coarguit,</strong></span> <span class='ocrx_word' id='word_1_21' title='bbox 770 765 864 840; x_wconf 90' lang='lat' dir='ltr'><strong>illius</strong></span> <span class='ocrx_word' id='word_1_22' title='bbox 889 789 956 866; x_wconf 90' lang='lat' dir='ltr'><strong>per</strong></span> <span class='ocrx_word' id='word_1_23' title='bbox 972 765 1118 842; x_wconf 90' lang='lat' dir='ltr'><strong>insidias</strong></span> <span class='ocrx_word' id='word_1_24' title='bbox 1134 767 1360 867; x_wconf 86' lang='lat' dir='ltr'><strong>opprimendi</strong></span> <span class='ocrx_word' id='word_1_25' title='bbox 1379 795 1452 844; x_wconf 87' lang='lat' dir='ltr'><strong>co-</strong></span> 
     </span>
     <span class='ocr_line' id='line_1_5' title="bbox 139 885 1454 989; baseline 0.006 -31"><span class='ocrx_word' id='word_1_26' title='bbox 139 885 287 986; x_wconf 86' lang='lat' dir='ltr'><strong>piditate</strong></span> <span class='ocrx_word' id='word_1_27' title='bbox 313 886 511 986; x_wconf 86' lang='lat' dir='ltr'><strong>perfusum,</strong></span> <span class='ocrx_word' id='word_1_28' title='bbox 537 889 643 986; x_wconf 85' lang='lat' dir='ltr'><strong>cujus</strong></span> <span class='ocrx_word' id='word_1_29' title='bbox 665 911 685 960; x_wconf 90' lang='lat' dir='ltr'><strong>a</strong></span> <span class='ocrx_word' id='word_1_30' title='bbox 709 893 882 986; x_wconf 83' lang='lat' dir='ltr'><strong>primaeva</strong></span> <span class='ocrx_word' id='word_1_31' title='bbox 910 905 1013 962; x_wconf 90' lang='lat' dir='ltr'><strong>aetate</strong></span> <span class='ocrx_word' id='word_1_32' title='bbox 1037 907 1251 989; x_wconf 87' lang='lat' dir='ltr'><strong>perpetuam</strong></span> <span class='ocrx_word' id='word_1_33' title='bbox 1272 894 1454 966; x_wconf 88' lang='lat' dir='ltr'><strong>caritatem</strong></span> 
     </span>
     <span class='ocr_line' id='line_1_6' title="bbox 140 997 1489 1113; baseline 0.004 -30"><span class='ocrx_word' id='word_1_34' title='bbox 140 1027 309 1110; x_wconf 81' lang='lat' dir='ltr'><strong>expertus</strong></span> <span class='ocrx_word' id='word_1_35' title='bbox 339 1008 464 1101; x_wconf 88' lang='lat' dir='ltr'><strong>fuerit,</strong></span> <span class='ocrx_word' id='word_1_36' title='bbox 496 1035 518 1082; x_wconf 91' lang='lat' dir='ltr'><strong>a</strong></span> <span class='ocrx_word' id='word_1_37' title='bbox 547 1034 623 1109; x_wconf 92' lang='lat' dir='ltr'><strong>quo</strong></span> <span class='ocrx_word' id='word_1_38' title='bbox 653 1009 741 1082; x_wconf 89' lang='lat' dir='ltr'><strong>belli</strong></span> <span class='ocrx_word' id='word_1_39' title='bbox 773 1009 934 1084; x_wconf 88' lang='lat' dir='ltr'><strong>Grathici</strong></span> <span class='ocrx_word' id='word_1_40' title='bbox 961 1013 1187 1113; x_wconf 80' lang='lat' dir='ltr'><strong>temporibus</strong></span> <span class='ocrx_word' id='word_1_41' title='bbox 1219 1039 1293 1088; x_wconf 92' lang='lat' dir='ltr'><strong>non</strong></span> <span class='ocrx_word' id='word_1_42' title='bbox 1315 1031 1453 1090; x_wconf 87' lang='lat' dir='ltr'><strong>tantum</strong></span> <span class='ocrx_word' id='word_1_43' title='bbox 1486 997 1489 1004; x_wconf 46' lang='grc'><strong><em>’</em></strong></span> 
     </span>
     <span class='ocr_line' id='line_1_7' title="bbox 140 1129 1452 1232; baseline 0.003 -26"><span class='ocrx_word' id='word_1_44' title='bbox 140 1134 303 1232; x_wconf 84' lang='lat' dir='ltr'><strong>spiritum</strong></span> <span class='ocrx_word' id='word_1_45' title='bbox 321 1131 393 1206; x_wconf 88' lang='lat' dir='ltr'><strong>sibi</strong></span> <span class='ocrx_word' id='word_1_46' title='bbox 408 1131 544 1222; x_wconf 87' lang='lat' dir='ltr'><strong>datum,</strong></span> <span class='ocrx_word' id='word_1_47' title='bbox 571 1129 633 1205; x_wconf 90' lang='lat' dir='ltr'><strong>sed</strong></span> <span class='ocrx_word' id='word_1_48' title='bbox 650 1134 753 1204; x_wconf 89' lang='lat' dir='ltr'><strong>etiam</strong></span> <span class='ocrx_word' id='word_1_49' title='bbox 774 1131 915 1232; x_wconf 89' lang='lat' dir='ltr'><strong>adjecta</strong></span> <span class='ocrx_word' id='word_1_50' title='bbox 935 1134 1118 1232; x_wconf 90' lang='lat' dir='ltr'><strong>potestatis</strong></span> <span class='ocrx_word' id='word_1_51' title='bbox 1139 1136 1348 1209; x_wconf 90' lang='lat' dir='ltr'><strong>incrementa</strong></span> <span class='ocrx_word' id='word_1_52' title='bbox 1369 1161 1452 1210; x_wconf 90' lang='lat' dir='ltr'><strong>me-</strong></span> 
     </span>
     <span class='ocr_line' id='line_1_8' title="bbox 142 1253 1452 1358; baseline 0 -26"><span class='ocrx_word' id='word_1_53' title='bbox 142 1259 291 1332; x_wconf 76' lang='lat' dir='ltr'><strong>minerit.</strong></span> <span class='ocrx_word' id='word_1_54' title='bbox 344 1257 389 1330; x_wconf 90' lang='lat' dir='ltr'><strong>Sc</strong></span> <span class='ocrx_word' id='word_1_55' title='bbox 408 1261 502 1330; x_wconf 88' lang='lat' dir='ltr'><strong>enirn</strong></span> <span class='ocrx_word' id='word_1_56' title='bbox 521 1280 594 1329; x_wconf 92' lang='lat' dir='ltr'><strong>non</strong></span> <span class='ocrx_word' id='word_1_57' title='bbox 617 1253 735 1330; x_wconf 88' lang='lat' dir='ltr'><strong>solum</strong></span> <span class='ocrx_word' id='word_1_58' title='bbox 754 1259 1013 1357; x_wconf 66' lang='lat' dir='ltr'><strong>propinquitati</strong></span> <span class='ocrx_word' id='word_1_59' title='bbox 1031 1257 1249 1358; x_wconf 89' lang='lat' dir='ltr'><strong>supplicium</strong></span> <span class='ocrx_word' id='word_1_60' title='bbox 1265 1262 1452 1346; x_wconf 78' lang='lat' dir='ltr'><strong>remisisse,</strong></span> 
     </span>
     <span class='ocr_line' id='line_1_9' title="bbox 143 1377 1454 1478; baseline 0 -24"><span class='ocrx_word' id='word_1_61' title='bbox 143 1377 209 1454; x_wconf 88' lang='lat' dir='ltr'><strong>sed</strong></span> <span class='ocrx_word' id='word_1_62' title='bbox 230 1381 336 1452; x_wconf 88' lang='lat' dir='ltr'><strong>etiam</strong></span> <span class='ocrx_word' id='word_1_63' title='bbox 353 1377 628 1453; x_wconf 86' lang='lat' dir='ltr'><strong>munificentiam</strong></span> <span class='ocrx_word' id='word_1_64' title='bbox 643 1378 870 1478; x_wconf 86' lang='lat' dir='ltr'><strong>impendisse,</strong></span> <span class='ocrx_word' id='word_1_65' title='bbox 892 1405 976 1452; x_wconf 90' lang='lat' dir='ltr'><strong>eum</strong></span> <span class='ocrx_word' id='word_1_66' title='bbox 995 1405 1094 1472; x_wconf 87' lang='lat' dir='ltr'><strong>vero,</strong></span> <span class='ocrx_word' id='word_1_67' title='bbox 1112 1407 1195 1455; x_wconf 90' lang='lat' dir='ltr'><strong>curn</strong></span> <span class='ocrx_word' id='word_1_68' title='bbox 1210 1380 1319 1456; x_wconf 86' lang='lat' dir='ltr'><strong>fidem</strong></span> <span class='ocrx_word' id='word_1_69' title='bbox 1334 1381 1454 1456; x_wconf 91' lang='lat' dir='ltr'><strong>bene-</strong></span> 
     </span>
     <span class='ocr_line' id='line_1_10' title="bbox 143 1499 1455 1601; baseline -0.002 -23"><span class='ocrx_word' id='word_1_70' title='bbox 143 1503 225 1578; x_wconf 86' lang='lat' dir='ltr'><strong>ficio</strong></span> <span class='ocrx_word' id='word_1_71' title='bbox 246 1499 442 1592; x_wconf 77' lang='lat' dir='ltr'><strong>debuisset,</strong></span> <span class='ocrx_word' id='word_1_72' title='bbox 466 1500 655 1601; x_wconf 88' lang='lat' dir='ltr'><strong>perfidiam</strong></span> <span class='ocrx_word' id='word_1_73' title='bbox 674 1501 891 1600; x_wconf 85' lang='lat' dir='ltr'><strong>rependisse.</strong></span> <span class='ocrx_word' id='word_1_74' title='bbox 943 1506 1069 1601; x_wconf 91' lang='lat' dir='ltr'><strong>Itaque</strong></span> <span class='ocrx_word' id='word_1_75' title='bbox 1085 1509 1292 1578; x_wconf 88' lang='lat' dir='ltr'><strong>meritorum</strong></span> <span class='ocrx_word' id='word_1_76' title='bbox 1306 1527 1455 1579; x_wconf 88' lang='lat' dir='ltr'><strong>suorum</strong></span> 
     </span>
     <span class='ocr_line' id='line_1_11' title="bbox 143 1624 1454 1725; baseline 0.001 -24"><span class='ocrx_word' id='word_1_77' title='bbox 143 1625 364 1702; x_wconf 72' lang='lat' dir='ltr'><strong>oblivionem</strong></span> <span class='ocrx_word' id='word_1_78' title='bbox 381 1624 429 1698; x_wconf 93' lang='lat' dir='ltr'><strong>ab</strong></span> <span class='ocrx_word' id='word_1_79' title='bbox 446 1639 571 1699; x_wconf 85' lang='lat' dir='ltr'><strong>aotam</strong></span> <span class='ocrx_word' id='word_1_80' title='bbox 586 1631 750 1725; x_wconf 89' lang='lat' dir='ltr'><strong>nequiter</strong></span> <span class='ocrx_word' id='word_1_81' title='bbox 764 1642 878 1701; x_wconf 87' lang='lat' dir='ltr'><strong>aetam</strong></span> <span class='ocrx_word' id='word_1_82' title='bbox 895 1625 1085 1712; x_wconf 88' lang='lat' dir='ltr'><strong>admirans,</strong></span> <span class='ocrx_word' id='word_1_83' title='bbox 1103 1651 1170 1700; x_wconf 90' lang='lat' dir='ltr'><strong>nec</strong></span> <span class='ocrx_word' id='word_1_84' title='bbox 1187 1630 1342 1724; x_wconf 79' lang='lat' dir='ltr'><strong>pristinae</strong></span> <span class='ocrx_word' id='word_1_85' title='bbox 1356 1653 1454 1703; x_wconf 90' lang='lat' dir='ltr'><strong>con-</strong></span> 
     </span>
     <span class='ocr_line' id='line_1_12' title="bbox 144 1733 1455 1849; baseline 0 -25"><span class='ocrx_word' id='word_1_86' title='bbox 144 1749 307 1826; x_wconf 87' lang='lat' dir='ltr'><strong>fessionis</strong></span> <span class='ocrx_word' id='word_1_87' title='bbox 325 1747 517 1824; x_wconf 78' lang='lat' dir='ltr'><strong>assertione</strong></span> <span class='ocrx_word' id='word_1_88' title='bbox 538 1733 805 1838; x_wconf 69' lang='lat' dir='ltr'><strong>contentusan</strong></span> <span class='ocrx_word' id='word_1_89' title='bbox 822 1773 860 1822; x_wconf 91' lang='lat' dir='ltr'><strong>se</strong></span> <span class='ocrx_word' id='word_1_90' title='bbox 878 1773 946 1849; x_wconf 91' lang='lat' dir='ltr'><strong>per</strong></span> <span class='ocrx_word' id='word_1_91' title='bbox 961 1747 1104 1822; x_wconf 84' lang='lat' dir='ltr'><strong>insidias</strong></span> <span class='ocrx_word' id='word_1_92' title='bbox 1121 1751 1328 1849; x_wconf 87' lang='lat' dir='ltr'><strong>opprimere</strong></span> <span class='ocrx_word' id='word_1_93' title='bbox 1346 1752 1455 1849; x_wconf 90' lang='lat' dir='ltr'><strong>cogi-</strong></span> 
     </span>
     <span class='ocr_line' id='line_1_13' title="bbox 143 1869 1455 1970; baseline 0 -24"><span class='ocrx_word' id='word_1_94' title='bbox 143 1889 262 1960; x_wconf 86' lang='lat' dir='ltr'><strong>tasset,</strong></span> <span class='ocrx_word' id='word_1_95' title='bbox 285 1873 466 1970; x_wconf 86' lang='lat' dir='ltr'><strong>inquirere</strong></span> <span class='ocrx_word' id='word_1_96' title='bbox 483 1875 730 1970; x_wconf 82' lang='lat' dir='ltr'><strong>perseverarit</strong></span> <span class='ocrx_word' id='word_1_97' title='bbox 781 1869 864 1964; x_wconf 90' lang='lat' dir='ltr'><strong>Ille,</strong></span> <span class='ocrx_word' id='word_1_98' title='bbox 896 1897 963 1946; x_wconf 90' lang='lat' dir='ltr'><strong>nec</strong></span> <span class='ocrx_word' id='word_1_99' title='bbox 986 1875 1144 1944; x_wconf 89' lang='lat' dir='ltr'><strong>animum</strong></span> <span class='ocrx_word' id='word_1_100' title='bbox 1167 1871 1237 1946; x_wconf 90' lang='lat' dir='ltr'><strong>sibi</strong></span> <span class='ocrx_word' id='word_1_101' title='bbox 1262 1898 1329 1946; x_wconf 87' lang='lat' dir='ltr'><strong>nec</strong></span> <span class='ocrx_word' id='word_1_102' title='bbox 1354 1897 1455 1946; x_wconf 89' lang='lat' dir='ltr'><strong>arma</strong></span> 
     </span>
     <span class='ocr_line' id='line_1_14' title="bbox 144 1990 1457 2095; baseline 0 -27"><span class='ocrx_word' id='word_1_103' title='bbox 144 1991 317 2092; x_wconf 88' lang='lat' dir='ltr'><strong>nihilque,</strong></span> <span class='ocrx_word' id='word_1_104' title='bbox 342 1990 445 2091; x_wconf 92' lang='lat' dir='ltr'><strong>quod</strong></span> <span class='ocrx_word' id='word_1_105' title='bbox 467 2008 563 2066; x_wconf 90' lang='lat' dir='ltr'><strong>tanto</strong></span> <span class='ocrx_word' id='word_1_106' title='bbox 580 1993 729 2066; x_wconf 84' lang='lat' dir='ltr'><strong>facinori</strong></span> <span class='ocrx_word' id='word_1_107' title='bbox 752 1995 897 2086; x_wconf 87' lang='lat' dir='ltr'><strong>attinuit,</strong></span> <span class='ocrx_word' id='word_1_108' title='bbox 922 2012 1071 2095; x_wconf 86' lang='lat' dir='ltr'><strong>excepto</strong></span> <span class='ocrx_word' id='word_1_109' title='bbox 1089 1994 1146 2068; x_wconf 89' lang='lat' dir='ltr'><strong>dei</strong></span> <span class='ocrx_word' id='word_1_110' title='bbox 1160 2013 1262 2086; x_wconf 88' lang='lat' dir='ltr'><strong>nutu,</strong></span> <span class='ocrx_word' id='word_1_111' title='bbox 1288 1993 1457 2088; x_wconf 80' lang='lat' dir='ltr'><strong>defuisse,</strong></span> 
     </span>
     <span class='ocr_line' id='line_1_15' title="bbox 145 2113 1457 2218; baseline 0 -26"><span class='ocrx_word' id='word_1_112' title='bbox 145 2115 342 2213; x_wconf 82' lang='lat' dir='ltr'><strong>subjunxit.</strong></span> <span class='ocrx_word' id='word_1_113' title='bbox 395 2113 598 2188; x_wconf 83' lang='lat' dir='ltr'><strong>Delectatus</strong></span> <span class='ocrx_word' id='word_1_114' title='bbox 613 2139 674 2188; x_wconf 80' lang='lat' dir='ltr'><strong>rex</strong></span> <span class='ocrx_word' id='word_1_115' title='bbox 696 2131 768 2188; x_wconf 91' lang='lat' dir='ltr'><strong>tam</strong></span> <span class='ocrx_word' id='word_1_116' title='bbox 784 2115 911 2192; x_wconf 84' lang='lat' dir='ltr'><strong>audaci</strong></span> <span class='ocrx_word' id='word_1_117' title='bbox 930 2117 1085 2192; x_wconf 88' lang='lat' dir='ltr'><strong>hominis</strong></span> <span class='ocrx_word' id='word_1_118' title='bbox 1101 2140 1289 2218; x_wconf 88' lang='lat' dir='ltr'><strong>responso,</strong></span> <span class='ocrx_word' id='word_1_119' title='bbox 1314 2122 1457 2194; x_wconf 90' lang='lat' dir='ltr'><strong>veniam</strong></span> 
     </span>
     <span class='ocr_line' id='line_1_16' title="bbox 144 2237 1457 2336; baseline -0.002 -20"><span class='ocrx_word' id='word_1_120' title='bbox 144 2263 183 2316; x_wconf 86' lang='lat' dir='ltr'><strong>se</strong></span> <span class='ocrx_word' id='word_1_121' title='bbox 197 2237 413 2312; x_wconf 73' lang='lat' dir='ltr'><strong>confessioni</strong></span> <span class='ocrx_word' id='word_1_122' title='bbox 428 2237 597 2329; x_wconf 88' lang='lat' dir='ltr'><strong>tribuere,</strong></span> <span class='ocrx_word' id='word_1_123' title='bbox 614 2263 686 2312; x_wconf 90' lang='lat' dir='ltr'><strong>non</strong></span> <span class='ocrx_word' id='word_1_124' title='bbox 702 2237 973 2314; x_wconf 81' lang='lat' dir='ltr'><strong>familiaritatem</strong></span> <span class='ocrx_word' id='word_1_125' title='bbox 990 2242 1172 2314; x_wconf 86' lang='lat' dir='ltr'><strong>restituere</strong></span> <span class='ocrx_word' id='word_1_126' title='bbox 1187 2239 1283 2336; x_wconf 80' lang='lat' dir='ltr'><strong>dixit,</strong></span> <span class='ocrx_word' id='word_1_127' title='bbox 1308 2267 1353 2314; x_wconf 90' lang='lat' dir='ltr'><strong>ne</strong></span> <span class='ocrx_word' id='word_1_128' title='bbox 1367 2268 1457 2316; x_wconf 90' lang='lat' dir='ltr'><strong>rur-</strong></span> 
     </span>
     <span class='ocr_line' id='line_1_17' title="bbox 145 2359 1455 2459; baseline 0.001 -21"><span class='ocrx_word' id='word_1_129' title='bbox 145 2385 227 2438; x_wconf 91' lang='lat' dir='ltr'><strong>sum</strong></span> <span class='ocrx_word' id='word_1_130' title='bbox 245 2361 404 2432; x_wconf 87' lang='lat' dir='ltr'><strong>amicitiae</strong></span> <span class='ocrx_word' id='word_1_131' title='bbox 429 2361 532 2459; x_wconf 88' lang='lat' dir='ltr'><strong>copia</strong></span> <span class='ocrx_word' id='word_1_132' title='bbox 556 2359 763 2436; x_wconf 88' lang='lat' dir='ltr'><strong>insidiarum</strong></span> <span class='ocrx_word' id='word_1_133' title='bbox 785 2364 1041 2438; x_wconf 87' lang='lat' dir='ltr'><strong>irritamentum</strong></span> <span class='ocrx_word' id='word_1_134' title='bbox 1065 2369 1236 2438; x_wconf 83' lang='lat' dir='ltr'><strong>existeret.</strong></span> <span class='ocrx_word' id='word_1_135' title='bbox 1287 2362 1455 2438; x_wconf 87' lang='lat' dir='ltr'><strong>Eundem</strong></span> 
     </span>
     <span class='ocr_line' id='line_1_18' title="bbox 144 2471 1458 2584; baseline -0.003 -24"><span class='ocrx_word' id='word_1_136' title='bbox 144 2509 295 2584; x_wconf 89' lang='lat' dir='ltr'><strong>quoque</strong></span> <span class='ocrx_word' id='word_1_137' title='bbox 310 2483 413 2558; x_wconf 90' lang='lat' dir='ltr'><strong>tacita</strong></span> <span class='ocrx_word' id='word_1_138' title='bbox 429 2480 476 2558; x_wconf 89' lang='lat' dir='ltr'><strong>ad</strong></span> <span class='ocrx_word' id='word_1_139' title='bbox 492 2487 676 2558; x_wconf 87' lang='lat' dir='ltr'><strong>Kanuturn</strong></span> <span class='ocrx_word' id='word_1_140' title='bbox 693 2471 1093 2560; x_wconf 78' lang='lat' dir='ltr'><strong>narolumve&#39;mandara</strong></span> <span class='ocrx_word' id='word_1_141' title='bbox 1113 2481 1248 2560; x_wconf 88' lang='lat' dir='ltr'><strong>habere</strong></span> <span class='ocrx_word' id='word_1_142' title='bbox 1263 2485 1458 2584; x_wconf 88' lang='lat' dir='ltr'><strong>prohibuit,</strong></span> 
     </span>
     <span class='ocr_line' id='line_1_19' title="bbox 146 2605 1458 2708; baseline 0.002 -28"><span class='ocrx_word' id='word_1_143' title='bbox 146 2612 335 2696; x_wconf 89' lang='lat' dir='ltr'><strong>monitum,</strong></span> <span class='ocrx_word' id='word_1_144' title='bbox 356 2631 403 2680; x_wconf 87' lang='lat' dir='ltr'><strong>ne</strong></span> <span class='ocrx_word' id='word_1_145' title='bbox 426 2605 572 2708; x_wconf 89' lang='lat' dir='ltr'><strong>culpam</strong></span> <span class='ocrx_word' id='word_1_146' title='bbox 597 2624 758 2706; x_wconf 90' lang='lat' dir='ltr'><strong>repetere</strong></span> <span class='ocrx_word' id='word_1_147' title='bbox 775 2607 877 2702; x_wconf 83' lang='lat' dir='ltr'><strong>velit,</strong></span> <span class='ocrx_word' id='word_1_148' title='bbox 910 2610 968 2682; x_wconf 93' lang='lat' dir='ltr'><strong>cui</strong></span> <span class='ocrx_word' id='word_1_149' title='bbox 990 2605 1146 2683; x_wconf 85' lang='lat' dir='ltr'><strong>divinam</strong></span> <span class='ocrx_word' id='word_1_150' title='bbox 1174 2609 1365 2708; x_wconf 85' lang='lat' dir='ltr'><strong>potentiam</strong></span> <span class='ocrx_word' id='word_1_151' title='bbox 1384 2624 1458 2683; x_wconf 90' lang='lat' dir='ltr'><strong>tam</strong></span> 
     </span>
     <span class='ocr_line' id='line_1_20' title="bbox 146 2728 1459 2830; baseline 0.002 -26"><span class='ocrx_word' id='word_1_152' title='bbox 146 2745 347 2804; x_wconf 84' lang='lat' dir='ltr'><strong>constanter</strong></span> <span class='ocrx_word' id='word_1_153' title='bbox 369 2728 483 2804; x_wconf 85' lang='lat' dir='ltr'><strong>obniti</strong></span> <span class='ocrx_word' id='word_1_154' title='bbox 500 2733 723 2828; x_wconf 86' lang='lat' dir='ltr'><strong>persenserit.</strong></span> <span class='ocrx_word' id='word_1_155' title='bbox 775 2729 840 2806; x_wconf 89' lang='lat' dir='ltr'><strong>llle</strong></span> <span class='ocrx_word' id='word_1_156' title='bbox 864 2755 921 2824; x_wconf 90' lang='lat' dir='ltr'><strong>se,</strong></span> <span class='ocrx_word' id='word_1_157' title='bbox 946 2732 975 2806; x_wconf 92' lang='lat' dir='ltr'><strong>si</strong></span> <span class='ocrx_word' id='word_1_158' title='bbox 1003 2730 1090 2830; x_wconf 89' lang='lat' dir='ltr'><strong>quid</strong></span> <span class='ocrx_word' id='word_1_159' title='bbox 1117 2731 1188 2806; x_wconf 87' lang='lat' dir='ltr'><strong>tale</strong></span> <span class='ocrx_word' id='word_1_160' title='bbox 1213 2737 1459 2823; x_wconf 84' lang='lat' dir='ltr'><strong>committeret,</strong></span> 
     </span>
     <span class='ocr_line' id='line_1_21' title="bbox 147 2845 1458 2954; baseline -0.002 -26"><span class='ocrx_word' id='word_1_161' title='bbox 147 2852 319 2928; x_wconf 89' lang='lat' dir='ltr'><strong>ulterioris</strong></span> <span class='ocrx_word' id='word_1_162' title='bbox 345 2845 457 2925; x_wconf 81' lang='lat' dir='ltr'><strong>reniae</strong></span> <span class='ocrx_word' id='word_1_163' title='bbox 482 2852 647 2928; x_wconf 90' lang='lat' dir='ltr'><strong>remediis</strong></span> <span class='ocrx_word' id='word_1_164' title='bbox 671 2853 859 2954; x_wconf 88' lang='lat' dir='ltr'><strong>indignum</strong></span> <span class='ocrx_word' id='word_1_165' title='bbox 884 2878 1026 2950; x_wconf 89' lang='lat' dir='ltr'><strong>vocare,</strong></span> <span class='ocrx_word' id='word_1_166' title='bbox 1057 2880 1105 2928; x_wconf 86' lang='lat' dir='ltr'><strong>ne</strong></span> <span class='ocrx_word' id='word_1_167' title='bbox 1121 2853 1291 2954; x_wconf 88' lang='lat' dir='ltr'><strong>precihus</strong></span> <span class='ocrx_word' id='word_1_168' title='bbox 1311 2853 1458 2952; x_wconf 91' lang='lat' dir='ltr'><strong>quidem</strong></span> 
     </span>
     <span class='ocr_line' id='line_1_22' title="bbox 147 2975 1458 3076; baseline -0.005 -22"><span class='ocrx_word' id='word_1_169' title='bbox 147 2977 297 3054; x_wconf 84' lang='lat' dir='ltr'><strong>salutern</strong></span> <span class='ocrx_word' id='word_1_170' title='bbox 315 2975 483 3072; x_wconf 88' lang='lat' dir='ltr'><strong>deinceps</strong></span> <span class='ocrx_word' id='word_1_171' title='bbox 501 2975 591 3048; x_wconf 91' lang='lat' dir='ltr'><strong>tueri</strong></span> <span class='ocrx_word' id='word_1_172' title='bbox 607 3001 788 3052; x_wconf 88' lang='lat' dir='ltr'><strong>ausurum.</strong></span> <span class='ocrx_word' id='word_1_173' title='bbox 840 2979 923 3070; x_wconf 85' lang='lat' dir='ltr'><strong>Quo</strong></span> <span class='ocrx_word' id='word_1_174' title='bbox 947 3001 1010 3050; x_wconf 83' lang='lat' dir='ltr'><strong>rex</strong></span> <span class='ocrx_word' id='word_1_175' title='bbox 1033 2975 1182 3052; x_wconf 88' lang='lat' dir='ltr'><strong>sedendi</strong></span> <span class='ocrx_word' id='word_1_176' title='bbox 1204 2976 1325 3050; x_wconf 89' lang='lat' dir='ltr'><strong>locum</strong></span> <span class='ocrx_word' id='word_1_177' title='bbox 1344 3000 1458 3076; x_wconf 90' lang='lat' dir='ltr'><strong>repe-</strong></span> 
     </span>
     <span class='ocr_line' id='line_1_23' title="bbox 147 3099 1460 3200; baseline -0.003 -24"><span class='ocrx_word' id='word_1_178' title='bbox 147 3117 221 3176; x_wconf 90' lang='lat' dir='ltr'><strong>tere</strong></span> <span class='ocrx_word' id='word_1_179' title='bbox 241 3102 354 3200; x_wconf 88' lang='lat' dir='ltr'><strong>jusso,</strong></span> <span class='ocrx_word' id='word_1_180' title='bbox 378 3103 542 3195; x_wconf 87' lang='lat' dir='ltr'><strong>protinus</strong></span> <span class='ocrx_word' id='word_1_181' title='bbox 562 3100 733 3174; x_wconf 85' lang='lat' dir='ltr'><strong>Sveuonis</strong></span> <span class='ocrx_word' id='word_1_182' title='bbox 749 3099 864 3174; x_wconf 88' lang='lat' dir='ltr'><strong>filium</strong></span> <span class='ocrx_word' id='word_1_183' title='bbox 879 3099 1146 3190; x_wconf 88' lang='lat' dir='ltr'><strong>Christiemum,</strong></span> <span class='ocrx_word' id='word_1_184' title='bbox 1169 3123 1289 3198; x_wconf 91' lang='lat' dir='ltr'><strong>quem,</strong></span> <span class='ocrx_word' id='word_1_185' title='bbox 1315 3115 1460 3198; x_wconf 90' lang='lat' dir='ltr'><strong>peracta</strong></span> 
     </span>
     <span class='ocr_line' id='line_1_24' title="bbox 146 3219 1460 3322; baseline 0 -26"><span class='ocrx_word' id='word_1_186' title='bbox 146 3223 269 3322; x_wconf 80' lang='lat' dir='ltr'><strong>Magni</strong></span> <span class='ocrx_word' id='word_1_187' title='bbox 290 3245 407 3314; x_wconf 89' lang='lat' dir='ltr'><strong>causa,</strong></span> <span class='ocrx_word' id='word_1_188' title='bbox 432 3245 500 3320; x_wconf 86' lang='lat' dir='ltr'><strong>per</strong></span> <span class='ocrx_word' id='word_1_189' title='bbox 522 3223 755 3322; x_wconf 83' lang='lat' dir='ltr'><strong>ignorantiam</strong></span> <span class='ocrx_word' id='word_1_190' title='bbox 780 3247 886 3298; x_wconf 88' lang='lat' dir='ltr'><strong>casus</strong></span> <span class='ocrx_word' id='word_1_191' title='bbox 912 3221 1105 3312; x_wconf 87' lang='lat' dir='ltr'><strong>obtulerat,</strong></span> <span class='ocrx_word' id='word_1_192' title='bbox 1129 3220 1301 3296; x_wconf 90' lang='lat' dir='ltr'><strong>iracunda</strong></span> <span class='ocrx_word' id='word_1_193' title='bbox 1325 3219 1460 3296; x_wconf 88' lang='lat' dir='ltr'><strong>admo-</strong></span> 
     </span>
     <span class='ocr_line' id='line_1_25' title="bbox 147 3343 1461 3446; baseline 0.001 -28"><span class='ocrx_word' id='word_1_194' title='bbox 147 3343 238 3418; x_wconf 88' lang='lat' dir='ltr'><strong>dum</strong></span> <span class='ocrx_word' id='word_1_195' title='bbox 256 3349 480 3418; x_wconf 89' lang='lat' dir='ltr'><strong>accusatione</strong></span> <span class='ocrx_word' id='word_1_196' title='bbox 494 3352 733 3446; x_wconf 87' lang='lat' dir='ltr'><strong>persequitur.</strong></span> <span class='ocrx_word' id='word_1_197' title='bbox 783 3349 852 3440; x_wconf 85' lang='lat' dir='ltr'><strong>Qui</strong></span> <span class='ocrx_word' id='word_1_198' title='bbox 872 3373 956 3420; x_wconf 91' lang='lat' dir='ltr'><strong>cum</strong></span> <span class='ocrx_word' id='word_1_199' title='bbox 975 3370 1015 3420; x_wconf 90' lang='lat' dir='ltr'><strong>se</strong></span> <span class='ocrx_word' id='word_1_200' title='bbox 1030 3345 1200 3420; x_wconf 90' lang='lat' dir='ltr'><strong>consortis</strong></span> <span class='ocrx_word' id='word_1_201' title='bbox 1217 3343 1348 3419; x_wconf 87' lang='lat' dir='ltr'><strong>indicio</strong></span> <span class='ocrx_word' id='word_1_202' title='bbox 1365 3368 1461 3446; x_wconf 92' lang='lat' dir='ltr'><strong>pro-</strong></span> 
     </span>
     <span class='ocr_line' id='line_1_26' title="bbox 148 3466 1462 3568; baseline 0.002 -29"><span class='ocrx_word' id='word_1_203' title='bbox 148 3466 263 3545; x_wconf 90' lang='lat' dir='ltr'><strong>ditum</strong></span> <span class='ocrx_word' id='word_1_204' title='bbox 288 3469 495 3566; x_wconf 86' lang='lat' dir='ltr'><strong>accepisset,</strong></span> <span class='ocrx_word' id='word_1_205' title='bbox 526 3466 740 3544; x_wconf 85' lang='lat' dir='ltr'><strong>defensionis</strong></span> <span class='ocrx_word' id='word_1_206' title='bbox 758 3472 865 3568; x_wconf 89' lang='lat' dir='ltr'><strong>inops</strong></span> <span class='ocrx_word' id='word_1_207' title='bbox 886 3468 1108 3542; x_wconf 89' lang='lat' dir='ltr'><strong>confessione</strong></span> <span class='ocrx_word' id='word_1_208' title='bbox 1131 3469 1462 3566; x_wconf 19' lang='lat' dir='ltr'><strong>veniamtimpetra-</strong></span> 
     </span>
     <span class='ocr_line' id='line_1_27' title="bbox 147 3587 1461 3689; baseline -0.002 -25"><span class='ocrx_word' id='word_1_209' title='bbox 147 3593 211 3680; x_wconf 84' lang='lat' dir='ltr'><strong>vit,</strong></span> <span class='ocrx_word' id='word_1_210' title='bbox 230 3615 298 3664; x_wconf 89' lang='lat' dir='ltr'><strong>nec</strong></span> <span class='ocrx_word' id='word_1_211' title='bbox 323 3589 443 3666; x_wconf 88' lang='lat' dir='ltr'><strong>solum</strong></span> <span class='ocrx_word' id='word_1_212' title='bbox 465 3592 641 3689; x_wconf 88' lang='lat' dir='ltr'><strong>spiritum,</strong></span> <span class='ocrx_word' id='word_1_213' title='bbox 666 3596 917 3666; x_wconf 86' lang='lat' dir='ltr'><strong>verumetiam</strong></span> <span class='ocrx_word' id='word_1_214' title='bbox 943 3589 1122 3664; x_wconf 91' lang='lat' dir='ltr'><strong>bonorum</strong></span> <span class='ocrx_word' id='word_1_215' title='bbox 1139 3595 1298 3664; x_wconf 90' lang='lat' dir='ltr'><strong>omnium</strong></span> <span class='ocrx_word' id='word_1_216' title='bbox 1315 3587 1461 3664; x_wconf 91' lang='lat' dir='ltr'><strong>incolu-</strong></span> 
     </span>
     <span class='ocr_line' id='line_1_28' title="bbox 146 3709 1461 3811; baseline -0.003 -23"><span class='ocrx_word' id='word_1_217' title='bbox 146 3717 307 3788; x_wconf 84' lang='lat' dir='ltr'><strong>mitatem</strong></span> <span class='ocrx_word' id='word_1_218' title='bbox 331 3727 510 3788; x_wconf 87' lang='lat' dir='ltr'><strong>assecutus</strong></span> <span class='ocrx_word' id='word_1_219' title='bbox 534 3729 611 3805; x_wconf 88' lang='lat' dir='ltr'><strong>est,</strong></span> <span class='ocrx_word' id='word_1_220' title='bbox 643 3711 746 3788; x_wconf 80' lang='lat' dir='ltr'><strong>exilio</strong></span> <span class='ocrx_word' id='word_1_221' title='bbox 768 3711 936 3786; x_wconf 77' lang='lat' dir='ltr'><strong>duntaxat</strong></span> <span class='ocrx_word' id='word_1_222' title='bbox 959 3735 1086 3811; x_wconf 89' lang='lat' dir='ltr'><strong>poenas</strong></span> <span class='ocrx_word' id='word_1_223' title='bbox 1113 3709 1209 3790; x_wconf 87' lang='lat' dir='ltr'><strong>dare.</strong></span> <span class='ocrx_word' id='word_1_224' title='bbox 1224 3729 1389 3806; x_wconf 91' lang='lat' dir='ltr'><strong>coactus,</strong></span> <span class='ocrx_word' id='word_1_225' title='bbox 1414 3737 1461 3784; x_wconf 90' lang='lat' dir='ltr'><strong>ne</strong></span> 
     </span>
     <span class='ocr_line' id='line_1_29' title="bbox 145 3833 1462 3938; baseline -0.002 -32"><span class='ocrx_word' id='word_1_226' title='bbox 145 3851 340 3934; x_wconf 87' lang='lat' dir='ltr'><strong>promptus</strong></span> <span class='ocrx_word' id='word_1_227' title='bbox 365 3833 412 3907; x_wconf 94' lang='lat' dir='ltr'><strong>ad</strong></span> <span class='ocrx_word' id='word_1_228' title='bbox 427 3841 562 3910; x_wconf 87' lang='lat' dir='ltr'><strong>crimen</strong></span> <span class='ocrx_word' id='word_1_229' title='bbox 583 3858 766 3938; x_wconf 88' lang='lat' dir='ltr'><strong>regressus</strong></span> <span class='ocrx_word' id='word_1_230' title='bbox 783 3849 999 3934; x_wconf 88' lang='lat' dir='ltr'><strong>suppeteret.</strong></span> <span class='ocrx_word' id='word_1_231' title='bbox 1052 3838 1104 3908; x_wconf 89' lang='lat' dir='ltr'><strong>Ita</strong></span> <span class='ocrx_word' id='word_1_232' title='bbox 1126 3833 1325 3908; x_wconf 91' lang='lat' dir='ltr'><strong>moderatio</strong></span> <span class='ocrx_word' id='word_1_233' title='bbox 1341 3839 1462 3935; x_wconf 81' lang='lat' dir='ltr'><strong>mani-</strong></span> 
     </span>
     <span class='ocr_line' id='line_1_30' title="bbox 146 3937 1463 4059; baseline 0 -29"><span class='ocrx_word' id='word_1_234' title='bbox 146 3955 276 4030; x_wconf 88' lang='lat' dir='ltr'><strong>festam</strong></span> <span class='ocrx_word' id='word_1_235' title='bbox 297 3937 413 4033; x_wconf 89' lang='lat' dir='ltr'><strong>militis</strong></span> <span class='ocrx_word' id='word_1_236' title='bbox 432 3959 596 4059; x_wconf 90' lang='lat' dir='ltr'><strong>culpam,</strong></span> <span class='ocrx_word' id='word_1_237' title='bbox 621 3974 891 4057; x_wconf 75' lang='lat' dir='ltr'><strong>extremumque</strong></span> <span class='ocrx_word' id='word_1_238' title='bbox 912 3955 1132 4057; x_wconf 88' lang='lat' dir='ltr'><strong>supplicium</strong></span> <span class='ocrx_word' id='word_1_239' title='bbox 1156 3961 1336 4049; x_wconf 86' lang='lat' dir='ltr'><strong>meritam,</strong></span> <span class='ocrx_word' id='word_1_240' title='bbox 1367 3981 1463 4056; x_wconf 90' lang='lat' dir='ltr'><strong>pro-</strong></span> 
     </span>
     <span class='ocr_line' id='line_1_31' title="bbox 145 4077 1463 4181; baseline -0.004 -27"><span class='ocrx_word' id='word_1_241' title='bbox 145 4080 340 4176; x_wconf 85' lang='lat' dir='ltr'><strong>scriptione</strong></span> <span class='ocrx_word' id='word_1_242' title='bbox 355 4081 493 4181; x_wconf 85' lang='lat' dir='ltr'><strong>insequi</strong></span> <span class='ocrx_word' id='word_1_243' title='bbox 511 4097 677 4156; x_wconf 87' lang='lat' dir='ltr'><strong>contenta</strong></span> <span class='ocrx_word' id='word_1_244' title='bbox 699 4083 817 4157; x_wconf 87' lang='lat' dir='ltr'><strong>extitit.</strong></span> <span class='ocrx_word' id='word_1_245' title='bbox 869 4081 1001 4154; x_wconf 89' lang='lat' dir='ltr'><strong>Taliter</strong></span> <span class='ocrx_word' id='word_1_246' title='bbox 1020 4097 1144 4156; x_wconf 89' lang='lat' dir='ltr'><strong>exacto</strong></span> <span class='ocrx_word' id='word_1_247' title='bbox 1163 4077 1326 4168; x_wconf 90' lang='lat' dir='ltr'><strong>concilio,</strong></span> <span class='ocrx_word' id='word_1_248' title='bbox 1350 4079 1463 4176; x_wconf 88' lang='lat' dir='ltr'><strong>Mag·-</strong></span> 
     </span>
     <span class='ocr_line' id='line_1_32' title="bbox 142 4199 1463 4300; baseline -0.004 -24"><span class='ocrx_word' id='word_1_249' title='bbox 142 4225 273 4300; x_wconf 88' lang='lat' dir='ltr'><strong>ncque</strong></span> <span class='ocrx_word' id='word_1_250' title='bbox 290 4204 451 4277; x_wconf 84' lang='lat' dir='ltr'><strong>Fioniam</strong></span> <span class='ocrx_word' id='word_1_251' title='bbox 474 4229 633 4296; x_wconf 87' lang='lat' dir='ltr'><strong>reverso,</strong></span> <span class='ocrx_word' id='word_1_252' title='bbox 659 4202 910 4279; x_wconf 87' lang='lat' dir='ltr'><strong>Waldemarus</strong></span> <span class='ocrx_word' id='word_1_253' title='bbox 938 4203 1090 4278; x_wconf 90' lang='lat' dir='ltr'><strong>insulam</strong></span> <span class='ocrx_word' id='word_1_254' title='bbox 1117 4203 1275 4276; x_wconf 84' lang='lat' dir='ltr'><strong>ferarum</strong></span> <span class='ocrx_word' id='word_1_255' title='bbox 1293 4199 1463 4300; x_wconf 80' lang='lat' dir='ltr'><strong>gregibus</strong></span> 
     </span>
     <span class='ocr_line' id='line_1_33' title="bbox 142 4321 1463 4428; baseline -0.002 -30"><span class='ocrx_word' id='word_1_256' title='bbox 142 4323 405 4416; x_wconf 87' lang='lat' dir='ltr'><strong>abundantem,</strong></span> <span class='ocrx_word' id='word_1_257' title='bbox 431 4351 532 4399; x_wconf 88' lang='lat' dir='ltr'><strong>more</strong></span> <span class='ocrx_word' id='word_1_258' title='bbox 557 4329 657 4428; x_wconf 90' lang='lat' dir='ltr'><strong>regio</strong></span> <span class='ocrx_word' id='word_1_259' title='bbox 684 4327 819 4428; x_wconf 73' lang='lat' dir='ltr'><strong>praedm</strong></span> <span class='ocrx_word' id='word_1_260' title='bbox 840 4331 1009 4402; x_wconf 89' lang='lat' dir='ltr'><strong>venaticae</strong></span> <span class='ocrx_word' id='word_1_261' title='bbox 1031 4341 1232 4414; x_wconf 81' lang='lat' dir='ltr'><strong>vacamrus,</strong></span> <span class='ocrx_word' id='word_1_262' title='bbox 1257 4321 1463 4424; x_wconf 83' lang='lat' dir='ltr'><strong>ingreditur.</strong></span> 
     </span>
     <span class='ocr_line' id='line_1_34' title="bbox 139 4442 1464 4549; baseline -0.001 -30"><span class='ocrx_word' id='word_1_263' title='bbox 139 4449 234 4542; x_wconf 83' lang='lat' dir='ltr'><strong>Quo</strong></span> <span class='ocrx_word' id='word_1_264' title='bbox 255 4445 327 4520; x_wconf 93' lang='lat' dir='ltr'><strong>loci</strong></span> <span class='ocrx_word' id='word_1_265' title='bbox 343 4447 505 4523; x_wconf 80' lang='lat' dir='ltr'><strong>Absalon</strong></span> <span class='ocrx_word' id='word_1_266' title='bbox 530 4465 565 4523; x_wconf 89' lang='lat' dir='ltr'><strong>et</strong></span> <span class='ocrx_word' id='word_1_267' title='bbox 589 4453 740 4525; x_wconf 80' lang='lat' dir='ltr'><strong>Ascerns</strong></span> <span class='ocrx_word' id='word_1_268' title='bbox 759 4475 778 4524; x_wconf 91' lang='lat' dir='ltr'><strong>a</strong></span> <span class='ocrx_word' id='word_1_269' title='bbox 801 4457 957 4526; x_wconf 85' lang='lat' dir='ltr'><strong>maximo</strong></span> <span class='ocrx_word' id='word_1_270' title='bbox 982 4447 1149 4549; x_wconf 88' lang='lat' dir='ltr'><strong>pontifice</strong></span> <span class='ocrx_word' id='word_1_271' title='bbox 1171 4443 1308 4518; x_wconf 80' lang='lat' dir='ltr'><strong>Eskillo</strong></span> <span class='ocrx_word' id='word_1_272' title='bbox 1326 4442 1377 4518; x_wconf 91' lang='lat' dir='ltr'><strong>ob</strong></span> <span class='ocrx_word' id='word_1_273' title='bbox 1393 4471 1464 4518; x_wconf 86' lang='lat' dir='ltr'><strong>re-</strong></span> 
     </span>
     <span class='ocr_line' id='line_1_35' title="bbox 139 4567 1465 4674; baseline -0.002 -30"><span class='ocrx_word' id='word_1_274' title='bbox 139 4569 248 4644; x_wconf 84' lang='lat' dir='ltr'><strong>niam</strong></span> <span class='ocrx_word' id='word_1_275' title='bbox 271 4571 348 4669; x_wconf 88' lang='lat' dir='ltr'><strong>ejus</strong></span> <span class='ocrx_word' id='word_1_276' title='bbox 365 4571 560 4672; x_wconf 88' lang='lat' dir='ltr'><strong>nepotibus</strong></span> <span class='ocrx_word' id='word_1_277' title='bbox 577 4571 847 4666; x_wconf 89' lang='lat' dir='ltr'><strong>conciliandam,</strong></span> <span class='ocrx_word' id='word_1_278' title='bbox 871 4600 955 4674; x_wconf 73' lang='lat' dir='ltr'><strong>quae</strong></span> <span class='ocrx_word' id='word_1_279' title='bbox 973 4573 1096 4672; x_wconf 89' lang='lat' dir='ltr'><strong>Magni</strong></span> <span class='ocrx_word' id='word_1_280' title='bbox 1114 4568 1278 4668; x_wconf 87' lang='lat' dir='ltr'><strong>exemplo</strong></span> <span class='ocrx_word' id='word_1_281' title='bbox 1293 4567 1465 4668; x_wconf 89' lang='lat' dir='ltr'><strong>sponderi</strong></span> 
     </span>
     <span class='ocr_line' id='line_1_36' title="bbox 139 4689 1465 4798; baseline -0.004 -29"><span class='ocrx_word' id='word_1_282' title='bbox 139 4689 360 4784; x_wconf 73' lang='lat' dir='ltr'><strong>videbatur,</strong></span> <span class='ocrx_word' id='word_1_283' title='bbox 393 4697 605 4788; x_wconf 87' lang='lat' dir='ltr'><strong>transmissi,</strong></span> <span class='ocrx_word' id='word_1_284' title='bbox 638 4697 894 4773; x_wconf 88' lang='lat' dir='ltr'><strong>inexorabilem</strong></span> <span class='ocrx_word' id='word_1_285' title='bbox 914 4698 1011 4798; x_wconf 90' lang='lat' dir='ltr'><strong>regis</strong></span> <span class='ocrx_word' id='word_1_286' title='bbox 1036 4697 1195 4772; x_wconf 89' lang='lat' dir='ltr'><strong>animum</strong></span> <span class='ocrx_word' id='word_1_287' title='bbox 1217 4696 1350 4794; x_wconf 81' lang='lat' dir='ltr'><strong>experti</strong></span> <span class='ocrx_word' id='word_1_288' title='bbox 1373 4706 1465 4767; x_wconf 89' lang='lat' dir='ltr'><strong>sunt.</strong></span> 
     </span>
     <span class='ocr_line' id='line_1_37' title="bbox 112 4799 1465 4922; baseline 0.001 -34"><span class='ocrx_word' id='word_1_289' title='bbox 112 4799 178 4892; x_wconf 79' lang='grc' dir='ltr'><strong>Ἀ</strong></span> <span class='ocrx_word' id='word_1_290' title='bbox 193 4839 272 4914; x_wconf 87' lang='lat' dir='ltr'><strong>quo</strong></span> <span class='ocrx_word' id='word_1_291' title='bbox 289 4813 436 4892; x_wconf 90' lang='lat' dir='ltr'><strong>demum</strong></span> <span class='ocrx_word' id='word_1_292' title='bbox 456 4824 619 4916; x_wconf 80' lang='lat' dir='ltr'><strong>Ascenrs,</strong></span> <span class='ocrx_word' id='word_1_293' title='bbox 643 4845 689 4896; x_wconf 89' lang='lat' dir='ltr'><strong>an</strong></span> <span class='ocrx_word' id='word_1_294' title='bbox 708 4821 962 4922; x_wconf 88' lang='lat' dir='ltr'><strong>conjurationis</strong></span> <span class='ocrx_word' id='word_1_295' title='bbox 984 4821 1161 4896; x_wconf 89' lang='lat' dir='ltr'><strong>fautorem</strong></span> <span class='ocrx_word' id='word_1_296' title='bbox 1187 4818 1324 4920; x_wconf 87' lang='lat' dir='ltr'><strong>egisset,</strong></span> <span class='ocrx_word' id='word_1_297' title='bbox 1350 4835 1465 4914; x_wconf 77' lang='lat' dir='ltr'><strong>roga-</strong></span> 
     </span>
    </p>
   </div>
   <div class='ocr_carea' id='block_1_3' title="bbox 0 0 1787 5462">
    <p class='ocr_par' dir='ltr' id='par_1_3' title="bbox 0 0 1787 5462">
     <span class='ocr_line' id='line_1_38' title="bbox 0 0 1787 5462; baseline 0 0"><span class='ocrx_word' id='word_1_298' title='bbox 0 0 1787 5462; x_wconf 95' lang='lat' dir='ltr'><strong> </strong></span> 
     </span>
    </p>
   </div>
  </div>
 </body>
</html>
