3536 5462
630 285 959 376 tvrtosntaus
1005 289 1027 356 u
1345 291 1417 366 aot

153 495 322 598 pendium
368 519 480 594 quam
510 492 632 576 salutis
666 521 710 570 ea
739 494 909 574 dilatione
940 512 1139 594 capturum.
1221 499 1469 590 Quamobrem

157 617 471 716 animadversionis
493 619 554 716 jus
580 615 702 691 diuino
727 617 1006 716 permittendum
1029 617 1192 706 arbitrio,
1225 624 1289 720 qui
1312 629 1406 721 potis
1426 627 1470 704 sit

155 743 309 832 iusidias,
334 765 428 840 quas
449 739 602 832 eluserit,
626 739 833 838 publicare;
869 741 933 816 sed
957 767 1075 842 neque
1097 765 1186 832 rem,
1212 745 1318 842 cujus
1341 746 1469 822 multi-

154 865 243 959 tudo
270 866 409 943 conscia
437 865 498 958 sit,
530 861 668 962 diutule
687 863 820 964 vulgus
835 865 946 940 latere
965 888 1082 964 posse.
1136 865 1306 946 Hortatur
1327 865 1469 964 deinde,

154 988 314 1086 oorppris
330 987 386 1061 sui
408 985 605 1062 custodiam
626 989 802 1062 consuetis
821 985 1010 1060 comitibus
1035 987 1195 1060 attentius
1220 989 1376 1080 mandet,
1399 996 1468 1092 ju-

153 1111 311 1210 beatque
331 1133 518 1206 nunquam
536 1108 604 1182 sibi
630 1115 782 1184 inermes
806 1111 962 1199 asistere,
987 1135 1052 1184 nec
1072 1115 1185 1210 magis
1201 1109 1349 1206 salutern
1364 1139 1470 1192 suam

153 1233 289 1332 diurqis
316 1256 443 1306 eorum
485 1228 613 1305 officiis
663 1257 774 1330 quam
802 1237 984 1306 nocturnis
1016 1231 1173 1306 excubiis
1206 1233 1328 1309 vallari
1360 1253 1468 1318 curet.

154 1359 210 1450 sip
234 1357 327 1454 eqim
350 1355 620 1453 conjuratorum
639 1353 802 1451 aliquos,
828 1377 867 1426 se
886 1353 1048 1452 proditos
1074 1358 1305 1455 suspicantes,
1330 1367 1467 1460 repen·
1510 1397 1511 1400 ¹

151 1479 262 1554 doum
280 1478 457 1578 propositi
479 1473 648 1554 indiciam
673 1474 841 1548 edituros.
896 1478 1045 1549 Gratum
1067 1477 1296 1560 Waldemaro
1315 1483 1476 1561 consili·⁴
1592 1534 1594 1540 .

153 1625 215 1678 um
230 1599 307 1686 suit
364 1583 488 1696 Cujus,
500 1597 719 1672 Roskildiam
743 1595 947 1697 linquentis,
971 1581 1133 1675 dbsalon
1155 1603 1322 1678 comitem
1347 1629 1474 1706 ageos,

153 1721 364 1818 sollicitatur
381 1745 402 1794 a
418 1720 562 1814 Carolo,
593 1723 770 1822 petitionis
786 1743 861 1794 suae
877 1739 1011 1820 partes,
1036 1745 1127 1822 quas
1147 1751 1265 1824 nuper
1282 1727 1384 1826 apud
1401 1755 1466 1804 re-

152 1871 237 1948 gem
258 1847 386 1946 egerit,
419 1845 558 1918 iterare.
618 1845 727 1939 Quod
749 1861 964 1943 exsequente
986 1870 1040 1938 eo,
1066 1847 1303 1948 respondetur
1323 1875 1345 1924 a
1368 1878 1467 1952 rege,

152 1992 273 2064 raram
295 1965 459 2058 beneficii
477 1973 624 2067 gratiam
643 1993 741 2060 esse,
771 1968 873 2069 quod
898 1974 1077 2068 accipiens
1101 1969 1291 2069 parricidio
1316 1998 1468 2072 pensare

151 2089 301 2188 studeat.
352 2093 527 2166 Praeterea
542 2093 668 2178 miram
684 2092 911 2189 quorundam
929 2097 1076 2192 ingeniis
1091 2109 1124 2166 et
1141 2092 1284 2166 fallendi
1302 2102 1467 2194 pertina-

151 2219 248 2294 ciam
283 2228 318 2288 et
339 2211 587 2310 dissimulaudi
614 2219 727 2289 inesse
765 2217 970 2288 versutiam.
1034 2217 1079 2286 Sc
1106 2213 1353 2310 nihilominus,
1384 2245 1468 2296 cum

149 2340 310 2436 primurn
332 2338 464 2413 Jutiam
486 2338 672 2428 introierit,
703 2335 875 2426 insidioso
896 2336 994 2411 militi
1014 2336 1224 2412 munificum
1246 2338 1419 2434 futurum,
1447 2368 1468 2418 a

150 2483 230 2560 quo
245 2462 411 2560 potentiae
421 2461 482 2558 jus
503 2463 539 2535 in
557 2458 593 2533 id
611 2465 763 2536 maxime
781 2457 913 2560 vulgus
934 2457 1087 2532 affectari
1103 2483 1176 2532 non
1194 2457 1342 2535 dubitet.
1392 2467 1466 2538 Ju-

149 2580 270 2676 ouada
288 2581 421 2658 Carolo
444 2585 633 2682 promissio
657 2585 784 2672 extitit,
815 2605 925 2678 quarn
943 2579 1010 2654 sibi
1028 2605 1095 2679 per
1110 2579 1329 2658 Absalonem
1347 2609 1467 2686 expo-

148 2710 255 2780 sitam
270 2707 483 2804 impensiore
500 2711 692 2806 gratiarum
708 2704 879 2786 relatione
894 2704 1192 2804 prosequebatur.
1244 2707 1358 2782 Finxit
1372 2712 1465 2784 enim

150 2833 226 2903 oris
255 2825 487 2920 hilaritatem,
518 2825 752 2926 laetitiamque
776 2827 922 2902 ellusius
945 2826 1118 2926 praetulit,
1153 2852 1261 2926 quarn
1289 2856 1360 2906 non
1393 2848 1466 2908 tam
1586 2835 1588 2840 ’

147 2947 347 3048 recipiendi
376 2949 543 3026 beneficii
576 2975 686 3050 quarn
706 2949 879 3048 implendi
896 2949 1076 3048 parricidii
1099 2949 1243 3026 affectus
1266 2958 1466 3068 progenuit,

148 3069 252 3170 quod
273 3074 308 3147 ei
327 3077 438 3172 regiae
463 3072 748 3152 dissimulationis
771 3071 942 3151 industria
956 3075 1151 3146 securitatis
1168 3075 1378 3150 incrementa
1397 3081 1466 3152 tri-

147 3192 287 3273 bueret.
344 3197 437 3272 Huic
461 3195 715 3298 postmodum²
742 3195 836 3270 forte
859 3198 1010 3270 materni
1028 3196 1085 3270 avi
1102 3195 1239 3290 Eskilli,
1278 3199 1465 3296 peridem

149 3334 340 3417 tempusa
370 3318 486 3394 Gallia
515 3320 732 3420 navigantis,
763 3319 939 3418 appulsus
978 3317 1106 3393 urbem
1132 3319 1363 3419 Ripamcum
1389 3325 1466 3397 Ca-

149 3453 242 3519 nuto
262 3439 371 3532 [ratae
395 3441 541 3542 petendi
566 3467 711 3516 causam
736 3441 898 3540 praebuit.
953 3443 1116 3533 Quorum
1139 3443 1351 3522 Benedictus
1376 3450 1467 3548 qui-

149 3561 238 3642 dam
269 3563 350 3648 solo
372 3581 475 3662 patre
497 3589 710 3662 germanus,
748 3563 813 3638 sed
841 3562 969 3660 pellice
996 3564 1129 3655 editus,
1160 3569 1266 3666 regiae
1293 3568 1466 3644 clientelae

150 3687 284 3784 sortior
315 3713 426 3787 qaam
463 3685 605 3773 fidelior
631 3709 774 3776 comes,
820 3685 1051 3760 Waldemaro
1076 3689 1201 3784 paucis
1226 3704 1309 3785 post
1327 3689 1467 3780 diebus,

150 3834 268 3910 quam
281 3811 444 3906 liiouiam
466 3813 645 3910 ingressus
663 3807 787 3902 suerat,
813 3809 848 3880 in
866 3804 1059 3907 propatulo
1077 3807 1285 3905 prandente,
1310 3816 1384 3886 sire
1399 3838 1467 3887 ce·-

145 3930 270 4008 laudae
294 3931 430 4020 fraudis
455 3933 671 4032 impatientia
687 3927 889 4022 adductus,
915 3929 980 4004 seu
1006 3929 1204 4032 parricidii,
1232 3931 1332 4030 qnod
1359 3939 1466 4034 cogi-

148 4071 308 4151 taverat,
335 4054 437 4133 furiis
459 4061 673 4150 concitatuS,
706 4051 876 4152 neglectis
897 4051 1023 4152 epulis,
1054 4051 1224 4144 cultrum,
1249 4081 1356 4154 quem
1375 4056 1476 4138 sorte·

145 4176 354 4280 prandendi
374 4181 487 4278 gratia
511 4195 732 4276 sumpserat,
763 4199 970 4273 compressa
992 4202 1119 4268 manu,
1147 4175 1220 4254 huc
1248 4194 1355 4276 atque
1378 4176 1466 4252 illac

147 4317 294 4396 actum,
324 4306 422 4379 varia
444 4302 661 4400 ancipitique
686 4301 882 4374 versatione
903 4300 1111 4400 stringebat,
1133 4297 1283 4400 perinde
1301 4323 1342 4372 ac
1357 4325 1465 4374 usum

146 4425 235 4524 ejus
255 4423 302 4514 ad
327 4421 528 4514 inferendas
551 4423 679 4522 plagas
705 4421 903 4518 agitationis
927 4425 1097 4516 exercitiis
1124 4419 1339 4520 praediscerc
1355 4427 1466 4522 cupi-

146 4571 229 4656 τηρ.
264 4535 463 4641 'latendum
485 4546 619 4624 ferrum
640 4549 721 4620 sinu
742 4542 939 4635 condebat,
963 4541 1216 4645 detectumque
1236 4568 1381 4620 rursum
1404 4543 1467 4618 di-

202 4801 431 4896 'PostmodumJ
449 4807 530 4883 Vera
551 4804 624 4880 aurai
643 4801 721 4872 tttt
745 4811 788 4884 tr.
805 4800 881 4888 disq.
905 4799 941 4868 de
962 4801 1125 4883 chronol).

1170 4917 1274 5014 (W)
