3508 5460
328 322 404 397 8OE
653 319 828 390 Htst'ott.
846 319 952 390 DAN.
970 319 1109 392 LIBER
1126 322 1218 394 XIV.

278 532 340 604 ctis
358 527 510 602 libenter
533 549 704 614 usurum,
724 543 960 616 asseverante,
987 543 1131 625 pactum
1157 553 1242 602 curn
1267 525 1434 604 hostibus
1457 527 1597 622 babuit,

166 677 169 682 ·
277 671 329 742 ut,
343 651 538 750 Walogosti
549 645 707 722 dominio
721 646 890 723 trifariam
905 647 1033 741 diviso,
1059 673 1141 748 pars
1157 675 1230 724 une
1244 649 1481 744 Tetiszlavo¹,
1506 652 1598 726 reli-

277 799 351 874 qna
367 773 588 861 Cazirnar02,
616 773 718 844 tertia
733 771 871 848 Nucleti
884 769 959 844 filio
980 772 1181 848 Priszlavo³
1216 773 1465 872 vindicaretur,
1491 780 1597 877 pira-

277 903 395 995 tisque
410 893 572 995 praedam
584 897 757 968 Danicnm
779 909 949 992 oppetere
972 893 1177 970 solitis'Peni
1197 895 1354 972 fluminis
1377 909 1467 976 ostia
1485 901 1596 976 clao-

177 1083 181 1096 .
277 1017 464 1110 detentor,
504 1019 659 1091 Henrico
690 1043 842 1116 quoque
884 1020 1141 1109 munitionum,
1181 1043 1274 1118 quas
1297 1020 1598 1118 apud-Sclaviam

277 1142 498 1230 obtinuisset,
523 1139 715 1214 incolumis
729 1142 911 1240 possessio
933 1157 1166 1238 permaneret.
1215 1145 1301 1216 Post
1326 1147 1432 1243 cujus
1455 1145 1597 1222 dt'sces-

278 1289 360 1340 sum
384 1266 532 1338 comites
558 1266 747 1354 Cazimari,
768 1279 972 1338 exterorum
997 1265 1199 1338 societatem
1228 1267 1344 1338 acrius
1367 1270 1505 1364 perosi,
1529 1270 1597 1344 sed

277 1387 414 1462 viribus
429 1411 535 1488 agere
554 1411 627 1460 non
653 1387 749 1480 ausi,
782 1389 966 1487 Rugianos
993 1387 1143 1463 assiduis
1166 1387 1268 1463 furtis
1291 1403 1435 1462 vexatos
1461 1415 1504 1464 ac
1529 1417 1599 1490 per

276 1509 460 1584 latrocinia
483 1507 529 1582 ad
553 1525 803 1608 paupertatem
827 1527 863 1583 et
890 1509 1047 1584 inediam
1072 1535 1189 1610 usque
1221 1509 1387 1586 redactos
1413 1519 1599 1589 communi

276 1633 369 1708 urbe
385 1630 557 1708 excedere
575 1631 838 1731 compulerunt.
891 1635 1049 1708 Piraticte
1064 1658 1214 1732 quoque
1235 1631 1410 1708 licentiam
1426 1638 1598 1732 tribuere,

276 1755 467 1856 modisque
483 1754 736 1852 compluribus
755 1758 863 1830 ictum
878 1755 1001 1830 soedus
1016 1781 1160 1855 rupere.

409 1877 664 1954 Postmodum⁴
680 1880 860 1980 Rugianis,
884 1894 1029 1976 recepta
1053 1902 1119 1976 per
1142 1879 1333 1952 Heun'curn
1348 1879 1495 1976 fiducia,
1522 1911 1597 1984 pa-

276 2003 351 2078 lam
366 2001 560 2077 adversum
586 2003 710 2076 Dauos
732 2003 926 2078 inimicitias
944 2001 1209 2098 profitentibus,
1231 2027 1307 2094 rex,
1330 2029 1404 2078 non
1420 2008 1597 2082 minorem

277 2129 313 2202 iu
341 2127 457 2200 emico
476 2123 665 2224 perfidiam
692 2149 801 2223 quom
815 2131 851 2197 in
867 2123 1033 2200 hostibus
1057 2123 1232 2200 levitatem
1241 2143 1436 2224 expertus,
1468 2129 1595 2203 Ankon

277 2249 497 2349 provinciam
511 2271 622 2320 verna
637 2246 860 2346 expeditione
875 2253 1020 2347 petitam
1032 2247 1194 2322 incendio
1208 2247 1402 2346 populatus
1417 2267 1481 2324 est.
1505 2249 1595 2326 Inde

278 2371 326 2446 ad
342 2385 507 2470 portum,
528 2373 618 2443 Por⁵
648 2369 695 2444 ab
723 2369 848 2446 incolis
864 2377 1075 2464 vocitatum,
1111 2395 1256 2446 cursum
1279 2370 1415 2446 direxit.
1468 2375 1595 2472 Siqui-

201 2581 203 2586 .
277 2493 371 2586 dem,
394 2517 439 2566 ne
456 2517 539 2568 cum
558 2496 730 2570 universis
743 2496 917 2594 Rugiauis
933 2517 1081 2570 manum
1102 2497 1178 2568 acie
1204 2509 1416 2585 consereret,
1439 2519 1594 2593 separa-

278 2618 341 2690 tim
355 2639 418 2690 eos
434 2616 656 2691 attentandos
671 2623 893 2713 existimans,
923 2617 1143 2692 Absaionem
1167 2633 1341 2692 nocturna
1367 2618 1597 2718 navigatione

277 2737 448 2816 Ziudram
461 2737 665 2839 praecedere
675 2741 790 2848 jubet.
843 2746 961 2838 Quem
978 2755 1019 2815 ut
1033 2743 1201 2816 continuo
1215 2739 1507 2840 subsequeretur,
1524 2767 1595 2818 cu-

279 3055 387 3121 ducem
413 3058 474 3120 hoo
497 3069 637 3143 tempore
657 3055 744 3122 firma
765 3071 796 3121 et
816 3057 908 3122 stsbi·
1012 3053 1209 3138 ¹Tetiszieoo]
1228 3053 1438 3142 Rugianorum
1452 3056 1594 3142 principi.

279 3163 317 3226 lit
340 3161 509 3226 ridebatur.
559 3163 653 3248 Cujus
678 3163 839 3229 commoda
864 3165 908 3228 its
1009 3159 1202 3244 ²Caninaro]
1219 3161 1399 3230 Wartislari
1412 3164 1488 3246 filio,
1507 3167 1597 3228 elteri

280 3267 426 3332 describit
439 3268 620 3332 Helmoldus
642 3270 660 3333 l.
676 3291 702 3335 c.
724 3271 775 3334 lib.
796 3276 823 3335 ll
841 3293 908 3357 cap.
965 3271 1077 3334 ducum
1089 3269 1282 3333 Pomeraniae
1304 3269 1473 3351 citerioris,
1503 3293 1596 3359 qoem

278 3371 316 3438 fit
337 3379 377 3438 Et
402 3375 504 3438 babuit
527 3378 589 3438 due
608 3372 790 3458 (thrlcut)
809 3405 910 3465 pacem
964 3376 1140 3462 bomsgt'nm
1161 3374 1268 3438 fecisse
1284 3377 1500 3455 Waldemsm,
1522 3377 1598 3442 terl-

279 3505 345 3544 σωκ
367 3482 578 3555 Watdamaro,
598 3507 665 3568 rege
685 3487 851 3558 Bonorum,
878 3505 911 3554 et
965 3482 1011 3548 bit
1030 3493 1136 3546 nuctot·
1158 3481 1226 3546 bid.
1246 3482 1346 3564 ttnytl.
1364 3505 1397 3569 p.
1414 3479 1492 3548 ³81.

278 3589 492 3650 celebraverunt
519 3591 663 3674 colloquia
693 3593 736 3654 ad
758 3595 910 3678 Egdoram
1012 3585 1203 3670 'PriszlcooJ
1230 3585 1396 3670 Obotrito,
1424 3589 1513 3673 quus
1534 3591 1600 3674 jem

278 3699 338 3758 sive
367 3696 472 3758 Lubt'ie
497 3720 554 3783 pro
578 3698 733 3758 conamodis
761 3704 910 3784 utrimque
964 3718 1056 3782 supra
1069 3695 1180 3781 sepius
1189 3696 1305 3758 mentio
1322 3692 1403 3760 lucta
1415 3709 1470 3775 est
1480 3697 1599 3783 quippe

279 3821 372 3866 terra.
420 3805 460 3864 Et
482 3801 564 3862 dedit
592 3825 644 3863 rex
666 3804 736 3866 duci
754 3810 908 3892 pecuniam
963 3806 1016 3890 qui
1040 3806 1121 3866 inter
1141 3805 1246 3866 Dauos
1273 3799 1389 3886 jamdiu
1426 3821 1601 3865 commors-

277 3934 430 3994 ntagnnm,
450 3931 483 3970 eo
501 3907 581 3991 qood
592 3929 775 3997 pacarentur
792 3919 911 3976 termini
963 3924 1012 3976 tus
1036 3923 1122 3974 esset.

278 4017 341 4098 ejus
358 4039 415 4102 per
445 4017 538 4100 ipsum
566 4038 585 4075 a
613 4022 779 4078 vastatione
806 4021 910 4081 Sinon·
1010 4013 1245 4094 ‘Postmodunfl
1289 4017 1382 4080 Anno
1423 4014 1601 4098 interjecto.

280 4145 353 4184 rum.
394 4125 435 4182 Et
461 4138 616 4207 coeperunt
636 4123 797 4186 inhabitari
815 4147 911 4189 omnes
965 4126 1044 4186 Saxo
1059 4122 1139 4188 enim
1153 4121 1269 4185 bellum
1284 4125 1500 4208 Norvtglcttm,
1516 4143 1600 4184 suno

279 4229 380 4289 ensuite
397 4233 501 4300 mant,
523 4251 586 4312 qaue
610 4230 654 4292 ad
678 4251 799 4312 regnum
813 4236 909 4317 perti·
967 4225 1048 4292 1165
1077 4243 1197 4314 gestum
1224 4241 1255 4292 ct
1289 4252 1380 4316 supra
1411 4239 1602 4304 tumetum,

278 4349 348 4394 nent
367 4335 541 4407 Dnnornm,
570 4359 605 4397 eo
634 4335 714 4418 quod
727 4338 839 4424 pt'ratoe
860 4339 909 4401 de·
964 4334 1015 4399 hic
1041 4337 1281 4421 praetermittsns
1317 4336 1354 4401 nd
1387 4331 1602 4421 expeditiones

269 4437 417 4522 jecisoent
437 4458 467 4504 et
481 4441 641 4527 confracte
657 4447 817 4506 stbtnnues
833 4467 910 4532 prce·
964 4442 997 4505 in
1031 4441 1164 4506 statium
1203 4463 1283 4508 enno
1330 4437 1412 4506 1166
1442 4453 1602 4528 susceptet

279 4544 397 4606 donum
436 4549 476 4608 Et
504 4550 631 4610 inierunt
656 4537 779 4637 pactum
808 4575 860 4614 ree
880 4569 911 4614 et
964 4549 1036 4613 mox
1056 4547 1176 4612 transit.

280 4650 355 4728 dux,
373 4665 421 4720 ω»
440 4673 622 4738 quascunque
636 4669 738 4738 gentes
754 4672 835 4720 terra
849 4679 912 4721 mo·
1011 4659 1166 4719 ‘Portum
1259 4651 1347 4732 Por]
1383 4657 1480 4716 Putat
1520 4651 1604 4714 Sah-

281 4760 362 4840 riqtte
381 4755 603 4842 subjugassent,
631 4764 742 4829 trt'btttn
762 4757 931 4831 sonaliter⁴
964 4761 1042 4826 mint
1064 4762 1085 4824 l.
1108 4781 1134 4824 c.
1160 4782 1193 4845 p.
1214 4756 1290 4841 201,
1313 4757 1470 4843 indigitui
1495 4758 1603 4822 tinum

275 4867 472 4952 portarentur.
965 4871 1070 4936 Prone
1089 4867 1170 4932 inter
1184 4867 1317 4952 nugim
1336 4865 1603 4932 attenuatius
