3524 5460
492 289 639 370 SVENO
659 293 714 362 lll.
765 291 1092 366 WALDEMARUS
1107 298 1131 366 Ι.
1349 295 1421 368 729

148 499 284 574 borum
307 505 414 573 ramis
436 501 471 572 iu
495 500 596 576 loros
623 500 790 592 detortis,
820 527 895 601 quo
920 507 1035 598 minus
1060 504 1201 604 lapsum
1229 505 1471 602 collideretur,

148 625 308 698 tenacius
324 625 571 710 astrinxerunt.
623 622 760 698 Eadem
784 649 853 696 uox
876 623 1035 715 Sclavos,
1063 627 1110 698 ad
1128 626 1356 702 Hallaudiam
1373 629 1472 704 mille

148 753 427 846 quingentarum
450 754 593 820 navium
612 743 724 821 classe
739 746 925 846 appulsos,
943 747 1131 848 naufragio
1147 749 1302 824 obruit¹.
1337 756 1367 824 E
1382 755 1471 852 qui-

148 867 221 942 bus
238 885 419 968 quotquot
441 874 509 942 vivi
530 871 566 940 in
583 868 682 944 littus
698 885 892 956 evaserant,
918 869 1014 944 ferro
1031 871 1214 968 periclitati
1233 892 1326 947 sunt.

281 990 449 1064 Diluculo
466 989 730 1084 Waldemarus,
748 991 989 1068 administrato
1005 1019 1071 1092 per
1086 995 1315 1069 Heshernum
1333 1000 1471 1090 viatico,
1585 1078 1589 1096 ι

148 1111 319 1200 militibus
336 1112 482 1188 abunde
505 1113 670 1205 firmatis,
696 1114 858 1188 secundo
871 1117 961 1188 mari
976 1117 1012 1186 in
1025 1118 1157 1188 lutiam
1177 1122 1348 1216 pervenit.
1402 1123 1476 1194 vt:

148 1234 304 1337 bergum
331 1260 564 1336 progressus,
590 1238 837 1334 Svenouisque
858 1235 984 1310 dolum
1008 1263 1077 1336 pro
1101 1241 1273 1312 concione
1292 1262 1470 1332 causatus,

148 1358 311 1431 omnium
327 1361 465 1432 animos
483 1355 529 1430 ad
554 1361 757 1432 uroestitiam
783 1359 983 1458 lacrymosa
1008 1361 1162 1437 fortunae
1177 1387 1253 1436 suae
1268 1366 1470 1438 narratione

148 1479 299 1554 deflexit.
368 1484 483 1579 Cujus
507 1487 689 1556 assertioni
727 1508 799 1554 uun
830 1489 948 1556 rrrinus
975 1465 1208 1558 miserationis
1237 1511 1345 1584 quam
1384 1487 1470 1562 fidei

147 1601 307 1678 vulneris
322 1607 511 1700 praeseutia
534 1604 740 1678 conciliavit.
802 1609 926 1704 ltaque
950 1609 1096 1699 nescias,
1119 1610 1280 1682 miserior
1301 1609 1407 1710 plaga
1424 1635 1471 1682 an

147 1723 285 1798 felicior
295 1725 407 1799 luerit.
460 1733 503 1800 At
519 1729 647 1820 Svenlo,
665 1727 761 1826 fugae
776 1730 855 1828 ejus
873 1729 1040 1826 opinione
1059 1747 1217 1828 accepta,
1242 1733 1383 1807 refectis
1400 1757 1470 1804 na-

147 1846 366 1945 vibus,quas
380 1866 462 1922 ante
479 1866 721 1948 quassaverat,
736 1846 996 1948 expeditionem
1012 1856 1046 1923 in
1057 1855 1187 1925 lutiam
1206 1873 1315 1952 parat.
1367 1859 1470 1930 'sune

147 1987 261 2044 trrater
287 1971 477 2045 Absalouis
504 1990 537 2044 et
560 1997 664 2046 soror
690 1975 871 2072 egregium
902 1975 1011 2048 virilis
1029 1970 1210 2048 industriae
1229 1979 1367 2050 facinus
1386 1977 1470 2049 edi-

146 2093 246 2166 dere.
295 2093 490 2192 Siquidem,
514 2113 554 2166 ut
570 2097 663 2194 regis
683 2095 864 2168 transitum
887 2116 1121 2188 morarentur,
1149 2101 1308 2198 navigia,
1335 2099 1470 2200 quibus

147 2219 306 2316 trajicere
323 2214 534 2306 destinabat,
552 2235 725 2290 nocturno
741 2235 901 2322 ternpore
916 2220 1121 2294 dissecando
1138 2239 1316 2294 curarunt.
1362 2226 1469 2314 Qua-

146 2346 230 2412 rum
245 2342 362 2413 Sveno
379 2339 556 2413 refectioni
576 2340 709 2414 diutins
728 2343 949 2431 immoratus,
975 2369 1070 2436 curn,
1085 2343 1329 2444 redintegratis
1348 2348 1469 2424 omni·
1541 2413 1544 2420 ,

145 2461 231 2552 bus,
250 2466 285 2532 in
297 2465 324 2532 F
326 2462 456 2560 ioniam
477 2468 702 2560 pervenisset,
720 2463 979 2555 Waldemarus,
997 2473 1097 2540 ocius
1113 2468 1246 2541 aernulo
1268 2494 1469 2540 oecurren-

145 2583 237 2658 dum
255 2586 476 2672 existimans,
501 2589 628 2684 primis
645 2611 726 2660 eum
745 2589 765 2658 J
770 2588 847 2660 ntiae
868 2585 1047 2662 liminibus
1072 2588 1267 2690 prohibere
1283 2592 1469 2664 constituit.

146 2711 233 2802 Quo
256 2712 409 2806 cognito,
428 2713 463 2779 in
480 2707 691 2812 Sialandiam
710 2735 748 2784 se
766 2710 922 2802 contulit,
949 2713 1100 2810 ejusque
1120 2730 1155 2786 et
1176 2716 1310 2788 Scauiae
1329 2713 1469 2814 populo

143 2857 214 2930 per
228 2830 387 2902 edictum
403 2847 594 2919 contracto,
619 2833 767 2928 privatis
783 2835 891 2906 armis
908 2834 1053 2932 publiea
1075 2837 1198 2910 miscet
1213 2837 1353 2912 auxilia.
1403 2841 1471 2908 ln-³

142 2973 245 3028 terea
268 2950 532 3045 waldemarus,
558 2956 735 3027 incertum
762 2953 848 3026 belli
879 2960 1081 3054 suspicatus
1101 2978 1285 3054 eventum,
1322 2961 1469 3058 repetito

141 3077 317 3176 Vibergo,
343 3080 487 3175 nuptias
502 3077 584 3175 agit,
610 3093 687 3150 tum
703 3094 742 3150 ut
760 3102 822 3152 eos
839 3079 975 3152 laeilius
994 3081 1074 3171 sibi,
1101 3085 1161 3181 qui
1178 3087 1316 3158 Canuto
1333 3083 1469 3156 milita-

141 3195 292 3289 verant,
317 3197 547 3298 adscisceret,
573 3217 651 3273 tum
675 3227 720 3274 ne
745 3199 996 3300 pulcherrimae
1018 3229 1161 3303 sponsae
1183 3209 1375 3282 castitatem
1394 3207 1469 3280 lro-

140 3322 362 3396 stibuslurte
377 3321 608 3396 delibandam
623 3342 790 3400 servaret.
843 3325 982 3400 Deinde
1002 3329 1225 3428 expeditione
1242 3334 1338 3406 coire
1359 3335 1470 3431 jussa,

140 3443 391 3520 Randrusium
413 3449 517 3544 petit,
542 3445 774 3540 Sialandiam,
810 3449 912 3550 quod
939 3453 1091 3525 Svenoui
1115 3455 1344 3554 receptaculo
1366 3471 1469 3546 esset,

194 3765 398 3850 'Narffragio
426 3761 535 3843 obruit]
578 3767 612 3828 ln
651 3765 777 3830 historia
838 3782 968 3829 attamen
994 3771 1117 3854 sospites
1139 3773 1169 3830 in
1186 3785 1294 3833 terram
1307 3788 1469 3835 euaserunt.

134 3869 384 3953 Iinyilingorum
407 3872 542 3935 narratio
570 3869 608 3937 de
638 3874 779 3936 evasione
839 3874 949 3935 Eadem
961 3897 1083 3962 vespero
1103 3893 1240 3938 sexcenta
1253 3879 1375 3960 navigata
1390 3879 1470 3938 Ven-

133 3975 340 4046 Waldemari
354 3977 395 4042 ita
410 3976 514 4042 linitur
528 3979 548 4040 l.
564 3997 605 4042 tat
621 3983 781 4070 Attianus
841 3980 944 4042 dorum
958 3981 1053 4063 juata
1071 3981 1279 4044 Jutatotmium
1299 3981 1414 4060 (locum
1437 3983 1469 4046 iu

132 4091 180 4150 iis
197 4107 289 4148 naues
310 4085 553 4150 submrnritraar't'
568 4089 599 4148 in
621 4089 782 4172 Wilinga-
842 4082 946 4149 littore
963 4085 1135 4148 Hellaudiae
1151 4081 1362 4174 quarendum)
1375 4093 1470 4178 μνέε-

131 4192 208 4256 ond
228 4189 326 4274 (juxa
351 4189 543 4278 probabilem
564 4191 682 4256 Snlrmii
707 4212 780 4256 cou-
844 4209 921 4254 runt.
1001 4191 1153 4257 Chronica
1191 4194 1362 4276 rhythmica
1392 4214 1469 4258 vers.

130 4299 296 4384 jectum
309 4294 345 4374 (Ι.
356 4317 383 4361 c.
395 4319 427 4382 p.
441 4293 517 4378 260)
533 4297 600 4360 haeu
617 4319 675 4361 vox
689 4299 783 4361 lslan·
841 4291 926 4360 3888
943 4319 999 4386 sq,
1019 4313 1151 4385 quatuor
1166 4300 1259 4364 millia
1279 4313 1310 4364 et
1322 4300 1471 4386 quingen·

129 4405 214 4468 dica
233 4419 297 4467 esse
313 4401 433 4467 ridetu'r
453 4401 666 4489 interpretatio
688 4405 784 4467 nomi·
844 4415 889 4466 tas
910 4424 1002 4468 nares
1027 4404 1180 4469 selavicas
1206 4403 1326 4471 letifera
1346 4407 1398 4472 illa
1415 4431 1471 4473 no-

127 4512 189 4576 nis
213 4511 343 4594 Her-aig,
359 4529 423 4595 qno
437 4508 489 4573 ille
509 4509 720 4594 appellabatur
736 4512 780 4573 lo·
843 4522 892 4574 ete
924 4506 957 4572 in
993 4511 1164 4576 Hallandiae
1195 4512 1287 4578 litore
1318 4512 1471 4600 naufragi·
1534 4556 1544 4584 ι

129 4636 213 4694 ωε,
231 4612 286 4676 ubi
309 4613 465 4678 Esberuas
487 4612 596 4680 deinde
612 4615 779 4680 Calundam
842 4637 894 4678 um
914 4613 1031 4699 iecisse,
1055 4591 1224 4682 affirmairt.
1280 4621 1341 4715 Qui
1364 4641 1469 4684 nonre-
1524 4697 1531 4704 ,
1612 4640 1617 4648 ·

126 4721 256 4788 mbem
266 4717 429 4802 condidit).
476 4723 551 4786 Inde
569 4719 781 4804 transfretave-
842 4742 894 4785 rus
912 4720 1167 4806 eademfortaaso,
1188 4745 1223 4790 aa
1240 4727 1469 4808 caeteri,aucto-

126 4845 229 4904 ruat,
246 4831 376 4894 maxima
389 4829 502 4913 quidem
519 4831 653 4918 procella
666 4835 780 4902 vexati,
841 4828 943 4911 ritate,
959 4829 1086 4896 incertae
1098 4853 1208 4919 nempe
1226 4832 1336 4913 famas,
1351 4833 1468 4901 nititur.
