3536 5462
607 331 978 408 WALDEMARUSL
1164 339 1167 346 '
1326 333 1398 412 861

136 534 345 648 objiciebat,
369 549 481 628 ratus,
505 531 593 611 niiril
611 533 769 617 hostium
791 517 945 620 fortunae
970 553 1099 643 praeter
1117 555 1270 619 mortem
1296 559 1358 622 aut
1380 571 1451 622 ca-

136 667 298 764 ptionem
317 657 454 736 residui
465 658 554 734 fore.
587 662 747 762 insignes
762 671 794 739 ei
810 667 977 768 sagittarii
992 667 1125 740 Konon
1140 681 1174 740 et
1188 667 1327 742 Cirinus
1339 668 1452 762 inere,

138 785 186 862 ab
208 787 366 862 ilenrico
395 787 432 857 in
456 779 667 860 Seianorum
695 785 862 863 auxilium
885 789 1073 864 Danomm
1100 785 1186 865 odio
1212 790 1320 866 missi.
1371 795 1454 868 liu-

138 905 317 1010 giszlavus
341 927 491 1006 qnoque
512 929 595 979 cum
610 909 841 1008 equestribus
869 912 985 1012 copiis
1010 913 1278 1012 superveniens,
1303 911 1455 1014 navigiis
1536 885 1548 910 ¹

139 1037 176 1106 in
191 1028 484 1132 supplementum
506 1025 606 1102 fratri
623 1034 849 1126 transmissis,
874 1031 1081 1126 Julinenses,
1108 1031 1311 1133 quodcum
1326 1036 1455 1111 nostris
1593 1133 1598 1144 1

140 1155 218 1230 acie
238 1179 314 1229 uon
341 1149 573 1244 condixerint,
598 1151 778 1254 ignaviam
795 1155 845 1234 eis
861 1155 1080 1258 objectando
1095 1159 1314 1259 contempsit.
1364 1161 1456 1255 Quae

139 1301 199 1354 res
222 1274 315 1352 adeo
338 1277 541 1351 dorensium
564 1277 703 1353 animos
736 1293 833 1356 mnu
856 1279 1019 1373 coniecit,
1043 1297 1082 1358 ut
1101 1279 1322 1357 Absalonem
1345 1281 1456 1356 veluti

141 1403 314 1476 concione
336 1397 590 1476 circumdatum
606 1397 728 1499 palam
746 1401 915 1479 conviciis
938 1401 1087 1506 aggredi
1108 1401 1271 1480 deforme
1285 1429 1359 1479 non
1376 1403 1455 1480 du-

142 1538 276 1616 cerent,
298 1523 378 1624 ejus
400 1521 526 1599 ductui
548 1523 786 1621 imputantes,
819 1523 921 1626 quod
944 1529 1102 1627 propriae
1122 1525 1353 1604 festinationis
1377 1529 1456 1604 im-

142 1645 254 1747 pulso
269 1647 529 1722 commiserant
554 1645 770 1742 Quinetiam
783 1645 1008 1724 muliebriter
1023 1666 1058 1724 et
1068 1649 1173 1750 quasi
1183 1673 1250 1748 per
1257 1648 1457 1726 lamentum

144 1771 251 1870 queri
274 1782 475 1870 coeperunt,
499 1765 586 1843 olim
612 1793 737 1870 regum
762 1767 907 1844 consilia
928 1767 977 1844 ad
1002 1767 1193 1847 illustrium
1212 1773 1371 1848 virorum
1388 1799 1457 1850 ar·

143 1893 293 1970 bitrium
306 1890 533 1992 pependisse,
553 1919 651 1970 nunc
669 1899 706 1967 in
722 1889 938 1970 stolidissimi
955 1895 1132 1995 cujusque
1147 1897 1289 1972 monitis
1305 1915 1458 1974 senten-

143 2019 264 2118 tiaque
281 2017 480 2091 consistere.
530 2017 724 2092 Enimvero
739 2017 852 2093 Danis
873 2041 917 2118 eo
933 2016 1002 2093 loci
1020 2023 1231 2118 perventum
1247 2041 1337 2113 esse,
1362 2019 1460 2096 unde

144 2135 280 2214 reditus
296 2161 382 2239 spes
408 2137 663 2239 praesumenda
684 2165 759 2215 non
781 2143 835 2217 sit.
895 2139 1141 2237 Quamobrem
1165 2165 1285 2240 pauca
1306 2147 1460 2246 navigia,

146 2259 281 2362 quibus
301 2287 364 2336 rex
384 2285 427 2336 ac
448 2261 629 2362 principes
643 2261 755 2337 dilabi
770 2276 928 2368 possent,
953 2261 1104 2364 publico
1121 2265 1308 2338 conamine
1323 2265 1459 2342 extrahi

147 2400 327 2488 oportere,
341 2385 585 2460 neDanorum
597 2385 690 2461 vires
699 2409 742 2490 ac
755 2411 888 2462 nomen
903 2411 976 2461 uno
987 2385 1158 2484 temporis
1169 2403 1352 2462 momento
1367 2389 1461 2465 fun-

149 2505 246 2584 ditus
268 2505 541 2584 collaberentur.
590 2511 710 2604 Quam
725 2512 988 2584 insectationem
1002 2505 1163 2583 Absalou
1178 2508 1271 2585 adeo
1285 2515 1463 2611 patienter

149 2657 193 2709 nc
218 2629 404 2708 moderate
429 2629 521 2724 tulit,
546 2648 587 2707 ut
606 2627 696 2706 nihil
717 2658 762 2709 ex
785 2645 958 2709 consueto
982 2633 1107 2706 mentis
1123 2648 1186 2706 ant
1204 2631 1322 2709 vultus
1337 2631 1462 2712 babitu

150 2754 335 2856 deponere
365 2751 567 2851 videretur3
589 2754 702 2857 idque
726 2753 845 2832 solum
870 2779 1018 2830 monere
1043 2770 1229 2832 contentus
1244 2755 1319 2851 fuit,
1344 2773 1462 2836 utens

149 2895 290 2955 tantum
309 2875 358 2952 ad
376 2903 535 2978 praesens
551 2903 658 2956 voces
673 2875 945 2980 profunderent,
968 2901 1123 2979 quarum
1137 2879 1175 2952 in
1190 2877 1313 2954 futuro
1328 2882 1463 2954 memi-

149 3003 247 3078 nisse
277 3025 351 3076 non
382 2998 529 3102 pudeat
589 3003 683 3075 Huic
716 2999 808 3076 forte
831 2999 1082 3078 obtrectationi
1110 3002 1240 3078 Scorro
1264 3004 1464 3103 Wagnonis

148 3123 246 3199 filius
261 3125 509 3217 interveniens,
531 3124 691 3224 primum
713 3121 765 3198 ob
788 3121 958 3199 confusas
980 3121 1108 3224 populi
1126 3147 1244 3217 voees,
1274 3127 1466 3226 cujusnam

150 3251 206 3324 rei
219 3251 354 3322 mentio
369 3245 577 3339 haberetur,
602 3243 743 3346 liquido
761 3241 929 3321 exaudire
950 3271 1024 3321 non
1041 3247 1166 3348 potuit.
1217 3251 1262 3322 At
1279 3245 1356 3339 ubi,
1380 3273 1466 3324 ces-

150 3387 253 3447 sante
277 3372 398 3472 jurgio
423 3372 647 3470 remissoque
663 3369 826 3470 strepitu,
848 3366 1069 3444 Absalonem
1085 3367 1262 3444 maledico
1276 3375 1466 3445 astantium

150 3520 319 3574 sermone
343 3493 494 3568 lacerari
517 3495 698 3594 cognovit,
723 3490 902 3592 Desipitis,
926 3491 1052 3592 inquit,
1076 3493 1346 3586 commilitones
1371 3493 1466 3592 piis-

151 3619 232 3695 simi
256 3641 301 3693 ac
323 3614 549 3692 valentissimi
575 3615 643 3690 viri
668 3611 892 3705 industriam,
918 3627 1091 3713 tanquam
1105 3615 1222 3691 scelus
1236 3611 1387 3716 aliquo'd
1404 3632 1467 3692 aut

149 3741 338 3842 flagitium,
362 3737 741 3816 obscoenaverborum
757 3733 953 3837 petulantia
973 3737 1231 3835 proculcando,
1245 3741 1470 3839 ignarasque

150 3879 189 3940 et
206 3861 367 3964 indignas
383 3861 536 3938 fortibus
550 3888 659 3939 voces
673 3865 710 3942 in
727 3861 808 3966 ejus
830 3859 1031 3936 conantum
1051 3857 1275 3935 muliebriter
1289 3857 1467 3962 jaciendo.

149 3992 282 4090 Neque
304 3987 400 4062 enim
416 4003 596 4064 strenuam
612 4011 655 4061 ac
671 3983 801 4061 fortem
818 4007 965 4084 operam
988 3981 1109 4084 iniqua
1126 3983 1357 4060 estimatione
1371 4009 1468 4084 pen-

149 4133 236 4188 sare
261 4113 316 4186 ias
339 4127 402 4187 est
451 4111 537 4213 Ipso
557 4107 739 4216 siquidem
764 4105 913 4186 duotore
939 4131 1000 4184 eas
1016 4123 1193 4184 terrarum
1216 4114 1347 4208 partes
1360 4107 1469 4184 armis

149 4235 399 4328 lustravimus,
424 4259 517 4336 quas
542 4257 588 4310 ue
608 4239 770 4335 aspicere
784 4229 933 4335 quidem
946 4228 1148 4333 majoribus
1165 4234 1295 4308 nostris
1312 4231 1469 4332 contigit.

146 4430 238 4498 8⁸¹⁰
257 4426 361 4498 faetet
386 4427 454 4514 ejus
471 4424 623 4494 intellexit
640 4423 785 4492 meridio-
839 4424 908 4492 ebio
919 4421 1109 4490 discinditur.
1134 4419 1367 4492 Observandum
1378 4422 1470 4505 enim,

145 4533 252 4612 naias,
268 4530 339 4596 ''ubi
354 4533 422 4600 lacu
434 4533 484 4616 (aa
504 4532 554 4600 die
567 4553 672 4620 morto
688 4532 785 4616 Heli)
840 4533 967 4599 obstem
978 4531 1139 4612 Danioam,
1159 4529 1198 4594 ad
1221 4530 1352 4596 insulam
1370 4530 1470 4596 Grion

145 4639 306 4709 emanat.”
352 4639 414 4706 iiio
431 4659 507 4706 roro
524 4639 634 4706 eodem
655 4635 790 4706 vocabu-¹
845 4649 931 4704 toam
952 4650 1026 4703 tunc
1049 4637 1242 4719 collocatum,
1259 4635 1472 4702 inderedeun·

146 4749 187 4813 io
214 4743 300 4810 iiiam
329 4747 433 4813 iocum
454 4746 588 4830 indicat,
615 4747 669 4811 ubi
689 4746 785 4812 amnis
844 4758 908 4810 tem
929 4745 1092 4810 Sluromm
1121 4747 1248 4812 classem
1277 4739 1471 4833 anteoffen·

146 4850 284 4937 objectu
301 4852 410 4938 insulas
423 4852 571 4922 Grimtom
590 4853 623 4918 in
639 4851 701 4920 duo
716 4853 785 4920 bra·
844 4851 933 4938 disse,
955 4873 1047 4942 quun
1066 4851 1201 4921 infinum
1223 4841 1349 4922 reniret
1399 4849 1405 4867 ‘
