3508 5460
378 297 451 372 822
688 295 864 364 tttsrott.
890 295 996 364 DAN.
1020 293 1158 364 LlBER
1182 299 1272 368 xtv.

325 507 464 578 Haecin
487 504 626 578 excelso
644 506 875 602 promontorii
901 503 1090 603 cujusdam
1108 506 1237 576 vertice
1264 502 1448 595 collocata,
1475 506 1524 578 ab
1547 524 1635 596 ortu,

324 627 472 702 meridie
497 642 531 698 et
560 627 730 724 aquilone
755 652 828 699 non
854 627 1098 717 manufactis,
1133 625 1196 700 sed
1222 625 1446 702 naturalibus
1465 629 1634 726 praesidiis

325 749 501 840 munitur,
536 750 732 848 praecipitiis
758 751 932 824 moenium
954 752 1111 847 speciem
1141 747 1435 846 praeferentibus,
1479 777 1633 850 quorum

326 897 497 945 cacumen
521 895 678 944 excussae
705 887 883 944 tormento
911 875 1046 970 sagittae
1070 874 1186 970 jactus
1211 896 1356 968 aequare
1386 897 1457 946 non
1490 877 1631 972 possit¹.
1689 911 1691 916 v

239 1067 248 1086 l
325 995 380 1067 Ab
393 992 518 1066 iisdem
534 1017 683 1091 quoque
699 990 813 1091 plagis
830 994 1039 1066 circumfluo
1058 1000 1145 1065 mari
1165 995 1321 1090 sepitur;
1337 995 1384 1066 ab
1405 1021 1535 1070 occasu
1553 1024 1633 1070 vero

324 1117 421 1192 vallo
442 1115 843 1215 quinquagintacubitis
869 1115 940 1188 alto
964 1115 1225 1207 concluditur²‚
1253 1122 1359 1217 cujus
1386 1120 1533 1192 inferior
1554 1145 1631 1192 me-

325 1240 433 1314 dietas
449 1257 564 1312 terrca
579 1253 663 1330 erat,
689 1245 854 1336 superior
869 1237 965 1336 ligna
982 1239 1098 1338 glebis
1117 1243 1271 1314 intersita
1296 1242 1507 1315 continebat.
1567 1246 1630 1314 Se·-

325 1360 562 1462 ptentrionale
583 1363 662 1458 ejus
678 1358 770 1434 latus
790 1361 885 1432 fonte
902 1364 1035 1459 irriguo
1058 1349 1178 1452 scatet,
1204 1362 1252 1435 ad
1271 1389 1380 1462 qoem
1403 1367 1527 1436 muniti
1542 1365 1631 1436 enl-

325 1485 369 1558 lis
384 1483 559 1556 beneficio
574 1481 767 1581 oppidanis
787 1489 852 1555 iter
866 1483 1017 1581 patebat.
1068 1486 1184 1581 Hujus
1200 1487 1384 1582 quondam
1400 1491 1547 1580 Ενίοιιξ3
1570 1513 1630 1560 usu

325 1606 512 1682 violentius
528 1603 730 1696 intercluso,
755 1629 827 1677 non
843 1605 957 1678 levius
971 1607 1025 1677 siti
1044 1631 1152 1702 quam
1176 1611 1281 1682 armis
1301 1609 1466 1683 obsessos
1484 1637 1629 1707 preme-

326 1733 398 1806 bat.
449 1728 609 1802 Medium
625 1728 725 1801 urbis
740 1727 907 1826 planicies
927 1726 1156 1838 habebatgin
1172 1757 1245 1828 qua
1271 1729 1462 1804 delubrum
1490 1735 1629 1804 materia

324 1857 493 1956 ligneum,
519 1879 629 1951 opere
645 1851 942 1953 elegantissimum
958 1853 1149 1946 visebatur,
1174 1879 1245 1947 non
1265 1853 1380 1928 solum
1398 1854 1629 1954 magnificen-

325 1982 372 2050 tia
388 1976 519 2066 cultos‚
537 1974 600 2047 sed
617 1977 719 2047 etiam
737 1973 916 2047 simulacri
932 1976 1027 2048 ineo
1045 1975 1209 2049 collocati
1224 1979 1370 2048 numine
1387 1977 1628 2051 reverendum.

325 2101 486 2172 Exterior
508 2096 593 2170 aedis
617 2095 769 2168 ambitus
800 2114 964 2170 accurato
994 2097 1176 2171 caelamine
1200 2098 1388 2189 renitebat,
1422 2099 1501 2174 rudi
1530 2117 1628 2197 atque

325 2221 484 2320 impolito
501 2223 650 2319 picturae
665 2217 811 2292 artificio
820 2225 932 2294 varias
948 2246 1066 2292 rerum
1079 2220 1491 2320 formascomplectens⁴.
1542 2223 1627 2295 Uni-

212 2607 216 2610 ,
325 2531 471 2597 montorii
490 2530 601 2594 orienti
625 2531 755 2616 proximi
783 2530 950 2614 peninsulae
1050 2533 1161 2594 ²Vallo
1256 2531 1451 2612 concluditur]
1483 2531 1625 2617 Reliquiae

327 2642 451 2703 Wt'ttow
469 2635 542 2716 sita,
568 2659 585 2699 n
610 2613 729 2700 Saxone
754 2638 876 2723 quidem
896 2659 951 2698 sae-
1006 2635 1124 2720 aggeris
1138 2635 1218 2698 hand
1232 2659 1340 2721 parom
1353 2640 1561 2722 prominentes
1575 2638 1625 2700 eti·

326 2748 394 2833 pius
414 2745 486 2808 urbe
508 2756 556 2820 et,
577 2743 629 2827 qni
650 2764 724 2824 earn¹
738 2741 951 2820 defendebant,
1006 2763 1054 2802 am
1089 2761 1169 2803 nuno
1197 2743 1239 2805 ibi
1263 2745 1407 2806 verticem
1429 2745 1626 2831 promontorii

327 2852 539 2917 Archonenses
568 2862 599 2911 et
626 2848 772 2935 oppidani
799 2849 952 2933 appellan·
1007 2847 1044 2908 ab
1061 2847 1218 2910 occidente
1240 2848 1377 2912 anfractu
1392 2871 1479 2934 paene
1499 2851 1625 2914 semicir-

325 2972 386 3022 tnr.
428 2955 489 3021 Sed
516 2976 552 3018 ex
578 2957 671 3040 ipsius
698 2955 816 3032 verbis,
843 2953 951 3038 quibus
1006 2955 1101 3018 colari
1122 2956 1278 3038 cingentes
1300 2958 1446 3018 visuntur.

325 3063 406 3126 infra
426 3062 463 3126 de
484 3059 558 3126 urbe
578 3063 721 3126 Ilarentia
741 3062 884 3150 loquitur,
905 3081 951 3124 se·
1052 3061 1193 3139 3Ενὶειω]
1223 3065 1331 3125 Eriens
1358 3083 1417 3130 rex
1451 3063 1624 3148 cognomine

325 3169 378 3256 qni
406 3167 543 3244 ridetur,
579 3170 710 3231 Anconae
744 3167 825 3230 haud
852 3169 951 3247 eliam,
1004 3172 1118 3239 Emere,
1145 3166 1231 3250 eujus
1258 3189 1436 3254 prosperam
1464 3167 1623 3252 expeditio·

325 3297 416 3362 quam
428 3272 590 3350 llarentiae,
604 3269 695 3336 luisse
708 3275 866 3336 rationem.
894 3277 953 3336 lta·
1005 3293 1073 3336 nem
1095 3273 1235 3336 adversus
1253 3279 1442 3337 Arconenses
1461 3283 1622 3356 susceptam

326 3401 385 3466 que
405 3381 531 3443 Arcena
554 3379 654 3461 potins
684 3381 768 3444 locos
795 3396 860 3445 crat
887 3405 951 3445 mu·
1003 3401 1095 3462 snpra
1116 3388 1197 3463 (pag.
1208 3375 1268 3440 661
1283 3379 1342 3463 sq.)
1363 3378 1534 3441 enarrando
1550 3379 1623 3440 Saxo

324 3489 418 3564 nitus,
445 3485 593 3568 religione
619 3484 726 3569 templi
747 3489 792 3549 sui
813 3487 951 3567 celebris,
1005 3497 1104 3548 tamen
1125 3487 1238 3546 nullam
1265 3486 1355 3568 hujus
1386 3483 1480 3547 lentis
1502 3485 1623 3547 mentio·

324 3593 407 3678 pacis
428 3589 549 3675 quidem
569 3603 708 3676 tempore
734 3593 842 3656 incolis
863 3615 950 3678 paene
1005 3613 1074 3654 nem
1095 3592 1209 3653 intulit.

324 3717 455 3775 vacuus,
483 3694 662 3772 habitaculis
684 3717 756 3762 vero
776 3699 883 3784 ligneis
903 3720 950 3763 re·
1050 3704 1211 3760 *Externa
1227 3698 1298 3758 ndis
1319 3699 1441 3761 ambitus
1462 3746 1491 3761 ..
1510 3707 1622 3784 formos

323 3801 440 3881 fertus,
461 3823 522 3886 quo
544 3800 761 3887 confugiebant
780 3805 853 3868 belli
874 3821 951 3869 tem·
1004 3801 1203 3890 complectens]
1217 3805 1358 3886 Scriptor
1371 3825 1544 3886 anonymus,
1562 3801 1622 3888 qni,

324 3929 401 3995 pore
429 3907 539 3969 incolas
564 3919 656 3970 terrae
684 3910 810 3990 ricinae,
840 3927 874 3976 ut
892 3913 948 3976 sub
1005 3909 1622 3994 Ottonem,epise.Bambergensem.apo·

323 4012 463 4097 auspiciis
477 4011 524 4074 dei
534 4014 671 4076 tutelaris
681 4035 713 4077 sc
733 4017 771 4078 ab
790 4018 877 4080 hoste
899 4016 950 4081 de·
1002 4017 1115 4078 stolum
1129 4019 1368 4094 Pomeranornm
1383 4016 1509 4093 dictum,
1529 4017 1557 4078 in
1572 4013 1622 4076 iti-

324 4117 494 4182 senderent.
551 4121 627 4212 Quae
656 4121 794 4184 nonnulli
820 4124 949 4185 somnia·
1002 4120 1210 4208 neribus-ejus
1231 4121 1269 4183 ad
1285 4122 1464 4206 religionem
1485 4118 1622 4186 Christia-

323 4236 411 4302 rnnt,
430 4226 581 4290 Arcenam
602 4227 675 4288 olim
695 4247 837 4310 magnum
858 4224 949 4290 luisse
1001 4249 1070 4290 nam
1096 4228 1176 4290 inter
1202 4231 1389 4291 Pomeranos
1417 4225 1621 4312 divulgandam

324 4339 355 4390 et
375 4330 552 4413 opulentum
578 4334 764 4417 emporium,
788 4331 850 4416 jam
870 4335 946 4397 situs
1001 4333 1086 4398 annis
1116 4329 1213 4410 1124,
1243 4331 1323 4397 1125
1344 4347 1375 4396 et
1405 4333 1486 4398 1199
1505 4333 1622 4398 comita·

323 4431 414 4516 hujus
435 4436 493 4496 loci
513 4437 676 4525 redarguit.
1003 4451 1062 4516 tus,
1083 4440 1174 4502 vitam
1196 4439 1286 4522 hujus
1307 4441 1403 4505 sancti
1423 4441 1482 4504 riri
1498 4433 1621 4504 canori·

371 4543 381 4576 ¹
403 4543 532 4624 Quorum
559 4571 692 4610 cacumen
712 4593 735 4610 ..
757 4572 814 4610 non
837 4545 946 4634 possit]
1003 4545 1074 4631 psit,
1089 4557 1207 4630 perlem
1222 4560 1376 4610 externam
1389 4539 1622 4632 aetlispritnttiae

325 4645 475 4708 Cacumen
494 4647 585 4732 hujus
611 4655 815 4735 promontorii
837 4653 949 4717 ducen-
1003 4652 1196 4714 Stertinensis
1217 4651 1283 4716 fere
1309 4653 1400 4716 simili
1425 4633 1516 4716 modo
1535 4667 1621 4710 ornn-

323 4763 372 4812 tos
401 4751 521 4816 circiter
547 4753 638 4838 pedes
666 4781 756 4844 supra
786 4781 867 4823 mare
887 4761 948 4824 ela·
1002 4769 1065 4820 tam
1085 4756 1187 4838 fuisse,
1209 4757 1341 4821 ostendit
1361 4758 1431 4821 libr.
1452 4763 1485 4821 il.
1504 4747 1620 4839 cap3¹

324 4867 390 4918 tum
411 4869 465 4920 ese
1002 4861 1173 4946 (Lndeuig
1193 4865 1389 4951 Scriptller.
1410 4856 1620 4950 Episessamb·
1733 4889 1734 4978 p
