3582 5466
366 289 442 366 582
713 283 887 354 tttstott.
903 284 1008 354 DAN.
1024 284 1161 354 LIBER
1178 287 1237 356 Xl.

321 503 379 590 cti,
393 494 621 596 postmodum
641 493 792 570 amultis
808 510 940 567 temere
956 500 1154 592 pertentati,
1164 492 1392 569 vetusadhoc
1406 498 1496 570 ratio
1503 519 1633 594 perse-

322 635 430 697 verat.
481 623 557 694 Rex
575 645 673 708 vero,
690 641 805 716 quum
819 619 855 688 in
870 616 1038 690 omnibus
1053 634 1174 691 sancte
1190 641 1229 690 se
1243 615 1635 718 industriequegessls-

322 735 387 833 set,
410 747 593 840 praecipue
617 740 797 838 religionis
825 744 969 812 caritate
993 745 1228 838 conspicuum
1254 739 1427 837 praebuit,
1460 765 1527 814 nec
1560 765 1636 814 un-

323 889 433 962 quam
450 879 606 958 remotos
622 862 669 934 ab
687 864 908 936 exactissimo
924 864 1005 960 ejus
1027 859 1126 932 cultu
1147 859 1275 934 oculos
1290 861 1428 936 habuit.

456 989 525 1080 Qui
540 1009 624 1057 cum
639 983 786 1058 fratrum
803 1009 952 1060 suorum
968 980 1147 1072 turbam¹,
1164 983 1365 1081 juveniliter
1389 987 1637 1085 intemperan-

322 1115 540 1208 tem,patriae
558 1105 756 1178 admodum
786 1123 950 1180 onustam
977 1103 1132 1195 videret,
1157 1105 1266 1204 largis
1295 1107 1545 1206 uberibusque
1567 1114 1636 1181 sti-

321 1229 462 1332 pendiis
476 1230 606 1318 alitam,
633 1254 705 1302 uno
722 1228 892 1300 duntaxat
914 1227 1026 1302 Olavo
1052 1227 1196 1301 Slesvici
1222 1231 1385 1329 partibus
1412 1230 1638 1329 praesidente,

321 1357 357 1430 in
376 1352 574 1428 clientelam
589 1356 793 1450 assumpsit,
817 1375 859 1422 ac
877 1350 1065 1448 publicum
1081 1350 1224 1448 pondus
1244 1359 1385 1452 privato
1411 1353 1543 1426 levavit
1564 1359 1637 1426 im-

323 1476 466 1577 pendio.
533 1473 694 1549 Tandem
718 1477 903 1546 Danorum
926 1497 1070 1565 nomen,
1095 1481 1202 1551 armis
1218 1480 1252 1546 in
1275 1474 1447 1548 desidiam
1473 1471 1638 1548 cadenti-

255 1603 258 1610 ’
323 1602 406 1691 bus,
432 1624 452 1672 a
470 1600 607 1697 paterni
622 1595 809 1670 avunculi²
828 1596 1051 1692 temporibus
1066 1597 1237 1672 obrutum
1255 1595 1545 1672 animadvertenti
1562 1621 1637 1670 no-

323 1721 523 1800 vandarum
540 1745 662 1793 rerum
676 1717 809 1816 cupido
828 1718 1018 1816 subrepsit.
1080 1724 1199 1818 thue
1222 1723 1302 1816 ejus
1327 1723 1485 1792 animum
1509 1721 1638 1791 certius

325 1859 614 1947 repraesentaret,
653 1868 726 1916 non
749 1858 935 1916 contentus
959 1841 1076 1914 studia
1096 1867 1162 1914 sua
1194 1842 1424 1917 orientalibus
1450 1839 1638 1914 decorasse

325 1967 499 2053 victoriis,
531 1965 706 2068 Angliam,
728 1964 925 2038 infelicitate
948 1968 1125 2058 amissam,
1140 1963 1353 2040 haereditatis
1376 1964 1473 2040 duxit
1495 1966 1639 2044 nomine

323 2086 590 2191 repetendam³.
639 2087 833 2163 Recolebat
851 2090 956 2176 enim,
973 2086 1140 2165 bellicam
1159 2089 1337 2186 majorum
1351 2087 1502 2188 gloriam
1528 2109 1637 2161 cum-

325 2235 398 2310 que
422 2211 556 2312 opibus
570 2213 709 2311 imperii
722 2210 811 2285 fines
832 2208 933 2284 nullo
950 2213 1064 2310 magis
1086 2235 1197 2309 qoam
1222 2209 1376 2310 Anglicis
1400 2214 1555 2286 crevisse
1586 2211 1637 2282 ti-

324 2524 369 2586 roi
388 2525 546 2608 vestigium
560 2525 738 2610 reliquisse?
759 2528 858 2590 Docet
872 2547 952 2611 prar-
1014 2524 1143 2608 imperio
1160 2520 1286 2588 Haraldi
1305 2524 1384 2588 Heio
1404 2523 1507 2586 turbas
1528 2522 1638 2584 excita-

303 2615 410 2696 ¹tetrae
431 2645 607 2708 contextus,
622 2634 770 2696 Saxonum
794 2635 854 2698 boc
882 2636 952 2697 loco
1015 2642 1131 2708 verant,
1152 2632 1226 2714 quin
1239 2628 1315 2693 adeo
1329 2631 1460 2713 patriam
1473 2627 1638 2713 aliquando

323 2759 388 2802 aon
402 2737 509 2801 uiride
525 2736 692 2822 privilegiis
706 2740 892 2824 templorum
908 2761 953 2802 aa·
1014 2735 1151 2819 linquere
1174 2737 1273 2799 coacti
1304 2736 1425 2800 strarant
1448 2735 1639 2818 (linytlioga

325 2842 544 2929 oerdotomque
574 2843 676 2928 loqui,
708 2857 739 2906 et
775 2847 953 2908 nominatim
1013 2861 1084 2925 sega
1098 2865 1126 2926 p.
1158 2839 1230 2920 922,
1250 2843 1338 2926 epist.
1358 2842 1500 2927 Gregorii
1519 2844 1576 2906 Vll
1600 2840 1639 2904 ad

326 2963 398 3016 ante
434 2950 540 3013 oculos
576 2948 717 3012 habuisse
763 2949 953 3015 dotationem
1013 2967 1117 3032 regem
1140 2949 1271 3014 Olrvurn
1287 2949 1369 3034 apud
1390 2949 1485 3016 Suhm
1504 2947 1585 3012 ilict.
1606 2944 1638 3010 al

327 3055 445 3141 templo
461 3055 615 3118 Landensi
633 3053 754 3118 lectam.
795 3061 893 3142 Leges
906 3058 952 3120 in·
1013 3055 1122 3118 Doara.
1140 3058 1200 3120 vol.
1219 3060 1261 3123 tv
1274 3079 1305 3140 p.
1318 3052 1403 3134 590).

326 3160 440 3244 telligit
461 3160 581 3223 decreta
601 3161 664 3223 sire
685 3181 738 3240 ca,
756 3185 826 3248 qoae
840 3165 951 3228 instru-
1059 3166 1071 3200 ²
1087 3165 1213 3256 Pate-gai
1228 3159 1375 3238 avunculi]
1399 3161 1433 3225 ld
1452 3175 1507 3240 est,
1530 3164 1640 3226 Canuti

326 3281 430 3332 mento
454 3266 624 3330 donationis
648 3271 866 3350 constituerat,
890 3269 952 3333 edi·
1012 3267 1123 3352 Magni.
1178 3266 1268 3354 Apud
1297 3268 1469 3332 Sucronem
1502 3271 1641 3354 Aggonis

256 3377 274 3400 “
326 3386 411 3436 mora
439 3391 512 3436 vero
549 3374 695 3457 iutelligit
728 3373 863 3460 diploma
890 3377 952 3461 jam
1014 3393 1081 3457 cap.
1095 3377 1139 3441 vt
1160 3373 1224 3438 lere
1248 3371 1353 3436 eadem
1372 3375 1516 3459 leguntur
1529 3378 1639 3440 rerba:

325 3480 437 3563 sapius
451 3493 731 3544 commemoratum.
772 3483 911 3568 Denique
927 3486 953 3548 si
1010 3488 1135 3568 paterni
1148 3488 1197 3545 rui
1211 3485 1349 3544 warranti
1361 3507 1391 3544 se
1405 3484 1498 3546 doluit
1515 3485 1639 3548 eriere·

326 3588 389 3650 hoc
398 3586 584 3672 inspicimus,
597 3589 696 3651 omnis
704 3589 826 3651 tollitur
836 3588 954 3652 dobita·
1015 3588 1116 3649 datum
1129 3593 1270 3673 potentia.

321 3693 387 3774 tio;
400 3715 470 3756 narn
482 3692 514 3754 in
528 3711 565 3754 co
579 3696 795 3774 execrationes,
804 3717 878 3780 quas
892 3715 954 3759 me·
1061 3697 1221 3778 'Anglr'om
1241 3739 1266 3755 ..
1290 3695 1375 3756 duxit
1397 3740 1420 3754 ..
1441 3691 1640 3781 repetendam]

325 3798 457 3862 morarit
472 3801 593 3878 Noster,
607 3799 655 3864 his
670 3801 770 3866 verbis
792 3817 954 3886 conceptas
1015 3801 1061 3862 Da
1101 3799 1193 3862 hacce
1226 3799 1418 3884 expeditione
1449 3801 1537 3883 plura
1572 3799 1641 3864 ride

326 3905 468 3990 legimus:
482 3907 517 3968 Si
531 3912 595 3990 puri
604 3927 776 3996 prepotens,
793 3913 897 3972 nobilia
910 3915 956 3973 orl
1014 3902 1094 3988 apud
1109 3906 1289 3970 AElnothum
1305 3908 1384 3970 Hirt.
1397 3911 1427 3971 S·
1451 3908 1560 3970 Canuti
1574 3924 1641 3990 cap-

326 4013 474 4094 r'gnodr‘lrr‚
496 4029 585 4074 natas
599 4017 647 4074 uel
659 4037 717 4074 non
733 4032 834 4088 natas,
854 4031 955 4077 contat-
1015 4013 1068 4088 Xl,
1085 4014 1150 4089 ΧΠ,
1165 4012 1277 4096 Script.
1297 4033 1356 4076 rer.
1371 4017 1449 4076 Dan.
1469 4013 1530 4076 vol.
1545 4015 1585 4074 ΙΙΙ
1609 4033 1639 4095 p.

326 4122 403 4178 maci
420 4121 542 4198 aflatus
564 4120 690 4182 audacia
718 4137 820 4182 eontra
845 4137 954 4182 sanctae
1012 4111 1159 4194 346650,
1173 4132 1204 4182 et
1218 4119 1296 4182 Hist.
1309 4121 1502 4204 linytlingor.
1521 4141 1552 4203 p.
1565 4113 1641 4182 242-

327 4223 477 4305 raelr'grbnir
490 4227 674 4310 propositam
696 4224 783 4304 husos
806 4229 892 4312 pacti
903 4227 953 4288 de·
1013 4217 1083 4284 244.
1125 4225 1191 4286 Rex
1211 4228 1382 4311 Noraegiae,
1403 4227 1517 4292 Olaatts
1535 4225 1641 4306 Hyrre,

325 4341 436 4389 meum
456 4332 567 4391 obtare
594 4331 753 4400 studuerit,
769 4337 808 4392 sit
833 4333 953 4394 aoatloe·
1015 4331 1135 4393 Canuto
1154 4312 1306 4416 sexaginta
1331 4353 1422 4396 nares
1439 4334 1544 4414 longas
1559 4331 1640 4394 aoxi-

326 4457 389 4506 Μ,
407 4438 603 4508 macenariam
617 4441 657 4498 sit
675 4439 817 4524 supplicio
830 4440 953 4524 deputa·
1012 4436 1056 4498 lio
1073 4436 1155 4500 misit
1176 4437 1271 4512 (Hist.
1292 4460 1357 4524 rege
1375 4443 1508 4522 Norteg.
1522 4439 1583 4500 vol.
1601 4440 1642 4501 lli

327 4557 375 4602 trra
387 4555 508 4611 aterno,
527 4543 577 4602 uta·
588 4549 693 4604 vermis
706 4565 764 4604 aon
785 4548 910 4604 moritur
923 4563 952 4606 et
1011 4539 1218 4628 p.18418[i);
1229 4546 1338 4608 auxilia
1352 4565 1476 4630 qaoque
1485 4544 1640 4608 liebertus

318 4653 406 4730 ⁴ignia
439 4669 497 4708 aon
521 4652 736 4729 eartmgoirarr
764 4651 828 4735 scat
855 4673 952 4716 measa
1011 4667 1112 4711 comes
1140 4649 1291 4716 Flandriae
1314 4652 1505 4736 promiserat.
1542 4648 1642 4729 (Wit-

321 4755 388 4836 eju
407 4770 461 4834 ete.
480 4771 535 4816 etc.
1011 4755 1128 4818 belmas
1139 4757 1412 4824 blalmeaburmdit.
1426 4751 1642 4834 sarilfolffl,

372 4864 530 4924 'Fratrum
551 4857 679 4944 turbam]
699 4861 741 4924 Hi
757 4858 866 4924 fratrer
894 4862 950 4926 sub
1012 4861 1124 4924 Chaon.
1142 4863 1249 4927 Saron.
1264 4865 1302 4930 ad
1318 4889 1365 4930 en.
1379 4863 1578 4944 utxxttv).
