3632 5466
749 279 984 350 NlCOLAUS.
1400 281 1472 356 633

208 490 362 586 quentiae
375 485 499 560 locum
515 483 654 574 adisset,
681 488 942 585 supervenienti
961 503 1093 584 patruo
1109 485 1341 561 Theuto'nicae
1366 496 1522 564 comita·—

205 615 249 686 tis
276 634 378 687 more
401 605 512 707 pallio
537 631 671 682 vacuus
695 609 846 684 obviam·
864 619 1029 700 accurrit,
1054 633 1223 706 equoque
1248 607 1523 686 descendentem

205 731 430 808 continendae
446 728 544 804 sellae
559 731 750 804 ministerio
765 748 954 808 neomutus
967 747 1029 806 est
1083 735 1186 820 Tunc
1214 730 1379 806 Nicolaus
1402 731 1468 805 fari
1485 737 1521 806 in

205 860 381 930 concione
399 878 549 928 exorsus
575 853 699 946 docet,
727 856 900 928 Svenonis
926 853 1021 928 filios
1045 857 1081 926 in
1106 857 1204 952 regni
1231 855 1389 952 gestione
1409 858 1521 932 artatis

203 983 387 1078 praecipue
396 993 599 1074 respectum
614 981 740 1076 egisse,
757 977 994 1052 successionis
1004 975 1168 1052 habitum
1183 980 1291 1052 aetatis
1301 977 1425 1052 ordine
1441 978 1518 1053 dis-

205 1123 393 1199 pensasse,
426 1097 636 1172 dominaudi
659 1101 719 1197 jus
745 1101 781 1172 iu
812 1109 989 1174 annorum
1023 1104 1262 1198 praerogativa
1287 1105 1520 1192 constituisse,

203 1248 321 1320 neque
337 1225 465 1296 minori
482 1225 656 1322 majorem
671 1221 811 1296 honore
826 1248 1049 1320 praecurrere
1061 1222 1214 1296 licuisse.
1274 1225 1519 1314 Quamobrem

203 1369 293 1434 sese,
307 1361 347 1418 nt
365 1361 452 1420 natu
469 1348 667 1438 minimum,
683 1351 730 1418 ita
746 1348 852 1419 etiam
867 1371 981 1446 regno
1003 1361 1237 1444 postremum,
1254 1345 1418 1418 fraternae
1434 1371 1520 1418 mo-

205 1466 395 1540 derationis
410 1469 576 1567 exemplo
591 1468 728 1542 nullam
747 1469 900 1542 fortunae
919 1453 1119 1542 violentiam
1133 1468 1303 1558 intulisse,
1328 1485 1536 1565 exspecta-'

203 1606 318 1664 torem
328 1581 494 1662 beneficii
508 1593 599 1690 ejus,
613 1619 685 1666 nou
701 1608 883 1690 raptorem
898 1593 1023 1682 fuisse,
1038 1617 1157 1690 neque
1172 1589 1218 1662 ad
1234 1593 1520 1686 intempestivam
1555 1579 1557 1584 ⁵

203 1710 455 1786 ostaticulmen
473 1693 602 1790 manus
617 1741 851 1814 praepropero
873 1717 1075 1813 porrexisse
1099 1713 1278 1811 cupidine.
1338 1714 1517 1786 Canutum

203 1859 304 1922 vero,
316 1859 443 1931 parum
452 1841 613 1934 priorum
629 1837 791 1936 exempla
805 1856 980 1929 secutum,
995 1837 1127 1912 violato
1136 1836 1407 1934 speciosissimae
1422 1859 1518 1908 cou-

203 1956 403 2034 svetodinis
419 1958 559 2048 habitu,
583 1967 682 2060 regni
698 1964 769 2060 jus,
795 1987 878 2036 cum
895 1987 936 2032 rc
957 1959 1113 2036 necdum
1137 1975 1255 2056 queat,
1279 1955 1519 2055 appellatione

200 2103 437 2180 praecerpere,
460 2080 643 2180 singulare
663 2086 812 2162 nontinis
835 2085 972 2182 insigne
1002 2081 1149 2158 celerius
1172 2107 1283 2179 quam
1300 2082 1429 2179 justius
1449 2105 1518 2152 oc-

200 2229 350 2303 cupare,
373 2207 523 2303 jamque
544 2207 655 2280 asuis
679 2205 770 2282 falso
791 2207 883 2306 regis
907 2205 1010 2278 titulo
1034 2206 1168 2278 censeri
1191 2229 1264 2278 uon
1291 2204 1517 2296 erubescere3

199 2325 398 2400 consultius
412 2343 588 2420 acturum,
603 2331 633 2400 si
646 2319 817 2428 regnandi
833 2327 1011 2402 fortunam
1030 2353 1103 2402 nou
1119 2333 1153 2398 in
1170 2351 1318 2400 suorum
1334 2325 1517 2400 adulatio-

201 2474 259 2541 ne,
273 2447 339 2522 sed
354 2453 390 2520 in
404 2449 549 2522 exmntis
565 2447 685 2524 adbuc
692 2451 786 2549 regis
802 2476 931 2526 occasu
947 2460 1134 2546 reponere,
1150 2467 1401 2546 maturumque
1417 2473 1518 2546 prae-

197 2571 323 2646 stolari
343 2571 454 2646 decus
488 2596 600 2670 quam
620 2573 912 2670 intempestivum
938 2575 1132 2671 preripere
1159 2571 1287 2644 mallet
1372 2575 1435 2644 His
1455 2587 1517 2644 at-

200 2719 274 2792 que
288 2699 533 2770 consentaneis
549 2695 665 2771 modis
676 2701 784 2794 regite
795 2695 865 2770 sibi
881 2699 1299 2794 nuncupationisiusiguc
1315 2695 1401 2790 eripi
1418 2716 1517 2792 que-
1575 2729 1578 2736 ·

199 2815 357 2890 rebatur.

333 2943 435 3016 Tunc
450 2966 627 3040 exurgens
645 2944 806 3016 Canums
823 2940 888 3014 diu
904 2939 1042 3016 vultum
1058 2939 1159 3016 hund
1179 2945 1352 3016 intentum
1380 2937 1517 3030 habuit,

199 3061 417 3162 dicendique
430 3063 618 3144 exordium
637 3063 894 3162 aliquantisper
911 3064 1044 3137 sudore
1063 3079 1098 3135 et
1119 3064 1280 3160 suspiriis
1301 3087 1515 3158 precucur-

200 3189 251 3260 rit
304 3187 466 3260 Tandem
484 3204 519 3260 ct
535 3188 661 3262 oculos
677 3203 712 3260 et
737 3188 896 3258 animum
913 3185 1037 3262 levans
1062 3184 1262 3284 gladiique,
1291 3201 1328 3256 ut
1350 3208 1430 3257 mos
1455 3203 1516 3272 est,

199 3309 334 3406 capulo
353 3311 508 3402 innixae,
542 3314 713 3400 Peccant,
736 3315 870 3408 inquit,
891 3325 1010 3408 pater,
1028 3313 1090 3408 qui
1108 3306 1387 3382 moderationem
1406 3325 1516 3397 tuam,

201 3457 309 3530 sopra
335 3431 439 3529 quod
463 3449 527 3504 aut
555 3435 728 3531 majestati
754 3449 816 3506 aut
842 3438 933 3504 aetati
962 3432 1093 3524 debes,
1119 3446 1345 3529 exasperant,
1381 3435 1518 3526 quique

200 3555 433 3654 pacatissimae
451 3560 577 3628 mentis
593 3571 662 3630 ture
692 3581 858 3630 serenum
874 3554 1143 3629 mendaciorum
1171 3552 1339 3652 procellis
1364 3553 1518 3642 incitant,

198 3676 499 3750 obtrectationum
514 3676 626 3752 sibilis
642 3697 778 3752 vexant
828 3678 899 3751 Sed
914 3695 1081 3752 onustum
1101 3677 1188 3750 mihi
1206 3675 1312 3750 valde
1329 3691 1390 3765 est,
1416 3675 1518 3772 quod

199 3800 464 3898 integerrimam
489 3801 594 3872 animi
615 3805 664 3874 tui
693 3807 962 3898 temperantiam
987 3799 1124 3896 aliquid
1145 3800 1192 3871 ab
1218 3797 1428 3872 alienissima
1453 3799 1514 3870 tibi

197 3921 384 3996 iracundia
417 3937 617 3996 mutuatam
650 3939 683 3998 et
706 3925 810 4022 quasi
842 3926 978 3998 sinistro
1013 3897 1158 3996 ratioiris
1184 3920 1297 3993 ductu
1333 3937 1515 3994 monerer-

196 4069 274 4118 sam
299 4044 384 4118 farri
410 4050 600 4143 conspicio.
643 4050 775 4145 Rejice,
797 4029 935 4146 quaeso,
950 4071 1131 4145 nugarum
1150 4059 1312 4116 auctores
1327 4041 1516 4114 mendaci-

197 4185 249 4239 ter
279 4165 544 4268 obstrepentes,
585 4168 757 4270 salsaeque
789 4169 901 4269 hujus
936 4170 1187 4243 criminationis
1218 4166 1427 4266 figmentum
1452 4191 1516 4238 re-

196 4316 298 4390 spue.
339 4295 465 4392 Neque
480 4299 575 4366 enim
592 4295 766 4392 injurioso
784 4293 847 4368 tibi
866 4293 1009 4368 nominc
1021 4297 1160 4366 censeri
1179 4293 1346 4366 sustineo.
1380 4291 1514 4364 Herum

195 4441 256 4492 me
277 4424 371 4507 mei,
397 4441 472 4494 nou
496 4440 619 4516 regem
644 4413 862 4516 appellaut¹.
942 4418 1065 4512 ltaque
1089 4440 1172 4488 cum
1201 4410 1378 4486 aSclavis
1393 4412 1516 4488 domt-

244 4698 436 4773 ¹Herummc
454 4713 590 4784 mei,non
608 4735 703 4796 regem
720 4713 820 4800 appel·
882 4706 939 4768 tuit
972 4723 1139 4788 cognomen
1159 4707 1295 4770 Laeivnrclr
1319 4705 1433 4786 (tutor)
1454 4725 1514 4788 quo

198 4813 274 4897 iant]
291 4815 371 4880 Saxo
385 4813 468 4878 haud
485 4814 576 4880 dubie
591 4815 758 4904 exprimere
768 4838 820 4880 ro·
879 4824 944 4876 erat
958 4812 1125 4896 insignitus.
