3508 5460
647 309 974 394 wttostttttos
997 311 1023 382 1.
1372 311 1448 386 tes

177 521 382 603 obmnritcs
405 519 611 617 prospicere
636 543 708 594 nou
730 517 889 612 etuebu,
930 517 1088 620 caliginis
1114 543 1233 598 cuore
1258 527 1430 620 poenit
1453 527 1496 601 in

176 642 312 728 martios
329 641 442 720 ferum
457 639 578 718 hostes
588 641 792 730 inciderant,
817 667 912 732 cum,
929 642 1050 726 subito
1077 641 1236 719 discusse
1257 645 1333 720 soie
1350 647 1498 740 nebula,

174 767 349 846 exercitus
370 761 638 863 propemodum
667 780 848 841 consertos
871 768 1060 862 aspiceres.
1127 768 1230 840 Tunc
1260 767 1496 864 Priscianus¹¹

176 890 264 963 olins
287 915 308 962 e
331 887 466 961 Scluvitr
493 887 681 984 profugus,
704 912 801 982 equo
826 885 1037 985 provolans,
1069 885 1195 974 adesse
1223 888 1399 966 barbaros
1435 894 1496 976 fe·-¹

176 1029 347 1108 cumque
370 1010 479 1084 Duris
497 1024 626 1104 optate
650 1033 783 1106 pugnae
808 1011 962 1107 copiam,
986 1011 1142 1098 nuntiat,
1166 1009 1354 1088 crlrortens
1369 1040 1497 1098 omncs

176 1139 342 1212 iovictsrrr
352 1133 480 1207 Duuiei
497 1131 650 1203 nominis
665 1129 827 1206 aemulnri
845 1133 1020 1214 virtutem.
1045 1134 1273 1230 Responsum
1289 1159 1309 1205 a
1329 1161 1413 1235 rege
1430 1156 1497 1232 est,

175 1272 384 1354 reperturos
392 1253 526 1344 hostes,
542 1255 606 1352 qui
622 1251 735 1326 fetum
756 1251 854 1349 fugae
873 1252 1043 1352 praeferre
1059 1255 1213 1350 cupient.
1266 1260 1376 1356 Igitur
1389 1261 1496 1354 Daoi,

174 1403 336 1476 quorum
348 1378 484 1455 coimus
501 1399 668 1474 praeceps
689 1375 777 1449 belli
796 1375 931 1472 cupido
947 1376 1160 1476 exagitabat,
1180 1394 1311 1474 prester
1330 1383 1496 1459 usitatum

174 1527 315 1600 pugno.
333 1525 481 1590 omrem,
497 1496 656 1572 confusis
685 1500 871 1596 copiarum
897 1497 1103 1592 ordinibus,
1136 1517 1349 1598 conspectos.
1372 1503 1495 1584 hostes

173 1629 357 1700 incursare
386 1637 582 1720 coeperunt.
653 1623 730 1692 Nec
758 1617 893 1695 tardior
922 1624 1069 1699 victorin
1106 1649 1216 1722 quem
1240 1625 1394 1724 impetus
1418 1629 1494 1724 suit,

173 1771 332 1844 pugnum
351 1744 439 1844 fuge
454 1741 756 1843 praecurrentibus
777 1741 921 1817 Selenis.
972 1749 1013 1818 ln
1035 1772 1110 1844 quo
1128 1769 1306 1844 procursu
1325 1745 1401 1824 duo
1427 1778 1494 1826 re·-

172 1875 222 1968 gii
240 1868 369 1948 milites
381 1871 428 1944 ite
446 1871 588 1945 interes
605 1863 758 1938 fortuitis
784 1889 961 1963 equorum
988 1869 1203 1966 impulsibus
1226 1890 1498 1965 concurrerunt,

173 2008 380 2088 ututerspue
403 2013 575 2067 excussus
598 2002 891 2086 prosterneretur.
949 1991 1064 2088 Super
1085 2017 1178 2094 quos
1203 2019 1276 2084 rex,
1301 2007 1493 2080 corruente

172 2139 283 2212 equo,
299 2118 346 2188 itu
366 2114 606 2210 precipitatus
624 2127 690 2200 est,
713 2127 754 2186 ut
770 2109 883 2187 levus
907 2113 988 2210 ejus
1008 2114 1161 2206 cubitus,
1183 2133 1330 2212 pertuso
1351 2107 1493 2218 cljpeo,

172 2236 399 2314 temne-ultius
418 2234 633 2334 infigeretur.
674 2233 866 2308 Absuloni²
886 2241 1008 2334 iterque
1023 2237 1180 2336 erigendi
1196 2242 1275 2337 ejus
1291 2245 1405 2340 gretia
1419 2243 1492 2320 de-

171 2357 344 2439 scendere
365 2359 518 2458 cupienti
534 2381 662 2448 manu,
688 2381 740 2431 uc
755 2355 972 2447 subsisteret,
986 2359 1109 2450 innuit,
1133 2360 1282 2437 feliciter
1295 2387 1334 2438 se
1346 2363 1493 2462 lapsum

168 2499 360 2580 reputeris,
384 2482 414 2559 si
430 2479 541 2554 modo
556 2478 711 2553 hostiurn
727 2477 892 2552 cladibus
909 2479 1134 2560 attolleretur.
1195 2483 1264 2558 Sed
1290 2483 1350 2562 hic
1373 2483 1491 2566 ereu-

169 2623 230 2686 tus
247 2608 381 2686 tristior
394 2609 516 2703 specie
536 2626 647 2700 quam
666 2607 785 2676 omine
809 2601 882 2677 suit
948 2605 1056 2702 Regis
1083 2631 1240 2706 nomque
1263 2607 1388 2708 lapsus
1414 2611 1492 2686 ho-

168 2727 265 2810 stilis.
276 2728 395 2805 ruine.
406 2727 623 2826 presagium
637 2723 755 2800 edidit
819 2727 964 2822 Quippe
983 2729 1141 2824 superati
1156 2734 1232 2804 siue
1248 2733 1376 2828 praelio
1394 2735 1489 2815 bor-

169 2851 253 2930 buri
276 2852 426 2948 impune
446 2847 716 2928 ,obterebantun
794 2849 954 2942 Quorum
981 2873 1110 2950 mogun
1140 2877 1224 2950 pers
1254 2857 1390 2950 sinum,
1424 2885 1491 2964 per

171 2998 287 3072 quem
302 2974 506 3070 trajecerat,
526 2969 665 3044 aridius
682 2987 854 3069 repetens,
881 2968 1032 3046 sulutem
1049 2974 1087 3046 iu
1111 2973 1227 3065 undis,
1253 3005 1363 3076 quem
1380 3010 1493 3082 qum,-

168 3095 287 3187 rebet,
313 3096 452 3188 seruicia
479 3119 547 3168 nee
561 3097 678 3170 minor
691 3091 859 3168 fluctibus
875 3119 987 3191 quant
1005 3095 1102 3172 ferro
1123 3097 1396 3194 periclitantium
1411 3135 1491 3185 nu,-

167 3241 293 3297 merus
308 3219 426 3300 estitit,
474 3219 574 3308 Pars,
591 3237 665 3314 quo
682 3217 790 3292 tutius
809 3213 947 3292 hostem
965 3220 1101 3314 vitaret,
1116 3246 1178 3298 ore
1193 3239 1298 3301 tenus
1317 3225 1362 3306 de
1375 3230 1492 3309 indu..

164 3342 255 3421 strio
275 3343 382 3438 equis
409 3363 544 3436 cerpus
565 3340 793 3416 intersereret
859 3343 934 3414 Nec
952 3340 1023 3418 boc
1052 3342 1198 3440 quidem
1219 3349 1338 3434 rutilii
1362 3379 1493 3452 genus,

165 3467 414 3560 quotninuto
429 3464 540 3534 Derris
557 3465 590 3532 iu
609 3459 737 3538 eudem
757 3459 849 3538 vada
873 3461 1172 3542 descendentibus
1194 3469 1494 3574 interimerentur,

165 3582 348 3669 latebram
364 3589 416 3666 eis
434 3601 606 3684 proestare
619 3585 745 3682 potuit
797 3591 980 3684 Cumque,
991 3591 1125 3664 creter'u
1141 3591 1229 3666 intre
1245 3619 1383 3694 equum
1395 3624 1490 3700 pro,-

164 3711 304 3798 stratis,
324 3706 567 3798 nuusedbue,
592 3703 772 3783 occrdtunr
794 3707 950 3806 pedibus
972 3735 1097 3790 saxum
1123 3715 1356 3814 complexus,
1380 3729 1493 3800 sorite

163 3833 280 3928 stragi
306 3853 498 3927 superesse
520 3828 723 3924 videretur,
745 3831 917 3923 Abseloo,
944 3834 1115 3915 militibus
1139 3836 1186 3910 ad
1211 3843 1490 3938 opprimendum

162 3976 258 4032 euro
273 3949 492 4032 descendere
508 3953 758 4050 profunditatis
775 3971 872 4030 metu
889 3955 1150 4051 cunctantibus,
1175 3964 1252 4035 Non
1275 3960 1346 4054 hic,
1363 3969 1492 4066 inquit,

160 4097 213 4150 en
229 4076 442 4170 proceritate
457 4091 521 4167 est,
547 4103 660 4173 qutun
674 4096 801 4172 vestm,
824 4077 962 4170 milites,
979 4104 1210 4176 sequererne
1235 4091 1356 4184 possit.
1409 4091 1488 4164 Ne-

158 4223 244 4297 que
260 4199 354 4270 euim
369 4198 627 4274 vadabiliorem
643 4201 712 4274 sibi
730 4227 840 4303 quum
856 4202 963 4276 nobis
977 4206 1152 4303 gurgitem
1170 4223 1333 4306 occupat.
1369 4211 1487 4302 Quam

216 4463 424 4550 'Prisclavud
438 4467 569 4550 Nucleti,
586 4467 803 4536 Obotritorurrr
856 4471 965 4550 ricem,
983 4472 1177 4542 Weldemsri
1190 4497 1338 4558 sororem,
1361 4467 1486 4547 uxorem

156 4571 277 4651 ducis,
299 4571 377 4638 iilius
401 4586 485 4652 crat,
510 4575 562 4661 qni
588 4599 681 4666 quum
702 4579 743 4641 erl
759 4561 811 4642 set-⁸
858 4577 994 4642 duxerat.
1311 4660 1314 4669 ‚

156 4699 220 4744 cre
243 4678 485 4746 christianorum
515 4685 686 4764 transisset,
712 4707 728 4748 a
750 4709 803 4772 pe·
899 4683 1069 4768 mesalum]
1080 4683 1143 4766 (Sic
1155 4681 1360 4776 scripsi3edit.
1370 4715 1417 4776 pr.
1426 4696 1485 4754 Ab·

152 4798 215 4850 tre
231 4781 385 4870 profugus
401 4783 509 4868 fectrn,
528 4785 559 4850 in
576 4789 672 4856 Derris
692 4789 802 4860 Cethe·
854 4794 936 4854 solon
945 4819 956 4864 ,-
971 4815 1039 4858 mox
1053 4795 1130 4860 itero
1151 4799 1202 4860 lic.
1214 4815 1332 4864 ereinuc
1355 4821 1413 4884 pro
1439 4801 1484 4858 iis

861 4925 902 4961 eo.
918 4903 993 4984 Mg).
