3538 5460
609 289 940 366 ultusultus
957 291 981 362 l.
1332 285 1406 363 955

136 503 251 603 lglmr
274 515 414 602 patrm,
447 493 612 596 plebis'a
637 519 724 599 rege
745 521 829 576 enm
853 511 1063 598 contemptu
1085 496 1226 600 imperii
1253 495 1457 574 discessum

137 627 250 715 vet-iti,
267 623 528 698 communicato
541 619 739 720 colloquio,
764 623 1026 724 expeditionem
1042 619 1091 694 ab
1106 643 1150 694 eo
1165 635 1293 720 sponte
1307 619 1460 696 solven-

137 747 222 822 dam
247 745 463 838 decemnnt,
492 735 717 818 temerarium
746 748 825 846 eJ'us
848 743 1085 845 dilapsionem
1108 742 1283 819 simulatae
1308 742 1459 818 licentiae

137 869 315 946 beneficio
338 865 626 969 praecurrandam
649 885 835 968 putantes,
869 893 917 942 ne
939 872 1053 968 magis
1070 871 1221 967 proprio
1238 861 1459 940 ducru‘fintrt

138 1019 252 1094 qnam
273 995 377 1094 regin
393 1007 481 1066 notu
497 994 622 1065 remitti
641 989 843 1087 rideretur3
877 1015 961 1090 qnae
979 972 1063 1064 siin
1080 985 1322 1089 praeripiendo
1344 986 1458 1061 redito

138 1124 298 1219 proprias
329 1115 526 1192 voluntatis
561 1130 697 1188 motum
729 1112 832 1188 ducis
862 1110 1011 1186 arbitrio
1039 1110 1274 1211 praetulisset,
1315 1113 1460 1187 evenire
1537 1155 1546 1178 ,

139 1236 260 1340 posse,
285 1238 388 1340 quod
406 1237 494 1314 divo
511 1242 664 1328 Canum,
689 1234 820 1311 solutae
836 1233 961 1310 classis
977 1261 1115 1336 poenas
1132 1239 1281 1338 apatria
1298 1237 1459 1336 exigenti,

139 1361 329 1464 contigisse
346 1360 544 1460 prodatnr¹
559 1387 571 1456 3
602 1382 717 1461 qnam
732 1381 807 1431 rem
823 1362 963 1433 (lanuto
972 1412 984 1452 ,
1009 1362 1038 1435 si
1052 1377 1192 1460 patrem
1209 1359 1288 1457 ejus
1306 1361 1383 1459 jam
1399 1358 1462 1432 ie·

139 1485 198 1560 bri
215 1483 437 1584 implicatum
461 1507 623 1584 praesens
644 1479 797 1556 morbus
816 1482 1042 1579 absumeret,
1077 1488 1177 1584 regni
1199 1487 1461 1558 successionem
1584 1569 1587 1578 ,
1616 1483 1622 1507 '

138 1605 300 1682 adimere
317 1629 438 1707 posse.
486 1609 550 1682 llis
564 1605 720 1681 consiliis
736 1603 912 1681 adductus
929 1610 1091 1683 Canutus
1108 1595 1342 1682 convocatam
1357 1597 1460 1680 clas-
1581 1621 1584 1628 ’

139 1753 229 1822 sem,
245 1727 337 1804 lacta
351 1729 552 1805 revertendi
565 1744 747 1830 potestate,
757 1727 907 1824 dimittit,
917 1728 1079 1806 beneficii
1088 1712 1174 1806 loco
1185 1753 1350 1832 erogans,
1360 1725 1463 1828 qnod

140 1851 262 1952 plebis
292 1849 497 1952 pabulantis
527 1875 662 1953 negme
691 1877 767 1926 non
795 1869 947 1952 poterat.
1007 1855 1059 1928 lta
1090 1850 1270 1928 seditionis
1299 1851 1462 1954 periculo

141 1973 282 2050 bellum
312 1975 479 2048 omittere·
508 1991 671 2068 coactns,
702 2002 785 2051 cum
819 1974 1021 2072 Absalone,
1064 1963 1230 2051 Esberno
1259 1992 1295 2049 et
1311 1969 1463 2050 'Sauone

142 2095 399 2198 Worthingum
424 2095 635 2198 adnaviget,
674 2117 833 2198 paternae
864 2099 979 2174 -lebris
1002 2101 1133 2175 exitum
1158 2093 1464 2198 exspectaturus&
1584 2202 1587 2210 ,

141 2221 256 2320 lgitnr
281 2217 554 2324 Walderna'rus',
578 2245 645 2320 per
661 2239 822 2321 apertam
841 2215 1071 2298 cubiculisoi
1090 2220 1280 2297 fenestram
1292 2215 1463 2296 ¹velorum

141 2343 296 2419 reditum
312 2342 590 2446 contemplatus,
616 2343 849 2423 admiratione
864 2348 917 2420 rei
934 2343 1053 2420 morbi
1068 2347 1202 2444 pariter
1224 2359 1335 2443 atque
1349 2348 1463 2444 egri-

142 2464 275 2544 tudinis
294 2470 509 2542 incrementa
535 2470 714 2542 contraxit.
767 2470 914 2544 Summa
940 2483 1059 2542 tamen
1082 2472 1269 2564 utriusque
1287 2464 1462 2542 dissimu-

142 2588 277 2665 latione
293 2613 393 2684 usus,
415 2589 531 2666 filium
552 2588 600 2664 nd
623 2615 662 2666 se
680 2618 764 2667 cum
781 2592 920 2665 arbitris
937 2595 1137 2666 venientem
1151 2604 1225 2663 tam
1239 2587 1342 2664 hilari
1360 2587 1464 2666 vultu

143 2711 296 2806 admisit,
311 2729 351 2788 ut
364 2739 458 2813 pene
476 2715 606 2790 morbo
626 2740 764 2792 vacuus
781 2731 977 2814 putaretur.
1025 2717 1120 2807 Quin
1139 2714 1245 2787 etiam
1261 2737 1300 2786 se
1316 2696 1464 2788 minimo

145 2833 286 2911 doloris
316 2860 424 2911 sensu
450 2841 558 2911 teneri
590 2837 749 2934 dicebat,
785 2842 949 2941 corporis
970 2835 1168 2912 molestiam
1199 2835 1306 2910 animi
1330 2836 1465 2913 robore

144 2957 371 3036 dissimulare
385 2959 562 3034 conando.
614 2961 724 3062 Apud
738 2961 957 3037 Absalonem
977 2979 1098 3036 tamen
1112 2956 1313 3059 religiosam
1329 2956 1465 3060 culpa·-
1606 2957 1609 2964 ⁴

145 3109 229 3158 rum
252 3081 512 3160 confessionem
527 3107 635 3184 agere
646 3111 719 3161 non
738 3084 885 3178 oblitus,
908 3086 1080 3160 incertum
1102 3083 1224 3157 mortis
1238 3097 1380 3182 tempus
1397 3105 1465 3158 sa·-

145 3231 211 3280 cro
244 3209 475 3282 correctionis
504 3231 638 3308 genere
664 3205 961 3309 praecurrendum
987 3204 1179 3300 credebat,
1209 3230 1325 3280 seram
1357 3221 1466 3307 atque

145 3328 307 3405 inutilem
323 3331 569 3428 poenitentiam
586 3328 768 3431 judicans,
793 3357 878 3433 qnae
894 3327 1149 3405 emendationis
1175 3327 1260 3404 odio
1284 3333 1467 3431 nimiaque

144 3449 321 3553 peccandi
334 3454 598 3550 perseverantia
614 3451 663 3528 ad
679 3454 847 3530 ultimum
863 3479 980 3554 nsque
995 3455 1105 3527 aetatis
1120 3458 1309 3528 terminum
1326 3477 1466 3554 proro-

145 3577 273 3676 gantur.¹
316 3577 490 3648 Praeterea
513 3574 602 3650 locis
620 3579 817 3652 monastica
833 3578 1007 3678 religione
1020 3563 1372 3652 sacratis‘dimidiom
1389 3601 1466 3677 pu-

148 3697 305 3771 trimonii
323 3704 391 3792 sui,
418 3723 501 3796 quae
520 3695 568 3774 ad
586 3697 714 3774 fiscum
730 3700 870 3798 regium
888 3699 1126 3799 pertinebant,
1151 3706 1324 3799 exceptis,
1350 3715 1466 3776 testa-

146 3835 268 3896 mento
283 3819 447 3922 legavit³.
481 3820 569 3896 ‘Sed
587 3827 725 3898 caeteris
739 3821 835 3898 bene
851 3820 898 3897 de
916 3821 994 3921 ejus
1011 3819 1126 3899 salute
1142 3823 1382 3925 sperantibus,
1397 3849 1466 3904 so-
1597 3802 1606 3819 ’

200 4195 390 4279 'Conragisse
407 4195 569 4284 prodatur]
592 4199 636 4260 tta
659 4195 706 4260 ed.
725 4218 773 4282 pr.
887 4199 900 4236 ³
922 4197 1082 4261 Dimidium
1100 4203 1277 4287 patrimonii
1299 4239 1362 4260 ...
1388 4199 1470 4281 lega·

147 4299 330 4384 stephanius
346 4304 497 4387 proditur.
840 4299 899 4384 vir]
919 4305 953 4366 ln
972 4302 1053 4365 libro
1071 4305 1204 4368 censuali
1218 4303 1410 4372 Waldeman‘
1424 4323 1470 4367 se-

196 4409 209 4445 ²
233 4409 385 4470 Febris...
400 4403 635 4497 exspectaturus]
656 4409 775 4472 Auctor
842 4406 934 4472 eundi
959 4407 1061 4473 omnia
1083 4409 1200 4494 praedia
1227 4411 1310 4496 regia
1334 4409 1372 4474 ad
1397 4410 1470 4475 duaa

147 4511 221 4577 bist.
239 4513 343 4598 llnytl.
363 4512 424 4578 illis
443 4493 687 4600 impedimentis,
705 4535 775 4599 quas
842 4517 951 4582 classes
981 4515 1173 4597 referuntur,
1210 4539 1339 4603 quarum
1374 4519 1471 4583 altera

146 4637 244 4706 quum
264 4632 446 4706 tempestas,
470 4633 537 4686 tum
558 4619 668 4686 seditio
688 4624 776 4686 Juto·
842 4626 1022 4710 Konnngles,
1042 4624 1137 4690 altera
1150 4629 1363 4712 patrimonium
1382 4610 1472 4690 rosa·

145 4743 216 4790 rnna
233 4725 347 4806 attulit,
363 4727 494 4802 omissis,
515 4725 596 4792 hano*
611 4729 709 4792 solam
729 4725 774 4792 al·
843 4743 894 4793 tnr
911 4741 955 4810 tr.
972 4729 1110 4818 Langeb.
1132 4731 1164 4794 8.
1182 4734 1220 4796 R.
1239 4733 1278 4795 D.
1298 4733 1379 4811 Vll,
1396 4727 1471 4808 ⁵23,

146 4829 212 4897 lert
231 4853 349 4898 musana
367 4833 592 4921 expeditionem
611 4827 758 4900 solvendi.
841 4831 922 4920 ⁵24,
952 4833 1017 4904 530
1031 4859 1078 4926 sq.
1096 4835 1154 4903 cl'r.
1174 4813 1254 4919 585,
1280 4831 1367 4924 583).
1408 4836 1470 4904 llo·
