3508 5460
351 252 427 330 ata
691 251 1144 326 armanalanam
1161 229 1252 327 xiv.

297 470 449 538 moriam
471 465 643 554 retinens,
669 459 892 550 ductandnm
912 465 949 536 in
973 462 1119 539 sclavos
1137 469 1350 553 exercitum,
1375 459 1615 560 responderet

299 589 555 660 Oimmensam
577 588 825 678 constantiam,
851 611 935 684 quae
952 611 998 660 ne
1022 593 1058 661 in
1081 594 1160 687 ipso
1178 585 1327 687 quidem
1352 589 1462 664 etatis
1484 610 1616 664 eoeasu

298 710 465 806 promissi
482 713 669 780 immemor
686 731 763 782 esse
778 705 915 806 potuit!
949 714 1038 805 Quis
1054 727 1174 784 autem
1190 711 1317 784 mentis
1343 733 1493 810 compos
1519 707 1615 782 hanc

296 830 452 930 religiosi
468 829 603 904 consilii
621 855 746 904 vocem
761 829 880 905 senilis
894 836 1002 904 animi
1019 831 1297 906 deliramentum
1309 832 1418 910 fuisse
1441 829 1614 910 credide-

296 957 363 1028 rit?
399 955 533 1028 Vereor
555 971 694 1045 autem,
721 956 938 1029 carissimum
953 953 1039 1026 mihi
1064 960 1199 1047 virum,
1224 956 1421 1030 amicorum
1442 954 1614 1055 religione

224 1053 232 1080 χ
297 1094 520 1175 contempta,
554 1103 597 1150 ex
619 1102 761 1152 summo
785 1077 938 1150 fortunae
963 1077 1104 1178 fastigio
1130 1084 1166 1150 in
1191 1076 1364 1152 humilem
1388 1083 1615 1177 privatorum

296 1217 429 1274 sortem
443 1217 601 1288 extrema
618 1206 732 1272 ruinae
749 1198 975 1273 deformitate
989 1201 1167 1276 casurum.
1219 1202 1301 1299 Ego
1322 1225 1421 1294 vero,
1446 1200 1615 1298 promissi

296 1319 434 1396 dudum
450 1321 535 1394 belli
560 1322 706 1396 militem
730 1321 889 1423 agendo,
914 1341 1034 1396 ternas
1056 1321 1210 1398 adverso
1226 1347 1380 1422 corpore
1396 1322 1525 1423 plagas
1542 1347 1612 1396 ac·-

294 1450 387 1544 cepi.
436 1445 578 1538 Quibus
602 1449 632 1520 si
652 1439 755 1518 binas
774 1447 842 1520 sub
864 1445 993 1520 eodem
1014 1446 1144 1520 militiae
1167 1445 1271 1520 titulo
1293 1449 1507 1539 sociassem,
1541 1471 1613 1519 su-

293 1571 410 1666 premi
424 1567 544 1668 judicii
561 1587 724 1668 ternpore
737 1569 856 1643 divina
873 1569 1023 1646 vulnera
1038 1573 1127 1645 meis
1136 1586 1281 1678 ,aequata
1298 1567 1499 1644 audacibus
1514 1593 1613 1642 ocu-

293 1691 336 1764 lis
352 1690 582 1789 inspectanda
603 1716 868 1790 praesumerem.
921 1697 1005 1787 Quo
1021 1691 1114 1766 dicto
1129 1709 1163 1766 et
1178 1708 1446 1793 temporaneam
1469 1694 1612 1766 chrici

291 1817 431 1888 ruinam
445 1831 480 1886 ct
493 1817 746 1912 sempiternum
762 1819 898 1891 virtutis
917 1841 993 1890 suae
1010 1819 1200 1914 praemium
1219 1831 1414 1918 auguratus
1428 1830 1493 1888 cst.

426 1939 513 2028 Rex,
540 1940 702 2012 Scaniam
722 1942 924 2038 ingressus,
949 1964 1064 2038 parvo
1082 1955 1182 2038 post,
1208 1941 1389 2013 Saxonum
1411 1939 1613 2034 irruptione

293 2059 385 2134 falso
413 2063 593 2154 nuntiata,
635 2065 839 2136 Scaoienses
873 2063 1026 2160 equestri
1055 2062 1188 2136 militiae
1222 2060 1423 2159 adscriptos
1455 2061 1613 2158 proprio

291 2184 405 2257 ductu
422 2194 661 2282 prosequitur,
688 2193 935 2285 imperataque
952 2184 1241 2260 sialandensibus
1257 2185 1499 2284 navigatione,
1524 2179 1613 2254 Sla-

291 2306 429 2408 glosam
453 2307 645 2399 advectus,
676 2306 905 2400 Absalonem,
934 2325 1085 2408 eportu
1109 2307 1414 2406 Hulyuimmensi¹
1444 2304 1612 2394 accitum,

290 2430 402 2506 multa
432 2429 673 2532 gerendorum
703 2431 958 2508 consultatione
987 2429 1158 2514 sollicitat.
1217 2427 1393 2504 Praeterea
1415 2451 1455 2500 se
1476 2450 1612 2524 parum

291 2557 366 2626 veri
396 2556 551 2628 raineris
582 2554 789 2629 credulitate
822 2554 1010 2652 fatigatum
1038 2553 1231 2654 significat,
1271 2549 1612 2650 expeditionemque

288 2673 380 2750 falso
396 2681 520 2750 nuntio
537 2692 756 2750 contractam
771 2681 922 2750 remittit.
977 2677 1144 2750 Habebat
1158 2692 1279 2750 autem
1293 2677 1329 2746 in
1344 2671 1510 2746 clientela
1525 2671 1612 2744 Ab·

290 2798 393 2874 salon
412 2798 614 2872 Arnoldum
629 2787 883 2899 Tbylensem²‚
909 2802 972 2897 qui
992 2803 1067 2876 sive
1085 2801 1215 2900 ingenii
1232 2803 1395 2871 acumine
1420 2801 1497 2870 sive
1514 2817 1612 2866 con-

287 2923 505 3020 jecturarum
522 2915 715 3022 sagacitate
736 2948 988 3022 saepenumero
1011 2923 1143 3016 futura,
1169 2920 1215 2996 ad
1239 2946 1307 2996 sua
1332 2918 1391 2996 vel
1408 2918 1611 2992 amicorum

185 3113 187 3126 ,
288 3046 431 3143 negotia
456 3048 682 3141 pertinentia,
717 3073 800 3121 raro
820 3049 998 3147 praesagio
1020 3043 1328 3148 deprehendebat.
1388 3045 1462 3115 Nec
1486 3041 1610 3112 minus

287 3169 500 3264 antiquitatis
526 3193 637 3267 quam
659 3167 882 3244 divinationis
905 3176 1058 3267 peritus,
1075 3169 1195 3244 solerti
1219 3166 1448 3241 historiarum
1472 3185 1610 3234 narra-

287 3291 384 3364 tiene
408 3289 573 3365 callebat.
634 3294 704 3385 Qui
727 3317 812 3364 cum
835 3292 1002 3366 Absaloni
1030 3289 1232 3367 delectandi
1252 3291 1365 3391 grafia
1388 3284 1611 3386 supradictae

287 3411 520 3512 expeditionis
537 3438 656 3488 comes
675 3415 848 3505 existeret,
874 3413 977 3490 brevi
994 3443 1079 3490 eum
1096 3441 1245 3490 manum
1266 3440 1350 3489 cum
1371 3412 1493 3512 piratis
1510 3434 1611 3482 con-

285 3552 465 3609 sertorum
488 3535 717 3635 praedixerat,
750 3537 978 3616 vehementer
999 3563 1039 3612 se
1062 3542 1182 3613 mirari
1206 3553 1362 3632 testatus,
1395 3561 1470 3636 quo
1492 3547 1609 3630 pacto

215 3671 221 3698 ‘
285 3659 465 3732 certamini
479 3661 714 3736 interfuturus
731 3687 805 3736 non
823 3663 877 3752 sit,
903 3668 1100 3762 praesertim
1119 3688 1203 3738 cum
1219 3634 1503 3762 inseparabiliter
1519 3678 1611 3726 eum

284 3780 441 3855 comitari
467 3780 671 3858 decreverit.
725 3787 902 3886 Cumque,
926 3811 1012 3890 rege
1033 3811 1092 3862 res
1113 3804 1232 3890 gestas
1255 3811 1298 3862 cx
1321 3810 1366 3859 eo
1382 3801 1613 3880 cognoscere

330 4013 390 4072 Ἐ
403 4026 494 4095 portu
520 4008 769 4094 Huiyuimoiensr]
803 4013 917 4074 Portus
967 4011 1037 4088 ille,
1070 4033 1181 4096 genere
1209 4007 1361 4088 islandus,
1407 4003 1611 4093 professione

285 4114 566 4178 Romulea-Hera
591 4118 653 4182 sire
668 4117 917 4180 Humida-Hero
966 4133 1109 4182 narrator
1145 4119 1340 4184 historiarum
1380 4111 1611 4199 (sagnamadr)

285 4220 356 4280 olim
382 4220 490 4300 dctus,
517 4241 599 4284 nunc
632 4223 857 4307 Birseruphara
884 4225 916 4286 in
967 4224 1059 4290 ftrisse
1074 4225 1203 4289 ridetur.
1255 4227 1353 4288 Erant
1373 4221 1490 4285 scilicet
1519 4219 1613 4282 inter

282 4323 387 4388 littore
421 4329 583 4392 Sialandiae
616 4328 805 4394 meridionali
835 4332 916 4395 inter
965 4333 1110 4414 lslaodos,
1132 4313 1164 4395 in
1191 4332 1299 4418 primis
1320 4330 1433 4393 saeculo
1455 4324 1614 4390 duodeci-

282 4429 435 4494 stieutar
454 4447 485 4496 et
502 4434 666 4500 Harrebelr.
699 4432 833 4516 (Danslre
854 4444 911 4502 at·
967 4460 1017 4502 ruo
1053 4452 1084 4503 et
1118 4438 1236 4504 decimo
1270 4437 1381 4515 tertio,
1415 4455 1484 4498 cum
1516 4445 1614 4498 vates

282 4537 327 4599 las
344 4538 415 4602 Vol.
429 4542 471 4602 111
490 4562 521 4624 p.
543 4538 573 4620 6,
596 4541 660 4623 22).
702 4543 765 4622 (De
786 4544 910 4606 nomine
965 4558 1169 4624 rarescerent,
1202 4547 1255 4630 qui
1279 4544 1387 4607 domos
1416 4540 1614 4628 optimatum

281 4653 313 4704 et
328 4642 388 4704 situ
403 4657 520 4726 portus,
542 4649 594 4731 qui
613 4649 662 4712 hic
686 4648 797 4712 dicitur
813 4650 910 4732 Huly·
965 4652 1201 4738 principumque
1220 4650 1391 4716 borealium
1412 4646 1544 4725 adirent,
1570 4660 1616 4710 ut

280 4749 464 4829 aimmenris,
486 4751 547 4815 rid.
569 4767 633 4816 not.
655 4754 741 4820 uber.
766 4756 818 4838 V.)
965 4771 1115 4844 qraeatum
1140 4757 1199 4822 sibi
1222 4757 1361 4824 facerent
1382 4753 1527 4822 historias
1551 4753 1614 4819 vei

325 4861 337 4896 ²
354 4861 518 4923 Araoldum
543 4859 725 4944 Thylenrem]
752 4863 908 4930 Arnoldas
965 4885 1050 4932 veras
1069 4867 1118 4934 rel
1139 4865 1225 4936 fictas
1245 4863 1409 4934 armando.
