3582 5466
373 297 449 373 548
717 297 890 369 fltstott.
908 297 1012 368 DAN.
1029 299 1164 370 LIBER
1182 299 1241 370 xt.

325 525 425 584 votos
440 523 560 580 motus
580 510 630 580 rei
654 507 810 608 publices
829 507 953 582 usibus
970 507 1203 600 anteferrent,
1236 506 1487 608 honoremque
1508 515 1629 608 patriee

324 655 390 705 sua
406 628 570 728 deperire
586 631 751 706 socordia
768 655 878 730 quam
909 636 1063 728 suscepti
1082 628 1182 704 ducis
1197 631 1360 727 auspiciis
1375 634 1510 706 restitui
1528 657 1630 730 prae-

325 767 495 852 optarent.
547 753 672 850 Neque
686 760 778 826 enim
799 753 903 826 facilc
919 765 1119 852 propagata
1137 749 1303 824 odiomm
1325 755 1489 826 sementis
1504 754 1628 852 stirpi-

324 893 381 952 tus
401 875 535 968 iuterit3
562 880 698 974 quippe
713 892 752 948 ut
769 882 889 975 gutiae
906 878 941 946 in
960 871 1084 944 odium
1107 871 1264 944 deflexus
1285 871 1408 967 facilis,
1433 876 1480 947 ita
1495 872 1566 948 odii
1582 874 1630 946 ad

325 1001 476 1100 gratiam
491 995 640 1070 difficilis
662 1021 739 1070 esse
754 1000 919 1071 transitus
948 995 1143 1085 consuevit,
1165 1019 1323 1092 raroque
1342 997 1498 1089 animus,
1521 1021 1630 1094 quem

324 1119 433 1198 semel
447 1125 600 1220 graviter·
617 1119 805 1210 fastidivit,
828 1121 972 1194 sincerae
988 1115 1072 1188 fidei
1087 1116 1269 1213 stipendiis
1292 1115 1436 1207 excolit,
1459 1135 1529 1206 aut,
1547 1143 1631 1192 cum

324 1268 400 1344 quo
414 1239 641 1315 vehementes
655 1245 810 1340 primum
826 1241 1021 1313 inimicitias
1045 1240 1169 1338 gessit,
1192 1237 1382 1314 affectuose
1399 1239 1633 1338 postmodum

322 1369 358 1438 in
373 1367 523 1464 gratiam
537 1363 638 1436 redit.
688 1367 802 1464 Cujus
814 1365 1029 1462 impotentiae
1045 1365 1109 1450 vis,
1125 1385 1146 1431 a
1163 1359 1345 1436 simultatis
1359 1361 1489 1436 ardore
1498 1363 1633 1462 profe·-

324 1505 380 1563 cta
402 1487 614 1584 arcanisque
641 1487 872 1562 aemulationis
888 1485 1040 1558 flammis
1058 1483 1151 1577 alita,
1168 1509 1240 1556 non
1260 1483 1376 1558 solum
1393 1485 1633 1584 gerendarum

325 1609 499 1712 praeclare
515 1635 636 1684 rerum
653 1633 756 1706 spem
772 1607 920 1701 sustulit,
946 1606 1131 1681 sedetiam
1148 1605 1334 1706 magnifice
1350 1624 1526 1706 gestarum
1545 1608 1632 1708 glo·-

326 1741 416 1808 riam
438 1736 609 1829 corrupit.
662 1733 795 1804 Verum
813 1755 855 1804 ea
872 1755 929 1803 res
955 1744 992 1803 ut
1008 1753 1113 1802 novae
1132 1731 1324 1828 majestatis
1351 1738 1634 1831 contemptum¹,

327 1863 375 1930 ita
397 1857 528 1955 prioris
545 1848 697 1926 fideliter
713 1852 817 1928 cultae
834 1851 1003 1925 indicium
1019 1851 1139 1943 edidit,
1156 1851 1343 1951 ‘simulque
1360 1855 1508 1928 recentis
1528 1857 1632 1955 inju-

325 1985 388 2052 riae
407 1982 540 2051 crimen
555 1991 590 2048 et
603 1979 757 2074 pristinae
772 1975 855 2049 fidei
877 1975 1131 2074 perfectionem
1147 1975 1317 2049 exhibuit.

456 2100 633 2198 Principio
658 2101 759 2199 regni
781 2101 955 2172 Svenonis
977 2097 1265 2172 Roskildensium
1287 2121 1471 2171 sacrorum
1489 2099 1633 2175 antistes

325 2219 515 2296 Avaehus²
538 2229 697 2296 moritur.
755 2221 936 2295 sufficitur
954 2219 1204 2314 Wilhelmus³,
1230 2245 1305 2320 quo
1330 2223 1488 2294 Canutus
1513 2223 1633 2320 Major

326 2359 361 2417 et
373 2343 492 2418 scriba
507 2359 542 2416 et
553 2343 740 2419 sacerdote
753 2369 840 2419 usus
855 2345 980 2436 fuerat,
999 2367 1127 2444 genere
1142 2344 1287 2442 quidem
1297 2343 1447 2444 Anglus,
1466 2343 1530 2418 sed
1545 2371 1633 2418 om·

325 2467 424 2541 nium
443 2468 614 2540 virtutum
634 2466 794 2566 partibus
815 2491 857 2539 ac
878 2470 1037 2541 numeris
1065 2465 1210 2540 abunde
1232 2473 1440 2560 instructus,
1462 2463 1635 2567 idemque

325 2588 582 2689 pontificalium
597 2613 780 2663 sacrorum
797 2594 960 2688 apprime
975 2599 1120 2688 peritus.
1154 2587 1210 2662 Ad
1225 2592 1455 2688 cujususque
1469 2605 1634 2690 tempora

326 2715 460 2786 Sennioe
476 2715 571 2811 genti
588 2712 770 2811 religionis
786 2709 971 2809 privilegio
994 2711 1237 2786 Rosltildensis
1255 2711 1471 2811 praesidebat
1493 2719 1633 2787 autori-

325 2849 390 2910 tas.
442 2833 498 2906 Ab
515 2859 560 2906 eo
576 2839 653 2907 viro
677 2831 865 2906 dividuum
881 2857 959 2907 esse
974 2833 1211 2908 sacerdotium
1235 2838 1355 2933 coepit.
1412 2835 1527 2934 Cujus
1540 2837 1632 2910 Sca·-

325 2962 385 3032 nia
401 2955 511 3030 veluti
527 2955 672 3028 alteram
687 2971 825 3055 partem
841 2955 981 3054 adepta,
998 2963 1158 3057 protinus
1183 2963 1272 3031 inter
1287 2957 1479 3059 conjuncta
1498 2957 1634 3033 admo-

326 3077 416 3152 dum
433 3077 570 3177 oppida
587 3104 718 3155 novam
735 3081 891 3154 muneris
910 3083 1103 3179 potentiam
1120 3087 1246 3177 partita
1261 3098 1323 3156 est.
1381 3087 1472 3156 Nam
1491 3083 1633 3158 Lundia

325 3201 565 3300 Dathyaque⁴
585 3204 747 3302 protinus
761 3220 967 3302 susceptum
991 3205 1083 3278 inter
1104 3227 1143 3278 sc
1161 3228 1345 3278 sacrorum
1370 3203 1521 3282 divisere
1549 3208 1632 3305 pri-

325 3343 474 3414 matum,
493 3330 707 3424 geminaque
716 3325 881 3424 ejusdem
897 3325 1075 3427 dignitatis
1087 3331 1318 3427 usurpatione
1332 3345 1518 3406 certarunt.
1542 3333 1635 3406 Nam

325 3447 425 3522 alteri
442 3451 625 3540 Henrieus,
645 3451 778 3552 Eginus
794 3447 895 3522 alteri
910 3451 1076 3525 sacerdos
1091 3453 1248 3526 accessit
1313 3453 1447 3527 Verum
1477 3452 1634 3526 neurim

373 3703 587 3784 ¹Contemtum]
609 3709 652 3768 tte
669 3707 773 3790 potuit
788 3707 948 3793 Stephani·
1052 3705 1477 3792 ⁴Lrtodt'aDulbysqtteJApud
1485 3705 1634 3772 adamum

325 3833 371 3876 us.
412 3811 471 3878 Ed.
492 3835 539 3898 pr.
555 3810 648 3878 habet
661 3830 839 3899 conceptum,
863 3812 947 3898 quod
1007 3820 1162 3878 Bremens.
1184 3814 1250 3876 nee
1269 3811 1312 3877 ita
1336 3815 1481 3898 leguntur
1498 3815 1530 3878 in
1550 3815 1633 3879 libro

325 3938 446 3983 sensum
464 3917 577 3984 turbat.
1008 3921 1046 3986 de
1068 3922 1127 3984 situ
1156 3921 1262 3984 Denite
1286 3943 1318 4005 p.
1344 3915 1403 3983 tte
1433 3920 1480 3985 ed.
1502 3919 1634 3988 lindesie

370 4091 383 4126 e
399 4083 620 4164 AEwgusqssd·
634 4085 786 4169 malm
795 4091 948 4163 Anathan
1007 4030 1173 4100 Ger-brand,
1200 4029 1387 4092 &tanente
1412 4032 1586 4114 Ept'ecopus,
1602 4043 1634 4090 et

325 4188 378 4252 Μ
393 4211 485 4274 ⁸¹¹Pts
510 4215 540 4276 p.
553 4189 615 4254 593
631 4204 676 4254 est
685 4199 784 4256 Aeaco
820 4207 850 4258 ee
866 4193 948 4279 apud
1006 4149 1075 4220 ΡΜ
1091 4157 1154 4196 ‘¹⁰³²
1166 4137 1377 4252 Al⁰⁶⁰¹⁸¹llul
1394 4150 1545 4216 “minii“
1565 4131 1633 4212 (Se-

785 4239 797 4268 ³
1007 4236 1181 4302 londensem
1206 4249 1236 4302 et
1258 4236 1464 4316 Scanrcnsem)
1488 4241 1634 4324 guberna.

324 4295 474 4360 Ademum
488 4301 590 4360 Brem.
600 4296 652 4360 lib.
662 4299 689 4360 ll
705 4295 822 4384 euplii
837 4301 949 4384 legitur
1007 4343 1076 4406 Imm
1096 4347 1250 4410 ecclesalam.

325 4407 441 4476 Auem
463 4401 534 4464 ltine
551 4404 657 4488 steph.
673 4405 776 4490 posuit
795 4411 920 4470 Aeacus.

1291 4347 1396 4432 Nuper
1410 4367 1478 4406 vero
1486 4390 1499 4417 ,
1519 4364 1634 4409 mortuo

1007 4455 1153 4522 Auocone,
1168 4475 1218 4512 ree
1226 4451 1312 4512 Sver'n
1314 4451 1487 4538 parochiam
1496 4451 1635 4514 Scaniett·

370 4547 734 4632 ’Suffict‘turWlltelmus]
743 4553 790 4615 De
799 4549 949 4616 eoldum
1007 4579 1064 4618 sem
1089 4559 1119 4616 in
1146 4557 1220 4618 duos
1242 4559 1427 4646 episcopatur
1452 4561 1634 4641 segregavit,

324 4653 426 4715 Brem.
451 4649 504 4712 lib.
528 4653 572 4719 IV
594 4673 660 4739 cap.
682 4652 738 4720 44:
778 4661 949 4723 Adelbertus
1009 4683 1109 4733 unum,
1127 4662 1159 4722 id
1172 4679 1216 4724 est
1226 4663 1419 4734 Lurrdensem,
1437 4667 1566 4726 Henrt'co
1580 4668 1634 4726 tri·

324 4759 564 4847 Arclr‘epr'scopus
580 4762 768 4828 Wt‘lltelmum
790 4771 819 4829 in
839 4769 951 4834 Selond
1008 4769 1115 4840 luens,
1138 4771 1281 4843 alterum,
1304 4771 1337 4832 ict
1359 4787 1403 4833 est
1420 4771 1634 4843 Dolbor'ensem,

323 4869 486 4954 ept'seopum
508 4872 667 4932 eonttt'tuit.
1008 4877 1143 4954 Egmoni.
