3508 5460
603 309 931 384 WALDEMARUS
955 313 981 384 1.
1322 312 1395 388 783

130 518 250 622 glanis
263 531 412 592 mamm
434 513 552 590 dicere
572 515 772 610 adorsue1,
798 535 936 620 quanto
957 521 1096 620 injuriae
1113 520 1275 620 pondere
1294 525 1446 604 Romani

6 655 8 750 l
130 645 356 742 imperatoris
381 640 585 739 aequitatem
610 641 881 739 provincialium
905 668 1033 743 regum
1056 646 1233 718 temeritas
1256 661 1448 740 attentaret,

6 751 7 810 i
131 760 419 865 argumentando
442 759 685 836 demonstrare
709 765 892 862 pergebat
950 769 1041 838 Nam
1061 768 1092 839 si
1113 771 1391 844 controversiam
1411 773 1448 846 iu

131 912 260 962 eorum
286 884 484 959 mvitadbus
501 882 548 960 de
564 883 775 983 pontificatu
798 903 914 960 ortam
938 891 1059 962 Caesae
1072 890 1145 962 suis
1158 890 1332 990 suffragiis
1346 891 1448 966 finire

128 1007 258 1100 vebat,
286 1007 389 1082 haud
415 1007 526 1082 dubie
547 1005 585 1080 id
614 1015 780 1110 gravium
804 1010 1015 1108 injuriarum
1041 1010 1122 1084 loco
1148 1009 1341 1104 ducerent,
1364 1041 1449 1091 cum

129 1135 200 1232 ipsi
215 1131 332 1207 simile
344 1134 379 1206 in
394 1132 485 1204 urbe
498 1134 615 1204 Roma
629 1147 837 1228 perpetrare
851 1147 1033 1210 conentur.
1085 1135 1202 1224 Quam
1217 1137 1448 1210 assertionem

128 1272 202 1328 mm
220 1252 340 1330 ualido
356 1253 498 1328 rationis
515 1250 683 1352 praesidio
699 1252 888 1326 subnixam
909 1259 1061 1353 putavit,
1086 1273 1126 1329 ut
1149 1281 1245 1330 nunc
1260 1258 1448 1353 Latialiter,

128 1404 227 1454 nunc
254 1376 392 1451 Gallice
418 1379 700 1475 Germaniaeque
718 1373 846 1466 fando,
872 1381 980 1452 ternis
1004 1382 1178 1452 actionem
1202 1381 1354 1460 vocibus
1375 1384 1448 1456 ite-

129 1518 234 1577 raret.
285 1499 353 1574 Sed
372 1515 545 1600 quantum
560 1495 629 1573 bae
643 1501 802 1574 oratione
817 1503 931 1596 gentis
948 1524 1024 1572 euae
1040 1499 1201 1576 favorem
1216 1501 1335 1595 illexit,
1361 1522 1446 1589 tan·-

130 1641 211 1699 tam
236 1639 367 1702 noemae
392 1620 559 1722 suffragia
585 1618 821 1694 deturbavit2.
882 1624 1042 1696 Assensis
1063 1634 1182 1722 itaque
1207 1624 1448 1722 pontificibus,
1528 1683 1532 1690 .

131 1772 218 1820 cum
236 1749 462 1834 Octavianus,
488 1748 550 1842 qui
565 1741 633 1815 sibi
651 1741 782 1816 falsum
798 1743 946 1818 Victoris
964 1771 1097 1820 nomen
1115 1748 1352 1846 inscripserat,
1378 1775 1447 1826 ac·-

131 1871 247 1946 oeasis
267 1868 501 1960 luminibus³,
526 1865 718 1942 adversum
741 1861 983 1941 Alexandrum
1015 1871 1168 1969 ejusque
1196 1869 1447 1972 suffragatores

131 2157 231 2204 sanus
244 2136 306 2202 dax
321 2136 509 2202 exmdtanm
529 2133 614 2218 ejus,
646 2132 761 2196 antori-
818 2133 1143 2220 imperatoriRomano
1158 2135 1309 2228 denegare
1324 2143 1446 2208 sallent·

130 2245 206 2312 tatis
231 2246 378 2311 mess
407 2242 588 2308 acerrimam
610 2237 763 2304 vindicem
820 2242 996 2308 Easeilieet
1011 2254 1100 2308 aetate
1113 2245 1212 2310 adbuc
1226 2269 1321 2333 penes
1333 2249 1448 2333 princi·

131 2372 165 2418 se
178 2371 302 2436 semper
322 2347 423 2436 gessit.
475 2351 568 2414 Peste
596 2347 667 2426 illa,
691 2367 760 2432 quas
820 2368 886 2433 pes,
899 2371 1007 2435 magua
1019 2351 1125 2414 saltem
1139 2370 1176 2416 ex
1192 2367 1290 2438 perte,
1311 2367 1377 2418 erat
1391 2377 1447 2440 po·

133 2479 213 2523 sano
230 2451 313 2520 1167
326 2467 427 2520 totum
443 2453 509 2519 fere
524 2454 691 2519 exereitum
704 2450 762 2514 im·
821 2465 915 2518 testas
942 2454 1125 2520 decernendi
1157 2456 1196 2519 de
1228 2459 1340 2524 talibus
1364 2462 1447 2525 iuter

133 2560 332 2652 peratorisin
345 2561 429 2626 ltalia
448 2558 572 2638 delevit,
600 2570 761 2643 correptus
822 2562 937 2625 electos
952 2561 1112 2646 pontifices
1126 2565 1350 2644 conuorersiis,
1375 2588 1446 2651 qum
1519 2585 1522 2593 ·

132 2671 236 2758 periit.
820 2667 943 2753 quidem
957 2681 1094 2754 potestas
1113 2667 1177 2752 jam
1191 2672 1293 2734 seculo
1307 2672 1448 2760 sequenti

180 2776 375 2860 sectatore
401 2797 520 2836 eausam
547 2773 644 2835 dicere
672 2773 762 2835 ador-
821 2775 909 2839 valde
929 2787 975 2840 est
989 2775 1154 2840 imminuta.

134 2879 199 2965 sus]
212 2879 421 2978 Quaestionem
436 2879 552 2944 seilicet
571 2901 588 2940 a
607 2890 696 2964 parte
714 2878 761 2962 jn·
866 2875 1017 2944 'Tantum
1039 2899 1147 2952 nostra
1174 2884 1324 2970 suffragiis
1348 2885 1447 2946 mene

134 2990 177 3053 ris
193 2985 332 3052 canonici
356 3003 415 3068 pro
435 2982 553 3048 ratione
567 2983 699 3046 muueris
716 2982 763 3046 sui
822 2981 916 3067 bauti]
944 2989 1021 3050 Erat
1045 2985 1125 3050 enim
1155 2988 1187 3050 in
1218 2987 1275 3051 bae
1300 2991 1448 3054 cancella-

135 3105 329 3159 tnetatnrns.
359 3093 435 3154 Haeo
450 3094 540 3169 Saxo,
563 3089 616 3174 qui
633 3091 763 3153 Alexan·
822 3091 861 3154 rii
873 3093 1047 3172 assertione,
1061 3092 1143 3179 quod
1159 3095 1233 3179 ipsis
1247 3095 1449 3182 principibus,

136 3201 226 3265 deum
242 3197 411 3284 legitimum
432 3220 543 3283 papam
566 3196 764 3279 existimabat,
820 3197 960 3285 inprimis
982 3211 1063 3264 extra
1078 3201 1272 3265 Germaniam
1293 3201 1450 3287 regnanti-

134 3329 192 3394 per
205 3303 336 3369 uoniam
350 3301 458 3367 dixisse
475 3303 609 3386 videtnr3
629 3327 699 3368 nam
716 3325 764 3371 se·
822 3303 889 3384 bus,
911 3328 973 3370 non
987 3319 1093 3392 posset
1107 3330 1169 3371 non
1183 3308 1353 3394 displicere.
1374 3305 1450 3372 Om-

136 3425 266 3500 qneutes
287 3407 447 3474 sententie
469 3411 557 3475 nullo
575 3409 669 3478 modo
695 3434 765 3478 cum
821 3433 875 3475 nes
890 3413 970 3476 enirn
987 3433 1022 3476 ea
1042 3425 1132 3478 etate
1144 3413 1319 3501 pontificem
1335 3418 1450 3479 Roma·

132 3515 297 3608 principiis
325 3515 401 3598 juris
430 3516 569 3580 canonici
596 3519 765 3583 eonsentie-
821 3503 895 3582 uam
915 3539 978 3582 non
997 3519 1090 3584 ruodo
1113 3534 1257 3606 tanquam
1281 3520 1364 3584 urbis
1384 3523 1449 3585 Ro·

131 3625 220 3690 bant.
256 3627 334 3689 Usus
353 3631 399 3684 est
414 3620 590 3706 Regesldus
607 3643 765 3710 argaman·
822 3647 881 3686 mae
909 3625 1097 3710 episcopum,
1118 3627 1172 3690 sed
1196 3641 1340 3714 tanquam
1367 3645 1450 3690 eom·

132 3746 171 3798 to
189 3729 230 3796 sd
247 3725 412 3816 principes,
431 3748 508 3812 qnos
529 3727 669 3814 inprimis
690 3732 766 3794 allo·
822 3731 921 3794 munis
948 3731 1084 3794 ecelesiae
1109 3739 1230 3818 patre'm
1259 3731 1450 3822 spectabant,

129 3852 224 3904 catus
250 3849 315 3915 est„
348 3833 422 3898 satis
450 3846 540 3926 spt03
567 3857 767 3923 unumquem·
824 3837 911 3920 eique
928 3848 1037 3921 sponte
1061 3839 1152 3922 longe
1173 3839 1336 3922 majorem,
1358 3859 1450 3922 qaam

127 3965 196 4032 qne
225 3941 397 4029 principem
424 3939 457 4002 in
491 3960 544 4003 sua
575 3941 698 4006 civitate
727 3943 766 4008 si·
824 3943 940 4008 caeteris
953 3943 1121 4029 episeopis,
1143 3942 1320 4008 tribuebant
1336 3944 1450 4008 sutori·

125 4047 167 4110 bi
190 4044 344 4111 vindicare
379 4046 428 4130 jus
449 4045 608 4129 judicandi
641 4061 766 4114 contro·
823 4061 927 4115 tatem.
1003 4047 1131 4135 Indigna
1159 4051 1253 4136 igitur
1279 4049 1450 4114 necessario

122 4152 249 4217 versiae
264 4152 303 4216 de
317 4151 468 4217 electione
480 4153 663 4238 pontificum
673 4169 767 4237 ortas,
820 4153 972 4236 ferebant,
992 4157 1061 4218 talis
1079 4155 1138 4222 viri
1152 4157 1332 4220 electionem
1354 4176 1390 4220 ex
1404 4177 1451 4219 ar·

121 4274 165 4325 et
180 4279 265 4345 aegre
288 4261 441 4338 laturum,
470 4259 497 4322 si
518 4259 687 4344 imperator
706 4264 769 4326 Ro·
822 4261 917 4327 bitrio
949 4263 1142 4349 imperatoris
1181 4261 1334 4348 pendere,
1380 4261 1451 4340 rati,

119 4388 243 4432 manns
263 4384 297 4430 ss
327 4365 375 4430 bis
402 4365 572 4430 immiscere
602 4367 765 4454 voluisset,
824 4365 1046 4454 bandparrum
1066 4368 1172 4433 exinde
1189 4367 1226 4432 ad
1251 4369 1348 4454 ipsam
1363 4381 1452 4454 pote-
1490 4357 1494 4364 ’

116 4473 369 4560 tantoiuiquias
389 4473 485 4560 igitur
505 4493 557 4538 eos
580 4493 667 4560 reges
689 4495 763 4560 pro·
821 4484 931 4537 statem
960 4475 1128 4540 cesaream
1162 4495 1351 4541 accessurum
1387 4495 1451 4540 esse

116 4579 280 4648 vinciales
304 4598 396 4663 agere
413 4577 532 4665 (regem
548 4579 648 4666 carpit
667 4581 765 4644 Fran·
826 4593 1023 4646 momentum.

113 4684 216 4766 eie),
242 4683 296 4771 qni
309 4681 391 4752 idem
413 4687 462 4772 jus
488 4693 522 4749 in
550 4687 767 4752 matrorersiis
871 4685 1451 4769 'Accensislumiuilus]Cumanatbems

112 4793 172 4861 de
190 4790 343 4858 eloctione
363 4792 518 4882 poetilius
537 4795 669 4862 Romani
691 4795 769 4864 ortis
825 4796 956 4864 sollenni
976 4795 1068 4862 modo
1082 4793 1344 4884 pronuntiandum
1363 4793 1451 4873 esset,
