3524 5460
311 285 315 294 ’
357 277 433 356 698
674 275 851 350 nlsrott
864 273 1230 411 permitam.

311 513 472 592 quoque,
487 503 536 582 ut,
553 487 760 586 quicunque
774 483 917 558 mamni
930 483 1110 562 Sroonum
1124 483 1310 584 pontifices
1326 483 1474 562 meandi
1488 501 1619 579 essent,
1747 466 1748 474 ἵ

311 613 423 714 pallio
445 638 466 686 a
483 617 582 684 curia
599 607 683 683 dato
707 633 775 708 per
785 603 1013 686 Lnndensem
1030 607 1282 707 insignirentur
1296 609 1493 702 antistitem,
1509 631 1619 683 eam-

312 759 386 836 que
414 732 537 808 sedem
562 746 738 831 perpetuo
758 741 1012 804 venerarentur
1035 728 1226 829 obsequio.
1277 733 1318 802 ln
1341 728 1413 805 boe
1429 731 1622 832 privilegio

313 857 411 950 dato,
427 855 732 930 confirmationem
745 876 767 923 a
782 851 878 926 curia
898 847 1167 926 adsciscendam
1193 853 1381 952 promittit3
1404 851 1506 953 quod
1527 853 1621 928 elie·

313 997 373 1056 ctu
388 976 557 1078 perfacile
574 976 650 1048 luit.
702 973 886 1074 Siquidem
902 975 1055 1048 liomam
1078 999 1254 1067 reversus,
1281 973 1474 1050 decedente
1489 978 1621 1074 Euge-

284 1091 287 1098 ’
313 1104 383 1193 nio,
409 1105 581 1174 maximus
597 1096 776 1196 pontifex²
801 1094 1018 1196 subrogatus
1040 1112 1110 1190 est,
1144 1099 1358 1199 peregitque
1375 1098 1534 1200 publicae
1555 1125 1621 1173 re·

314 1223 453 1323 ligionis
469 1218 615 1320 praesul,
639 1217 743 1318 quod
761 1219 909 1317 privatae
929 1216 1114 1318 legationis
1133 1222 1291 1296 minister
1311 1237 1491 1297 annuerat.
1550 1225 1620 1316 Qui

315 1373 405 1438 mos,
428 1345 658 1443 usurpatione
683 1357 911 1440 posterorum
931 1339 1112 1434 firmatus,
1142 1343 1213 1418 sub
1237 1341 1309 1417 boc
1333 1345 1452 1442 nsq'oe
1477 1359 1622 1443 tempus
1749 1413 1750 1458 Ξ

316 1470 453 1567 antiqui
478 1471 610 1540 tenoris
634 1465 883 1539 observatione
908 1463 1116 1562 perfruitur.
1166 1467 1230 1538 His
1252 1466 1412 1564 peractis,
1443 1465 1622 1558 Nicclons,
1749 1533 1750 1536 ,

314 1590 478 1666 nondum
493 1592 607 1662 Dacia
625 1611 801 1688 egressus,
829 1588 1041 1680 samonem,
1057 1590 1192 1664 Svatica
1205 1587 1500 1664 meditabundum
1514 1587 1624 1682 bella,

315 1718 477 1786 Romana
490 1710 660 1786 industria
677 1711 896 1809 aproposito
920 1732 1092 1784 revocare
1108 1727 1280 1805 conatus,
1305 1709 1467 1788 locorum
1491 1711 1623 1786 diffici-

317 1835 425 1928 lium,
457 1837 572 1935 inopis
593 1835 712 1934 regni,
745 1831 972 1906 infructuosae
996 1832 1152 1908 victoriae
1179 1828 1342 1909 habitum
1366 1836 1625 1936 pretendebat.

318 1957 501 2057 Siquidem
515 1961 594 2057 ejus
612 1956 744 2030 militiae
757 1955 939 2054 negotium
955 1960 1090 2056 ingens,
1116 1956 1254 2032 fructus
1269 1963 1416 2059 exiguos
1435 1959 1524 2052 lore,
1541 1962 1624 2058 pri-
1750 1994 1751 2032 ι

318 2106 437 2180 usque
459 2084 492 2154 ei
513 2105 598 2154 cum
620 2079 727 2154 vastis
752 2095 786 2152 ct
823 2078 1040 2154 immanibus
1071 2079 1231 2178 scopulis
1271 2106 1382 2181 quam
1414 2107 1498 2158 cum
1520 2079 1625 2157 hoste
1750 2075 1751 2086 ²

321 2203 542 2276 certandum.
604 2205 686 2297 Quo
708 2202 816 2292 victo,
831 2200 919 2274 nibil
933 2215 1064 2300 praeter
1078 2203 1273 2302 ignobilem
1288 2205 1452 2306 praedam
1479 2221 1516 2280 et
1538 2227 1624 2278 sor-

319 2324 405 2400 dida
420 2325 536 2426 spolia
551 2325 743 2400 victoribus
754 2324 1017 2426 occupandum.
1068 2328 1264 2420 Postremo,
1281 2353 1365 2404 cum
1377 2326 1543 2406 stolidam
1559 2351 1626 2400 re-

318 2455 372 2552 gis
390 2454 688 2548 perseverantiam
705 2447 838 2523 consilii
866 2456 920 2524 sui
938 2450 1106 2547 sapientia
1123 2473 1296 2550 superare
1316 2456 1499 2552 nequiret,
1523 2452 1619 2522 iner-

318 2575 401 2646 tiam
417 2575 495 2671 ejus
517 2572 730 2648 facetissime
746 2569 932 2646 cavillatus
949 2585 1010 2644 est.
1071 2574 1161 2644 Nam
1176 2597 1341 2654 araneam
1360 2599 1444 2650 eum
1465 2573 1627 2648 aemulari

320 2694 472 2788 dicabat,
498 2719 592 2794 quta,
609 2693 755 2768 telarum
774 2691 952 2792 figmentis
968 2719 1051 2768 cum
1073 2693 1270 2770 discrimine
1291 2699 1372 2773 vitoe
1396 2713 1431 2772 et
1446 2703 1626 2774 viscerum
1751 2728 1752 2770 t

320 2843 468 2894 snorum
492 2823 673 2918 egestione
693 2821 879 2910 consertis,
920 2816 1009 2914 quid
1037 2819 1104 2894 nisi
1130 2818 1323 2895 scarabeos
1340 2837 1467 2919 putres
1488 2835 1524 2894 et
1545 2819 1627 2894 vilia

320 2938 511 3038 prenderet
539 2938 726 3012 animalia?
787 2940 901 3037 Cujus
929 2938 1080 3039 exempli
1109 2941 1284 3016 evidentia
1307 2947 1462 3035 laraneae
1490 2967 1627 3041 regem,

320 3062 478 3134 militiam
494 3062 584 3153 telae,
615 3045 796 3136 victoriam
812 3062 952 3135 venatui
966 3063 1183 3140 conserebat.
1242 3069 1292 3138 lta
1314 3065 1461 3142 aridum
1485 3063 1626 3157 ducem,

321 3189 458 3282 exiguae
477 3188 527 3258 rei
547 3184 737 3283 cupiditate
753 3207 791 3256 se
806 3186 924 3280 ipsum
941 3186 1079 3260 viribus
1100 3191 1365 3282 exinanientem,
1399 3186 1511 3264 inutili
1528 3187 1626 3262 bello

320 3305 484 3380 delectari
501 3306 729 3381 monstrabat.
782 3309 896 3418 Cujus
920 3309 1036 3382 Sveno
1052 3308 1257 3410 dignitatem
1274 3315 1516 3412 potiusquam
1540 3337 1627 3384 mc·

319 3435 432 3502 nitum
449 3446 648 3522 veneratus,
673 3429 939 3536 abeuntemque
966 3458 1050 3506 enm
1074 3433 1120 3506 ad
1146 3438 1245 3535 regni
1268 3435 1357 3510 fines
1378 3457 1497 3533 usque
1519 3458 1627 3506 eom-

320 3553 498 3627 meatibus
515 3569 738 3652 prosecutus,
764 3551 925 3628 destinati
940 3553 1025 3628 olim
1049 3556 1137 3630 belli
1157 3559 1314 3634 studium
1330 3559 1449 3632 animo
1467 3579 1628 3630 revoca-

321 3677 387 3771 vit3
413 3679 549 3774 quippe
569 3703 678 3774 quem
693 3683 806 3777 magis
831 3677 1010 3776 potiendae
1030 3681 1155 3754 Svetiae
1173 3681 1327 3782 cupido,
1354 3705 1466 3779 quam
1487 3696 1549 3754 aut
1565 3685 1627 3750 in-

318 3800 422 3896 juriae
446 3797 552 3871 dolor
568 3815 628 3874 aut
643 3799 791 3898 pudoris
808 3806 1065 3882 irritamentum
1079 3805 1298 3879 accenderat.
1360 3805 1552 3876 Maximam
1569 3806 1628 3874 si-

322 3921 467 4018 quidem
481 3921 691 3996 invadendae
714 3929 791 4026 ejus
808 3929 1129 4024 opportunitatem,
1166 3945 1241 4002 tum
1256 3926 1305 4002 ob
1330 3931 1468 4000 senium
1490 3921 1630 3997 imbel-

321 4041 476 4143 liamque
501 4047 685 4140 Sverconis
712 4064 786 4120 tum
805 4048 854 4120 ob
870 4047 1034 4124 factiones
1054 4059 1142 4125 inter
1156 4047 1310 4124 eundem
1333 4065 1367 4122 et
1392 4046 1538 4148 plebem
1560 4073 1630 4122 re-

322 4183 440 4238 center
458 4185 552 4240 ortas
573 4168 667 4264 (nam
684 4171 856 4246 loannem
872 4187 1029 4272 agrestes
1045 4180 1311 4247 concionantem
1326 4170 1632 4268 occiderant),ar—

322 4284 531 4362 bitrabatur.
570 4293 660 4389 vSpe
678 4316 825 4390 quoque
841 4310 912 4366 tam
934 4311 1010 4370 rata
1034 4297 1216 4376 victoriam
1243 4293 1564 4394 complectebatur,
1589 4311 1635 4368 ut

323 4425 403 4480 ante
417 4410 546 4482 militiae
568 4413 752 4486 exordium
778 4418 868 4489 inter
886 4417 1012 4493 milites
1027 4443 1114 4494 suos
1139 4421 1356 4493 Sveticarum
1374 4419 1457 4516 jura
1473 4419 1633 4516 provin-

322 4535 457 4604 ciarum
483 4549 653 4632 tanquam
679 4537 763 4609 belli
781 4543 927 4638 praemia
942 4545 1138 4642 partiretur.
1200 4547 1284 4618 Duo
1306 4565 1456 4641 quoque
1472 4567 1515 4617 ex
1531 4567 1635 4642 pro-

374 4833 380 4862 ¹
396 4833 544 4892 illuminas
560 4831 709 4916 paralisis]
723 4839 851 4900 Nomine
873 4837 1019 4904 Hadriani
1040 4841 1148 4937 Quarti
1163 4852 1294 4905 vocatus.
