3508 5460
373 277 447 352 740
618 273 622 296 ¹
705 281 881 351 Hts'rott.
898 283 1002 352 DAN.
1021 283 1160 356 Ltuntt
1179 285 1269 355 xlv.

320 491 458 586 perium
474 487 652 584 obsequio
667 485 944 583 praecurrebant,
960 488 1074 579 lutati,
1092 513 1211 589 regern
1229 489 1302 564 sibi¹
1312 488 1505 567 advenum
1520 515 1634 573 aemi-

319 609 374 682 los
396 608 486 682 belli
505 608 641 688 ducem
661 627 900 709 autoremque
928 611 1101 688 sutorum.
1159 613 1229 686 Sed
1244 613 1342 689 huuc
1365 613 1445 710 ejus
1467 640 1633 704 errorem,

319 735 464 808 sinistris
481 735 620 806 monitis
635 735 866 822 concitatum,
892 730 1043 808 {ortunae
1061 734 1227 810 violentia
1247 737 1340 812 felici
1355 731 1517 810 remedio
1535 757 1632 830 prae-

319 859 482 930 cucurrit.
542 860 632 929 Nam
656 883 740 930 curn
765 883 826 928 rex
841 860 987 954 ‚maguis
1010 858 1148 932 viribus
1180 860 1381 934 succinctus
1411 860 1476 930 iter
1500 839 1634 954 ingredi

319 980 438 1070 vellet,
462 979 559 1076 apud
579 978 825 1078 liingstadium
839 977 956 1050 subita
972 979 1064 1053 febri
1083 981 1282 1078 implicitus
1315 980 1550 1070 Absalouem,
1573 1003 1632 1048 re-

318 1106 433 1176 missis
451 1104 583 1197 copiis,
607 1108 706 1174 ocius
723 1101 769 1174 ad
787 1125 825 1174 se
850 1107 972 1174 venire
989 1103 1104 1199 jubet.
1164 1109 1212 1178 lta
1229 1105 1414 1203 ¹‚pestilerae
1439 1106 1533 1200 regis
1549 1125 1634 1174 rno-

318 1227 428 1300 litioni
449 1241 654 1322 opportuna
677 1222 877 1300 valitudinis
899 1230 1151 1322 conquassatio
1167 1227 1325 1304 remedio
1342 1226 1419 1300 suit.
1477 1229 1549 1296 Nee
1563 1228 1632 1296 nri-

319 1375 387 1422 nus
402 1346 620 1420 Waldemari
636 1352 843 1420 innocentiae
870 1373 982 1444 quarn
997 1349 1141 1425 insontis
1158 1350 1286 1448 populi
1301 1348 1415 1441 saluti,
1429 1350 1538 1422 misso
1554 1371 1634 1420 coe-

318 1475 401 1545 litus
415 1472 608 1568 languore,
633 1469 847 1544 consultum.
906 1475 1021 1562 Quam
1037 1497 1151 1570 porro
1175 1491 1259 1548 tunc
1277 1498 1349 1546 non
1366 1471 1486 1546 solum
1509 1469 1634 1555 deler-

317 1622 424 1686 mero,
450 1593 514 1668 scd
530 1597 635 1666 etiarn
652 1593 894 1666 miserabilem,
906 1597 956 1666 rei
973 1597 1118 1670 Danista
1135 1612 1263 1668 statum
1281 1595 1391 1670 luisse
1415 1589 1636 1670 credendum

317 1737 381 1810 est,
397 1743 482 1790 curn
497 1716 583 1789 foris
600 1715 803 1806 hostilibus,
820 1718 911 1790 intus
927 1718 1033 1814 regiis
1047 1721 1156 1792 armis
1171 1708 1421 1816 appeteretur?
1448 1716 1535 1806 Quis
1551 1737 1637 1786 vero

318 1841 438 1912 divino
459 1841 606 1912 numine
620 1809 785 1911 effectum
811 1838 990 1936 ambigat,
1016 1867 1061 1912 ne
1085 1845 1209 1939 patriae
1229 1847 1422 1937 imperator
1438 1837 1582 1912 suturus
1601 1838 1637 1908 iu

318 1969 399 2061 ipso
415 1987 518 2060 paene
541 1959 693 2059 fulgoris
710 1963 766 2033 sui
789 1961 986 2060 primordio
1002 1987 1171 2060 regnum,
1196 1963 1298 2061 quod
1313 1989 1356 2038 ex
1374 1961 1530 2048 Ιιοεῐίιιω
1553 1983 1637 2033 ma-

317 2088 423 2158 nibus
438 2101 626 2184 erepturus
642 2099 726 2173 crat,
752 2083 938 2172 obrueret,
971 2085 1054 2181 quia
1073 2088 1195 2184 patriae
1218 2087 1381 2162 habenas
1402 2086 1534 2158 tenenti
1561 2079 1638 2154 dis-

316 2209 473 2282 licillimo
490 2206 622 2278 morbo
638 2230 747 2303 quam
766 2211 921 2278 maximo
940 2207 1085 2280 facinori
1105 2208 1277 2306 implicari
1296 2212 1405 2283 satius
1432 2206 1520 2297 fuiti
1561 2209 1637 2278 tu-

315 2357 388 2430 que
402 2331 576 2428 languore
592 2327 702 2402 indies
716 2335 834 2402 acrius
848 2347 1040 2428 grassante,
1059 2331 1219 2404 Absalon
1233 2357 1301 2430 pro
1317 2333 1431 2408 salute
1445 2333 1545 2430 regia
1560 2356 1636 2404 vo-

315 2457 358 2528 tis
376 2455 551 2528 excubare
567 2478 640 2526 non
660 2453 787 2526 distitit.
841 2451 896 2524 Ad
913 2452 1074 2526 ultimum
1093 2453 1205 2528 veluti
1223 2454 1368 2529 remedii
1389 2453 1640 2552 desperatione

314 2578 501 2676 perfusus,
522 2601 606 2647 eum
623 2578 769 2648 unicum
789 2577 823 2648 in
846 2582 974 2650 virtute
994 2575 1114 2650 divina
1130 2579 1299 2654 auxilinm
1315 2593 1448 2654 restare
1464 2573 1638 2650 animad-

316 2715 483 2788 verteret,
514 2695 561 2768 ad
592 2723 671 2768 earn
697 2700 961 2798 propitiandam
991 2726 1237 2776 summarum
1263 2703 1521 2776 examinatione
1551 2716 1639 2774 vota

313 2847 381 2920 pro
411 2837 545 2920 aegroto
567 2835 838 2917 nuncupaturus
864 2830 1028 2914 accessit,
1060 2823 1290 2924 divinamque
1313 2851 1388 2898 rem
1417 2821 1638 2898 sacerdotali

312 2961 409 3016 veste
432 2945 579 3016 amictus
602 2948 665 3014 rite
686 2951 837 3044 peregit3
864 2947 1036 3020 sacrificia
1058 2945 1188 3018 deinde
1211 2946 1374 3046 legitimis
1394 2947 1517 3022 verbis
1541 2973 1639 3022 cou-

314 3066 424 3136 feeta¹
459 3065 506 3136 ad
530 3089 668 3164 aegrum
695 3065 836 3159 detulit,
869 3093 910 3141 ac
932 3095 1036 3167 paene
1071 3073 1221 3142 exanimi
1249 3069 1440 3146 delibanda
1463 3077 1637 3168 porrexit.

312 3188 453 3278 Quibus
481 3187 541 3258 illc
567 3184 736 3279 resectus,
770 3195 936 3262 continuo
959 3192 1089 3266 oborto
1113 3191 1264 3285 sudore,
1291 3195 1399 3270 bouae
1422 3193 1639 3270 valetudinis

311 3308 474 3381 habitum
491 3314 723 3406 recuperavit
763 3317 913 3386 Arrtistes
930 3331 1060 3404 tamen,
1075 3315 1195 3388 adhuc
1214 3316 1259 3388 de
1277 3320 1354 3414 ejus
1369 3317 1636 3396 couvalescen-
1737 3363 1738 3366 ¹

311 3438 356 3504 tia
373 3431 527 3522 dnbiuS,
552 3433 728 3534 languore
745 3463 788 3510 ex
808 3409 1186 3546 molestiarum-aeto,
1214 3456 1361 3538 repente
1382 3447 1543 3540 corporis
1559 3446 1634 3518 fir-
1737 3421 1738 3466 ἶ

310 3561 427 3626 mitate
451 3554 557 3630 defici
576 3561 694 3656 coepit.
753 3566 806 3634 Ac
832 3563 898 3634 nisi
922 3561 1069 3634 coeleste
1092 3561 1288 3640 remeditnn
1315 3563 1522 3660 affulsisset,
1544 3593 1635 3666 spos

309 3694 413 3750 tantae
437 3677 564 3752 indolis
590 3685 722 3779 inipso
745 3699 826 3756 ortu
844 3706 911 3756 suo
932 3683 1167 3758 occubuisset
1227 3685 1297 3762 sed
1318 3688 1452 3765 necilli
1472 3691 1638 3764 sanitatis

307 3800 469 3874 alienatio
486 3801 743 3900 impedimento
757 3803 836 3878 loro
852 3813 986 3904 potuit,
1013 3831 1087 3904 quo
1103 3808 1219 3880 minus
1235 3835 1360 3882 curam
1377 3814 1491 3911 regis,
1516 3837 1634 3910 quarn

306 3949 431 4022 sospes
455 3943 623 4022 gesserat,
644 3953 739 4026 aeger
753 3947 1018 4034 exsequeretur.
1066 3934 1178 4002 uatus
1193 3930 1383 4028 siquidem,
1400 3933 1636 4008 emendatam

307 4051 415 4144 ipsius
430 4047 669 4122 valetudinem
683 4054 768 4123 tristi
785 4054 918 4124 nuncio
934 4055 1118 4150 corrumpi
1133 4077 1260 4150 posse,
1287 4053 1506 4130 affectionem
1522 4083 1638 4134 suam

306 4173 337 4240 oi
354 4172 510 4243 nunciari
529 4170 728 4269 prohibuit,
755 4199 800 4244 ne
820 4176 939 4248 subita
956 4180 1064 4250 animi
1081 4163 1215 4250 tristitia
1230 4179 1434 4276 implicatus
1447 4182 1484 4252 in
1498 4183 1636 4280 prieti·
1736 4223 1737 4290 ]

306 4315 388 4362 nam
412 4310 550 4388 pestem
575 4292 808 4367 relaberetur.
870 4301 1044 4396 sospitate
1069 4299 1226 4392 reddita,
1250 4303 1359 4376 ambo
1385 4321 1458 4376 tarn
1480 4301 1637 4378 enuntia

306 4417 481 4508 propositi
502 4415 754 4514 interpellatori
778 4421 856 4492 Deo
880 4419 1124 4494 saluberrimae
1143 4421 1394 4502 admonitionis
1410 4443 1528 4525 grates
1543 4424 1640 4500 sol-

352 4563 361 4594 ¹
379 4561 533 4643 Sacrificio
555 4565 658 4626 ‹lerbcle
681 4568 819 4648 legitimis
840 4569 936 4628 uerbis
996 4565 1122 4644 scilicet,
1139 4584 1364 4634 sacrosanctum
1387 4571 1464 4636 illud
1486 4572 1646 4658 corporis

304 4662 450 4748 consecto]
473 4668 629 4752 Sacrificia
649 4673 799 4732 Saronem
825 4672 934 4736 dixisse
996 4682 1027 4732 et
1053 4674 1207 4756 sangrinis
1237 4679 1352 4742 Christi
1379 4681 1551 4764 mysterium
1575 4707 1645 4746 se·

304 4791 362 4852 pro
377 4779 581 4844 sacramentis,
611 4795 695 4838 more
714 4775 858 4859 loquendi
874 4779 934 4840 isto
995 4780 1133 4862 rrifier'uur
1166 4809 1225 4868 pro
1252 4791 1327 4848 aubis
1352 4802 1381 4849 et
1409 4792 1529 4850 mortur's
1548 4811 1646 4858 esse,

303 4875 506 4952 aetousitato‚
525 4879 643 4942 nullum
658 4893 703 4942 ost
721 4879 934 4965 dubium,qno
992 4896 1172 4948 statuerunt.
1202 4889 1254 4960 (Sl
