3582 5466
362 321 437 396 568
679 313 887 396 ,luston
903 311 1010 384 DAN.
1026 309 1165 382 LIBER
1179 311 1238 382 Xl.

316 533 394 605 stite
413 530 539 625 spiritu
553 519 746 624 jucundior
764 515 840 596 fuit.
893 523 1010 614 Quem
1024 519 1148 596 famuli
1165 519 1312 619 longam
1328 515 1525 597 admodum
1551 543 1624 595 ou·-

317 647 428 732 bandi
448 673 587 726 moram
605 647 717 744 egisse
739 645 873 736 mirati,
912 669 995 719 cum
1022 646 1264 743 nequicquam
1285 641 1424 739 erigere
1445 644 1624 741 jacentem

319 770 460 863 vellent,
484 773 680 845 exanimem
703 784 920 866 repererunt.
978 768 1090 866 Igitur
1112 789 1239 842 recens
1267 764 1433 848 omnibus
1453 763 1626 864 inopinati

318 895 452 973 funeris
475 891 590 966 luctus
607 891 769 965 exoritur.
829 891 912 988 lpse
934 911 1023 963 vero
1044 894 1155 964 asnis
1175 889 1307 972 feretro
1327 902 1626 986 exceptantque

319 1031 401 1088 ante
417 1039 538 1112 regem
554 1013 677 1104 elatus,
695 1029 731 1086 ut
747 1011 818 1089 sato
831 1015 1019 1110 posterior,
1043 1015 1088 1084 ita
1103 1009 1249 1096 funebri
1265 1035 1402 1110 pompa
1418 1011 1518 1108 prior
1530 1012 1626 1090 exti-

321 1137 367 1210 tit
422 1136 511 1210 Viris
526 1157 683 1233 namque
698 1131 839 1208 funebri
861 1137 1032 1208 Svenonis
1049 1131 1141 1208 lecto
1158 1131 1331 1208 humeros
1348 1129 1627 1221 subiicientibus,

321 1266 398 1357 ipse
416 1259 518 1356 equis
533 1256 729 1330 subvectus
746 1255 856 1332 veluti
871 1254 1019 1355 quidam
1038 1261 1269 1356 exequiarum
1287 1258 1367 1356 ejus
1383 1255 1507 1351 auriga
1524 1277 1627 1351 prse-

321 1382 436 1454 cessit.
489 1383 591 1454 Prior
607 1403 693 1453 vero
709 1383 864 1453 sacrario
890 1376 1018 1454 allatus
1042 1401 1164 1452 veram
1186 1380 1350 1477 praesagii
1374 1377 1485 1452 fidem
1499 1375 1627 1452 retulit.

321 1504 401 1593 Qua
420 1517 489 1574 tam
505 1499 705 1574 admirabili
722 1500 780 1576 fati
795 1519 890 1579 sorte
907 1501 1050 1600 potitus,
1074 1525 1112 1575 se
1133 1509 1227 1603 regia
1244 1501 1380 1576 cultum
1403 1502 1537 1580 caritati
1552 1521 1627 1596 po-

320 1624 409 1696 tius²
437 1647 546 1722 quam
578 1623 731 1710 fortunae
762 1647 941 1724 erogasse,
971 1621 1167 1721 perdocuit.
1231 1625 1399 1722 Exequiis
1430 1625 1627 1720 impomiua

322 1748 421 1835 actis,
439 1745 629 1818 amborum
646 1769 798 1843 corpora
815 1747 1016 1844 conjunctis
1038 1744 1235 1820 admodum
1258 1745 1404 1820 tumulis
1426 1742 1629 1834 occludun-

322 1870 417 1938 tur².
465 1869 551 1940 Haec
570 1885 652 1944 sunt
667 1866 869 1950 veneranda
884 1871 1042 1946 amicitiae
1056 1868 1241 1967 stipendia,
1276 1893 1371 1966 qnae,
1392 1893 1475 1942 cum
1489 1893 1512 1942 e
1527 1865 1628 1943 duo-

323 1987 395 2070 bus
411 1990 491 2085 ejus
507 1991 734 2066 consortibus
748 1991 839 2068 alter
853 1991 997 2083 excidit,
1023 1991 1185 2092 reliquo,
1209 1995 1289 2064 vitae
1307 1987 1497 2064 dulcedine
1520 1987 1629 2070 fasti-

324 2108 415 2199 dita,
449 2113 570 2186 mortis
595 2117 794 2213 appetitum
817 2116 1033 2214 ingenerant.
1114 2120 1197 2188 Post
1217 2112 1297 2186 baec
1331 2114 1446 2191 Stena
1469 2115 1630 2202 Noricus,

324 2257 434 2330 quem
450 2259 558 2332 supra
576 2235 788 2336 significavi,
813 2235 1067 2312 communibus
1082 2234 1170 2320 cleri
1184 2234 1361 2334 suffragiis
1388 2232 1628 2313 sacerdotium

263 2391 272 2408 ¹
323 2361 442 2429 sumit.
1241 2340 1243 2344 ⁸

287 2563 295 2570 ¹
418 2459 421 2464 ⁵
456 2479 578 2578 Regiae
595 2507 680 2554 vero
696 2484 929 2558 successionis
947 2480 1124 2566 delectum
1148 2505 1281 2581 anceps
1296 2479 1526 2582 popularium
1540 2501 1630 2560 sen-

324 2602 430 2672 tentia
447 2604 695 2699 pertractabat
743 2607 860 2703 Major
875 2606 1224 2702 namqneDanorum
1239 2631 1335 2704 pars,
1350 2589 1631 2700 memonqmmss

324 2725 366 2798 tis
381 2749 449 2823 per
461 2727 651 2817 Canutum,
677 2725 798 2803 adbuc
812 2730 958 2826 privatae
976 2727 1138 2821 fortunae,
1154 2727 1320 2826 perieulis
1351 2727 1494 2824 objecta
1513 2723 1631 2813 luerit,

323 2852 506 2947 graviora,
540 2851 569 2920 si
589 2873 737 2948 regnum
760 2847 937 2940 indueret,
962 2848 1090 2941 verita,
1115 2850 1270 2948 maligna
1289 2852 1428 2925 virtutis
1442 2849 1631 2944 interpres,

325 2968 424 3066 quod
449 2969 572 3068 glorie
597 2972 674 3067 ejus
695 2995 895 3044 accrescere
926 2969 1121 3064 debuerat,
1162 2972 1383 3069 iniquissima
1419 2972 1630 3049 meritorum

325 3092 555 3164 aestimatione
570 3089 775 3182 damnabat,
801 3092 945 3166 elevatis
962 3095 1131 3168 virtutum
1148 3095 1316 3198 praemiis,
1332 3093 1526 3167 clarissima
1549 3095 1631 3190 ejus

325 3237 435 3310 opera
453 3213 608 3313 repulsae
622 3213 841 3313 turpitudine
865 3215 1106 3315 rependendo.
1167 3219 1277 3316 Igitur
1292 3233 1330 3289 ut
1345 3217 1442 3290 hune
1458 3217 1631 3315 negotio-

327 3517 416 3568 aelete
429 3506 508 3569 baud
525 3503 661 3581 inferior,
676 3502 810 3568 scribens
822 3503 948 3590 (script.
1056 3511 1234 3572 maiorum
1254 3534 1378 3596 corporo
1401 3510 1563 3589 conjunctis
1579 3523 1631 3568 tu-

326 3629 386 3673 rer.
394 3615 471 3674 Dan.
487 3613 546 3674 tol.
559 3616 572 3674 l
585 3635 616 3698 p.
631 3607 716 3692 378),
735 3635 830 3693 regem
843 3615 950 3674 Soano-
1004 3617 1089 3678 situlas
1103 3611 1305 3692 occluduntur]
1327 3617 1420 3676 Erret
1440 3611 1563 3683 omnino
1577 3635 1632 3674 au·

327 3741 389 3780 nem
415 3720 572 3780 thelmo
607 3720 744 3804 defuncto
777 3718 950 3800 subrogasse
1003 3732 1054 3784 tor
1068 3720 1206 3794 ¹historias
1227 3721 1460 3806 Ilnytliugorum
1477 3718 1521 3804 (p.
1542 3716 1632 3800 914),

324 3827 488 3906 spetiosum
505 3848 587 3887 situm
605 3841 634 3886 et
650 3825 838 3908 capellanum.
893 3825 949 3886 At-
1004 3827 1175 3890 Svenoncm
1182 3825 1543 3908 Ringsiadiitumulatum
1555 3828 1632 3890 scri-

326 3938 428 3990 tataen
443 3928 538 3990 multo
554 3926 670 3991 facilius
679 3947 726 3988 me
734 3927 835 4008 judice
848 3949 950 3995 errare
1005 3931 1090 3996 bens.
1130 3935 1208 3996 Num
1222 3953 1284 3994 non
1295 3931 1386 3998 modo
1400 3933 1562 3998 AElsotbns
1576 3935 1632 3996 l.c.

326 4034 426 4118 potuit
443 4037 616 4114 anonymus
628 4032 835 4096 Roslsildeusis
850 4034 880 4095 in
898 4058 950 4098 an·
1005 4050 1036 4100 et
1049 4040 1223 4120 Anonymns
1244 4037 1451 4104 Rosltildensis
1476 4042 1496 4102 l.
1515 4060 1540 4104 c.
1559 4060 1631 4106 eum

326 4159 366 4200 no
381 4140 544 4207 Wilhelmi
557 4139 717 4200 emortuali
728 4141 949 4218 constituendo,
1004 4146 1121 4206 Saxone
1147 4145 1355 4222 consentiunt,
1384 4145 1438 4208 sed
1456 4145 1553 4218 adbuc
1566 4167 1633 4210 ser-

325 4265 417 4328 quam
435 4244 560 4308 historia
582 4243 732 4308 demone
747 4245 910 4313 Wilbelmi
932 4271 948 4310 a
1006 4261 1113 4312 tantur
1136 4271 1202 4312 ossa
1225 4264 1256 4314 et
1280 4252 1361 4336 regis
1381 4265 1413 4317 et
1432 4254 1567 4338 episcopi
1595 4255 1632 4316 in

326 4342 409 4412 clero
430 4349 619 4414 liosltildensi
638 4347 758 4431 silingi.
807 4353 949 4417 eohaeret
1005 4355 1100 4418 choro
1129 4357 1263 4420 ecclesie
1292 4357 1473 4422 cathedralia
1502 4359 1633 4424 flulti-s

325 4467 476 4539 praterea
495 4455 561 4518 haee
583 4457 716 4521 narratio
734 4476 802 4522 curn
823 4461 952 4524 nonnul·
1007 4461 1113 4526 densis.
1149 4462 1386 4528 Observationes
1400 4467 1560 4531 nonnullas
1575 4488 1632 4552 ge-

326 4561 372 4640 lis,
394 4585 463 4648 quae
482 4562 622 4646 deinceps
641 4577 827 4626 enarrantur.
1006 4571 1123 4632 nerales
1136 4567 1165 4630 in
1181 4569 1337 4636 historiam
1347 4573 1496 4642 suenonis
1508 4574 1634 4640 Estritii

372 4675 380 4706 ¹
396 4671 528 4734 Cart'tati
535 4667 651 4756 potrus]
670 4669 850 4754 Stephanlus
866 4669 950 4736 addi·
1006 4674 1066 4737 vicl.
1081 4674 1113 4736 in
1130 4687 1192 4738 noi.
1208 4674 1291 4742 uber.

326 4774 370 4838 dit
378 4782 494 4863 potrus,
507 4788 650 4840 contextu
666 4775 725 4840 hoc
739 4777 921 4860 postulante.
