3524 5460
526 301 674 378 SVENO
690 306 747 376 111.
799 303 1006 378 CANUTUS
1023 303 1063 378 V.
1322 305 1395 380 685

140 498 186 588 de
201 499 280 613 ejus
297 511 452 588 adventu
469 519 646 615 cognovit,
672 516 799 590 sinum
815 511 1006 588 diffidentia
1030 511 1131 610 apud
1148 512 1367 612 Wibergam,
1385 539 1448 586 re-

34 681 38 686 ·
141 636 304 726 centibus
324 659 346 708 a
368 661 408 710 se
431 638 653 716 munimentis
679 634 876 729 excultam,
899 635 1124 712 obsidionem
1145 637 1238 720 ierne
1262 639 1450 719 constitnit.

142 758 210 833 Ubi
235 757 283 832 ad
309 757 573 838 sustentandam
593 775 802 860 sumptuum
825 762 1067 836 necessitatem
1099 758 1196 832 hona
1220 759 1450 856 eorum„qui

141 879 187 954 ad
206 883 387 955 Canutnm
408 898 672 974 concesserant,
698 886 831 982 rapinis
849 881 1027 976 exhaurit,
1057 880 1294 980 praedamque
1308 883 1448 980 stipen-

143 1003 198 1078 dia
214 1003 398 1078 contrabit.

172 1184 177 1196 .
273 1129 506 1219 sternutus,
529 1151 571 1200 ex
599 1130 769 1226 proximae
787 1153 919 1229 pugna*
938 1146 1067 1202 eventu
1092 1126 1221 1199 urbem
1241 1150 1451 1224 oppugnare

144 1247 290 1342 diffisus,
314 1247 503 1324 formidata
522 1249 684 1326 locorum
704 1251 857 1344 fortuna,
883 1249 1011 1350 procul
1031 1249 1211 1322 moenibus
1225 1263 1341 1320 castra
1357 1273 1451 1328 con-

142 1373 261 1463 stituit,
292 1374 449 1470 opperiri
471 1370 613 1463 volens,
637 1370 760 1469 quoad
785 1372 955 1465 aemulus,
980 1370 1159 1470 protelatis
1185 1369 1351 1462 diebus²,
1380 1369 1451 1442 ali-

144 1511 344 1569 mentorum
367 1511 520 1596 egestate
543 1509 689 1570 vexatus
714 1511 775 1568 aut
798 1502 950 1594 turpiter
974 1496 1098 1594 sugam
1124 1510 1185 1566 aut
1212 1510 1342 1568 temere
1364 1493 1452 1568 bel·-
1562 1559 1570 1575 ,

143 1617 217 1690 lum
242 1619 425 1718 arriperet.
481 1623 535 1694 Ea
557 1620 685 1692 Canuti
706 1641 788 1716 spes
816 1619 970 1692 Svenoni
995 1621 1151 1692 victoriae
1176 1616 1252 1690 suit.
1313 1617 1451 1693 Eodem

145 1755 304 1839 tempore
320 1744 442 1814 Bruno
461 1738 620 1840 quidam,
655 1742 716 1837 qui
740 1756 775 1813 et
791 1745 969 1813 Canutum
986 1741 1064 1839 ipse
1087 1767 1108 1812 e
1134 1745 1284 1812 Saxonis
1307 1757 1451 1814 secutus

147 1862 270 1950 suerat,
296 1869 372 1939 sive
394 1865 565 1938 Svenonis
592 1867 756 1936 instinctu
785 1881 994 1962 corruptus,
1014 1889 1098 1936 cum
1120 1890 1195 1963 qno
1225 1881 1359 1938 vetusta
1385 1863 1453 1938 sibi

146 1986 295 2058 societas
318 2001 411 2078 erat,
434 1984 616 2060 firedilati
644 1984 728 2058 belli
742 1984 848 2062 taedio
874 1988 1039 2076 satiatus,
1062 1990 1249 2084 impetrata
1273 2003 1454 2087 utcunque

146 2107 297 2198 licentia,
320 2131 403 2181 cum
421 2107 559 2207 aliquot
574 2110 702 2206 Ripam
725 2109 874 2182 secessit
933 2110 1049 2184 Saeuo
1071 2135 1169 2201 vero,
1194 2135 1276 2182 cum
1299 2135 1377 2182 rem
1392 2113 1453 2189 lar-

145 2228 320 2302 miliarem
342 2235 480 2330 magnis
503 2235 541 2304 in
564 2229 655 2304 urbe
671 2231 876 2328 sumptibus
891 2231 1127 2325 exhausisset,
1151 2259 1270 2331 neque
1292 2232 1453 2309 trahendi

145 2351 279 2426 diutius
298 2351 385 2431 belli
401 2357 581 2428 materiam
595 2355 891 2452 circumspiceret,
907 2351 1113 2428 audendum
1132 2347 1265 2452 aliquid
1284 2381 1365 2428 cum
1382 2381 1454 2454 pe-

147 2473 262 2549 riculo
285 2491 404 2568 ratus,
429 2493 539 2550 noctu
561 2479 697 2576 magnis
720 2478 903 2551 itineribus
927 2483 1052 2552 tacitus
1082 2475 1129 2550 ad
1157 2475 1315 2552 hostiurn
1338 2495 1454 2554 castra

148 2596 345 2692 contendit,
372 2621 509 2698 eosque
532 2620 637 2672 mane
663 2597 782 2672 divina
816 2616 981 2674 curantes
1023 2597 1244 2698 improvidos
1279 2602 1452 2699 irrumpit.

148 2721 288 2814 Quibus
301 2723 484 2818 repentino
497 2738 595 2795 metu
610 2721 795 2822 perculsis,
809 2739 847 2796 ut
865 2724 996 2820 cuique
1019 2734 1158 2796 animus
1172 2740 1265 2811 erat,
1297 2721 1375 2808 aliis
1386 2723 1453 2796 su-

147 2865 242 2944 gam,
268 2843 347 2918 aliis
360 2869 460 2916 arma
477 2869 607 2942 capere
621 2847 801 2945 negotium
819 2846 894 2918 fuit
944 2844 1086 2920 Medius
1106 2843 1238 2918 borum
1264 2844 1450 2918 interflue-

147 2967 210 3040 bat
231 2972 329 3042 rivus
351 2964 497 3040 occultis
520 2969 751 3068 voraginibus
775 2968 965 3065 frequens,
990 2966 1053 3040 sed
1079 2993 1151 3042 uno
1174 2965 1340 3040 duntaxat
1361 2967 1455 3040 vado
1502 3047 1517 3058 Η

149 3089 334 3182 meabilis,
359 3089 460 3188 quod
486 3093 714 3164 Svenonianis
732 3092 965 3188 incognitum,
997 3091 1174 3164 Canuticis
1206 3105 1330 3164 notum
1356 3095 1457 3188 prior

37 3297 42 3304 ¹
150 3212 219 3288 loci
237 3217 410 3312 inspectio
426 3215 563 3291 fecerat.
612 3215 769 3312 Exiguus
784 3211 879 3285 idem
899 3231 934 3288 ct
950 3213 1125 3288 obscurus
1141 3211 1237 3300 olim,
1265 3238 1359 3286 nunc
1371 3211 1454 3286 belli

149 3336 302 3434 inclytus
317 3338 421 3409 fama.
471 3337 581 3436 igitur
604 3339 668 3434 qui
691 3339 902 3440 irruperant,
926 3337 1120 3437 ignorantia
1148 3337 1217 3410 loci
1252 3338 1365 3408 invias
1391 3337 1455 3408 rivi

150 3474 266 3558 partes
280 3459 448 3560 aggressi,
456 3459 681 3556 praecipitatis
693 3462 805 3558 equis,
821 3459 1009 3557 improvidi
1028 3461 1181 3558 impetus
1198 3484 1324 3558 poenas
1339 3455 1455 3530 dede·
1545 3499 1548 3506 ν

151 3607 200 3656 re.
248 3585 390 3679 Experti
408 3581 606 3679 periculum
621 3583 759 3656 eminus
777 3591 916 3674 instant,
941 3583 1137 3682 lundisqne
1159 3607 1200 3654 ac
1213 3565 1346 3681 jaculis
1362 3607 1456 3680 pro-

153 3721 292 3794 vocant,
308 3729 540 3802 congressum
555 3701 767 3802 probibente
783 3703 921 3778 lacuna.
972 3709 1074 3778 'func
1091 3709 1256 3795 Saxones
1274 3721 1459 3778 ostentan-

153 3827 209 3904 dae
224 3829 359 3902 virtutis
374 3823 480 3914 avidi,
506 3851 551 3898 ne
570 3825 680 3900 rebus
694 3825 795 3900 locus
811 3825 984 3919 officeret,
1010 3828 1112 3924 equis
1134 3825 1267 3900 vadum
1295 3825 1457 3898 insiliunt.

152 3949 409 4038 waldemarus,
431 3963 623 4048 postquam
647 3946 683 4019 id
709 3948 776 4021 loci
799 3950 992 4048 equitabile
1017 3947 1129 4040 ridet,
1150 3963 1322 4046 tanquam
1336 3948 1457 4022 hostes

154 4073 298 4147 nauata
323 4070 570 4170 prohibiturus
613 4097 658 4144 eo
691 4071 790 4144 frena
824 4075 1016 4164 convertit,
1052 4070 1276 4169 adversoque
1300 4097 1383 4143 cnm
1410 4074 1460 4146 eis

154 4219 250 4295 equo
271 4219 496 4284 concurrens,
521 4195 710 4293 impactam
733 4197 793 4268 nni
809 4194 966 4268 lanceam
983 4195 1137 4294 ingenuo
1162 4193 1329 4266 militandi
1359 4221 1459 4268 more

153 4319 330 4418 perfregit.
383 4316 451 4390 Sed
476 4333 597 4391 contra
623 4317 660 4388 in
681 4318 762 4417 ipso
777 4319 917 4418 gurgite
940 4319 987 4390 ita
1012 4319 1192 4415 quaternis
1220 4315 1326 4393 simul
1351 4315 1462 4392 hastis

153 4443 362 4542 excipitur2,
380 4457 419 4514 ut
434 4465 549 4540 equus
564 4441 599 4514 in
613 4438 733 4518 clunes
749 4440 957 4534 consideret,
981 4444 1059 4539 ipse
1077 4456 1192 4514 tamen
1211 4439 1262 4513 ob
1283 4443 1461 4544 egregiam

201 4671 381 4740 ¹Protelatr‘s
408 4673 520 4754 diebus]
549 4680 701 4740 Protelare
729 4679 775 4740 in·
887 4679 1070 4758 1(ὶιιιειονηίε
1086 4653 1172 4739 siaul
1194 4679 1287 4742 haeris
1305 4675 1462 4766 excipitur]

156 4781 275 4846 terdnm
286 4782 368 4867 apud
386 4784 551 4868 scriptores
564 4784 658 4846 seculi
677 4785 776 4870 quinti
840 4782 1064 4846 Fortitudinem
1080 4784 1253 4852 valdemari
1271 4785 1321 4848 bio
1341 4805 1403 4848 noo
1420 4797 1462 4846 te·

156 4887 304 4971 significat
315 4913 496 4977 prorogare,
504 4893 686 4978 protrudere.
839 4909 921 4954 more
936 4889 1063 4970 laudari,
1084 4903 1211 4958 testatur
1226 4891 1350 4957 historia
1368 4891 1462 4972 Rupt-
