3524 5460
497 329 644 402 SVENO
661 329 717 399 nt
768 327 1029 402 canutusv.
1296 327 1369 401 707

119 563 183 612 aon
199 535 357 610 urbibns'
373 533 569 631 confisum,
601 535 782 610 anfractus
806 559 1013 633 aequorum,
1045 559 1122 634 quo
1146 538 1262 610 mirus
1286 545 1419 637 piratas

118 657 346 752 admitterent,
369 657 564 760 praelongis
582 658 674 760 palis
695 683 739 732 ac
760 657 914 733 sudibus
928 657 1217 734 obstruebantur.
1274 659 1419 736 Adver-

117 797 188 855 tens
208 781 320 879 igitur
342 805 416 872 rex,
434 799 601 856 nutantes
618 783 746 881 patriae
774 805 833 854 res
865 781 995 878 etjam
1016 805 1122 878 paene
1157 779 1336 879 collapsas
1380 811 1420 858 se

116 906 265 1006 propriis
281 903 414 979 vitibus
432 929 453 975 a
469 909 617 1004 piratica
635 903 818 978 vindicare
834 902 995 1000 nequire,
1020 903 1170 974 Henrici'
1185 901 1323 996 ducis¹,
1347 933 1418 980 cu·-
1510 911 1514 918 ’

115 1031 166 1126 jus
191 1033 344 1126 insignes
368 1051 411 1099 ea
431 1043 641 1125 tempestate
657 1031 750 1100 vires
773 1023 891 1116 luere,
920 1021 1112 1097 adversum
1135 1023 1281 1100 &laves
1310 1053 1419 1124 opem

114 1149 270 1248 pecuniis
285 1149 563 1248 promerendam
581 1151 729 1247 putavit.
789 1146 857 1218 Cui
872 1143 969 1218 mille
986 1145 1198 1244 quingentas
1219 1153 1356 1248 argenti
1367 1149 1419 1222 ll-

115 1272 214 1346 braa²
244 1269 420 1346 mercedis
443 1273 588 1344 nomine
614 1268 816 1369 pollicitus,
857 1265 1006 1366 publica
1032 1265 1218 1341 collatione
1240 1293 1419 1344 summam

114 1393 272 1494 explevit.
333 1395 582 1484 At'Henricns,
616 1394 720 1490 cujus
745 1388 882 1466 venalis
895 1389 1008 1488 magis
1023 1413 1134 1488 quam
1156 1389 1251 1466 utilis
1269 1395 1419 1468 amicitia

115 1533 210 1605 esset,
233 1517 423 1614 pecuniam
439 1531 637 1604 assecutus,
662 1513 719 1589 vel
736 1515 822 1612 quia
850 1511 965 1584 noluit
981 1510 1037 1584 vel
1055 1513 1141 1610 quin
1152 1517 1321 1612 nequivit,
1344 1541 1420 1614 pa·-

115 1663 187 1712 mm
201 1635 376 1711 stabiliter
398 1641 435 1708 in
451 1639 631 1735 promisso
649 1661 688 1709 se
704 1641 823 1736 gessit.
885 1638 935 1707 lta
959 1657 1032 1726 rex,
1054 1659 1127 1707 non
1147 1653 1295 1734 accepta
1316 1663 1419 1736 pace,

114 1759 193 1833 dum
210 1761 334 1858 patriae
352 1757 462 1833 rebus
480 1758 665 1834 consulere
681 1760 818 1857 quaerit,
843 1761 1023 1832 miseriam
1041 1760 1120 1856 ejus
1144 1748 1325 1834 dedecore
1347 1787 1419 1836 cn-

113 1881 267 1956 mnlavit.
294 1885 384 1975 Quae
400 1905 455 1955 res
470 1880 663 1956 adversum
678 1905 761 1956 enm
777 1879 1008 1979 popularium
1027 1885 1114 1954 iram
1130 1881 1245 1954 acrius
1263 1879 1419 1956 destrin-

112 2009 164 2094 xit,
178 2001 344 2076 deforme
359 2001 577 2094 ducentium,
589 2029 718 2104 pacem
733 2027 856 2091 censu,
873 2027 946 2076 non
964 2005 1226 2102 armisexquiri,
1245 2027 1418 2078 commu·-

113 2151 263 2224 nemqne
279 2127 432 2223 patriam
450 2128 545 2224 regis
561 2129 644 2201 vitiu
663 2151 743 2202 esse
758 2125 956 2225 deceptam.

238 2253 349 2348 igitur
363 2249 492 2341 Sveno,
507 2246 703 2348 desperatis
721 2248 900 2322 malornm
916 2247 1100 2339 remediis,
1127 2273 1149 2321 a
1175 2249 1329 2346 piraticis
1344 2275 1421 2348 pe-

111 2371 230 2444 riculis
243 2369 497 2469 propulsandis
511 2368 558 2443 ad
576 2372 672 2446 cives
685 2397 803 2471 nsque
819 2369 999 2447 cavendos
1020 2393 1144 2443 curam
1168 2373 1322 2464 moratu
1355 2397 1418 2444 re-

110 2497 318 2590 novatisque
332 2494 611 2592 suspicionibus,
638 2493 908 2568 waldemarum
927 2517 1108 2592 occupare
1123 2497 1281 2566 animum
1298 2495 1418 2568 inten-

109 2613 176 2704 dit,
207 2631 399 2714 tanqnam,
420 2615 532 2690 altero
547 2615 615 2690 sibi
638 2632 851 2692 onustorum
873 2615 1035 2708 sublato,
1075 2613 1213 2688 lacilins
1237 2613 1418 2714 reliquum

109 2759 346 2838 aggressurus
414 2736 522 2834 Quod
547 2736 680 2812 insidiis
709 2765 820 2838 quam
843 2737 944 2813 bello
967 2734 1193 2812 commodius
1219 2737 1419 2837 gerendum
1465 2807 1469 2816 .

107 2875 219 2954 ratus,
244 2859 394 2960 perinde
415 2887 459 2935 ac
480 2861 646 2960 conjugis
673 2859 794 2935 dotem
810 2862 1061 2960 exquisiturus,
1085 2857 1135 2932 ad
1158 2883 1323 2934 socerum
1352 2865 1417 2936 iter

108 2985 291 3073 instaurat,
336 2986 501 3082 interque
532 2985 690 3060 delectos
718 2991 866 3059 comites
892 2982 1160 3058 Waldemarnm
1184 2982 1416 3080 profectionis

108 3129 297 3204 soqnaoem
310 3105 493 3202 adsciscit,
526 3110 613 3208 quia
634 3107 734 3184 domi
751 3135 836 3182 eum
849 3123 926 3182 tuto
949 3103 1135 3180 relicturus
1163 3131 1235 3178 uon
1260 3103 1416 3180 rideba-

106 3243 177 3316 tur,
204 3233 241 3300 in
267 3253 450 3302 carcerem
474 3229 643 3306 Conrado
668 3229 885 3305 servandum
906 3226 1046 3302 tradere
1068 3229 1228 3326 cupiens.
1300 3231 1416 3322 Quem

105 3347 228 3425 dolum
245 3351 509 3446 waldemarus,
524 3362 722 3428 amicornm
741 3353 807 3430 sibi
826 3351 1068 3452 complurium
1082 3350 1190 3424 literis
1209 3349 1415 3442 indicatum,

150 3625 299 3686 ‘Hearr'ei
321 3620 427 3703 Ducis]
448 3622 596 3708 iutelligit
618 3623 730 3686 Henri·
791 3622 934 3687 ridionsli
949 3632 981 3684 et
997 3619 1178 3690 occidentali
1200 3619 1366 3684 utebantur
1380 3621 1416 3683 li·

102 3745 183 3804 eum,
195 3729 336 3792 Saxonias
351 3727 469 3810 ducem,
493 3727 541 3818 eni
560 3747 730 3813 cognomen
788 3729 845 3793 bra
872 3733 1011 3794 Romana
1052 3725 1092 3792 12
1122 3727 1278 3790 unciarum
1313 3725 1415 3804 (unius

100 3845 169 3896 erat
186 3835 292 3898 honi.
787 3855 898 3900 marca
914 3853 983 3896 cum
1000 3829 1152 3913 semisse),
1173 3853 1242 3916 qum
1255 3851 1312 3896 nec
1333 3829 1415 3915 apud

149 3943 161 3977 ²
176 3945 259 4004 Milli
278 3947 453 4026 quingentas
478 3947 598 4028 argenti
624 3939 728 4020 laras]
788 3939 993 4008 Scandinaros
1007 3957 1063 4000 nec
1076 3935 1157 4022 apud
1166 3939 1300 4000 Saxones
1312 3937 1343 3998 in
1359 3937 1416 3998 hu·

96 4046 149 4106 Ne
171 4045 237 4110 haec
255 4046 379 4132 quidem
400 4069 525 4112 summe
547 4047 729 4132 significatio
789 4047 922 4134 jusmodi
943 4045 1033 4110 rebus
1053 4043 1161 4106 usitata
1177 4039 1268 4104 fnisse
1286 4039 1415 4106 ridetur.

94 4149 174 4212 satia
192 4152 358 4238 respondet
373 4167 424 4216 ant
438 4157 595 4218 Dacorum
610 4167 661 4216 aut
677 4157 730 4218 Sa·
791 4151 1001 4238 intelligendae
1027 4149 1122 4235 igitur
1151 4145 1294 4212 ridentur
1325 4147 1414 4210 librae

94 4275 215 4317 xonnm
229 4272 383 4322 consuetae
399 4259 595 4348 computandi
609 4261 729 4322 rationi.
788 4263 929 4345 vulgares
946 4269 1158 4335 mercatorum,
1175 4254 1315 4316 binarum
1335 4273 1414 4314 mar-

90 4363 179 4426 Nam
194 4363 338 4444 Saxones,
360 4367 417 4432 etsi
441 4367 496 4430 illo
519 4381 656 4453 tempore
677 4363 729 4429 de-
789 4387 893 4429 carum
924 4363 987 4426 sire
1020 4358 1060 4424 16
1084 4362 1248 4423 unciarum.
1303 4355 1415 4423 Effici-

91 4467 203 4531 narios
215 4464 277 4534 040
292 4470 402 4534 libram
418 4471 632 4558 appellebant,
648 4493 726 4556 pon·
786 4483 879 4533 untur
901 4469 995 4554 igitur
1017 4465 1100 4530 3000
1114 4485 1283 4530 marcarum
1306 4483 1414 4548 argen-

87 4571 157 4636 dns
176 4587 276 4666 umen
308 4578 375 4640 anri
405 4589 437 4640 et
465 4579 583 4663 argenti
616 4575 725 4641 marcia
784 4578 819 4654 ti,
834 4597 903 4661 quae
916 4593 1031 4637 summa
1048 4571 1212 4656 respondet
1227 4567 1413 4650 terettifiis

82 4679 297 4748 aestimabant.
361 4685 515 4750 Preterea
537 4685 569 4748 in
591 4705 664 4748 auro
692 4695 723 4748 et
785 4681 908 4746 thaleris
924 4691 1039 4744 nocuas
1059 4691 1190 4745 monete
1207 4689 1359 4764 argentee
1378 4676 1412 4760 (.

78 4799 227 4872 argento
246 4787 446 4874 ponderando
469 4791 501 4856 in
522 4795 647 4878 Europa
662 4809 724 4854 me·
782 4791 823 4852 Μ.
837 4784 1027 4868 Velschow).

153 4909 211 4958 eu
225 4911 352 4962 nnana
366 4915 428 4962 nur.
441 4916 501 4963 nn.
1141 4889 1216 4986 (lb)
