<?xml version="1.0" encoding="UTF-8"?>
<!DOCTYPE html PUBLIC "-//W3C//DTD XHTML 1.0 Transitional//EN"
    "http://www.w3.org/TR/xhtml1/DTD/xhtml1-transitional.dtd">
<html xmlns="http://www.w3.org/1999/xhtml" xml:lang="en" lang="en">
 <head>
  <title>
</title>
<meta http-equiv="Content-Type" content="text/html;charset=utf-8" />
  <meta name='ocr-system' content='tesseract 3.04.00' />
  <meta name='ocr-capabilities' content='ocr_page ocr_carea ocr_par ocr_line ocrx_word'/>
</head>
<body>
  <div class='ocr_page' id='page_1' title='image "./historiadanica01velsgoog_0222.png"; bbox 0 0 3508 5460; ppageno 0'>
   <div class='ocr_carea' id='block_1_1' title="bbox 603 317 1393 390">
    <p class='ocr_par' dir='ltr' id='par_1_1' title="bbox 603 317 1393 390">
     <span class='ocr_line' id='line_1_1' title="bbox 603 317 1393 390; baseline 0.006 -5"><span class='ocrx_word' id='word_1_1' title='bbox 603 317 928 388; x_wconf 77' lang='lat' dir='ltr'>wacnntmtttts</span> <span class='ocrx_word' id='word_1_2' title='bbox 947 319 972 388; x_wconf 91' lang='lat' dir='ltr'>l.</span> <span class='ocrx_word' id='word_1_3' title='bbox 1319 319 1393 390; x_wconf 78' lang='lat'>759</span> 
     </span>
    </p>
   </div>
   <div class='ocr_carea' id='block_1_2' title="bbox 121 521 1443 626">
    <p class='ocr_par' dir='ltr' id='par_1_2' title="bbox 121 521 1443 626">
     <span class='ocr_line' id='line_1_2' title="bbox 121 521 1443 626; baseline -0.002 -24"><span class='ocrx_word' id='word_1_4' title='bbox 121 547 219 602; x_wconf 90' lang='lat' dir='ltr'>terat.</span> <span class='ocrx_word' id='word_1_5' title='bbox 281 529 445 624; x_wconf 84' lang='lat' dir='ltr'><strong>Cumque</strong></span> <span class='ocrx_word' id='word_1_6' title='bbox 469 521 699 600; x_wconf 90' lang='lat' dir='ltr'>Theutonnm</span> <span class='ocrx_word' id='word_1_7' title='bbox 723 529 813 602; x_wconf 83' lang='lat' dir='ltr'>forte</span> <span class='ocrx_word' id='word_1_8' title='bbox 836 526 1000 599; x_wconf 82' lang='lat' dir='ltr'><strong>satellites</strong></span> <span class='ocrx_word' id='word_1_9' title='bbox 1016 525 1169 624; x_wconf 67' lang='lat' dir='ltr'>petendi</span> <span class='ocrx_word' id='word_1_10' title='bbox 1185 528 1310 626; x_wconf 83' lang='lat' dir='ltr'>pabuli</span> <span class='ocrx_word' id='word_1_11' title='bbox 1331 531 1443 626; x_wconf 86' lang='lat' dir='ltr'>gratia</span> 
     </span>
    </p>
   </div>
   <div class='ocr_carea' id='block_1_3' title="bbox 1 647 1442 750">
    <p class='ocr_par' dir='ltr' id='par_1_3' title="bbox 1 647 1442 750">
     <span class='ocr_line' id='line_1_3' title="bbox 1 647 1442 750; baseline -0.002 -24"><span class='ocrx_word' id='word_1_12' title='bbox 1 725 2 736; x_wconf 66' lang='grc'>,</span> <span class='ocrx_word' id='word_1_13' title='bbox 123 653 226 726; x_wconf 89' lang='lat' dir='ltr'>latius</span> <span class='ocrx_word' id='word_1_14' title='bbox 240 666 410 750; x_wconf 83' lang='lat' dir='ltr'>evagatos</span> <span class='ocrx_word' id='word_1_15' title='bbox 425 647 542 722; x_wconf 82' lang='lat' dir='ltr'>Scluvi</span> <span class='ocrx_word' id='word_1_16' title='bbox 558 673 625 746; x_wconf 89' lang='lat' dir='ltr'>per</span> <span class='ocrx_word' id='word_1_17' title='bbox 639 648 780 724; x_wconf 82' lang='lat' dir='ltr'>insidias</span> <span class='ocrx_word' id='word_1_18' title='bbox 796 649 913 722; x_wconf 86' lang='lat' dir='ltr'>adorti</span> <span class='ocrx_word' id='word_1_19' title='bbox 927 651 1198 742; x_wconf 84' lang='lat' dir='ltr'>interemissent,</span> <span class='ocrx_word' id='word_1_20' title='bbox 1225 654 1363 750; x_wconf 82' lang='lat' dir='ltr'>equites</span> <span class='ocrx_word' id='word_1_21' title='bbox 1378 677 1442 723; x_wconf 87' lang='lat' dir='ltr'>re-</span> 
     </span>
    </p>
   </div>
   <div class='ocr_carea' id='block_1_4' title="bbox 118 769 1480 2714">
    <p class='ocr_par' dir='ltr' id='par_1_4' title="bbox 1 741 1480 2714">
     <span class='ocr_line' id='line_1_4' title="bbox 121 769 1440 872; baseline 0.002 -27.75"><span class='ocrx_word' id='word_1_22' title='bbox 121 781 231 850; x_wconf 87' lang='lat' dir='ltr'>centis</span> <span class='ocrx_word' id='word_1_23' title='bbox 252 775 391 871; x_wconf 76' lang='lat' dir='ltr'>injuriat</span> <span class='ocrx_word' id='word_1_24' title='bbox 421 769 593 843; x_wconf 90' lang='lat' dir='ltr'>ultionem</span> <span class='ocrx_word' id='word_1_25' title='bbox 612 771 740 844; x_wconf 80' lang='lat' dir='ltr'>audaci</span> <span class='ocrx_word' id='word_1_26' title='bbox 763 770 951 844; x_wconf 84' lang='lat' dir='ltr'>ealliditate</span> <span class='ocrx_word' id='word_1_27' title='bbox 969 774 1193 868; x_wconf 87' lang='lat' dir='ltr'>quaesierunt.</span> <span class='ocrx_word' id='word_1_28' title='bbox 1247 773 1440 872; x_wconf 88' lang='lat' dir='ltr'>Siquidem,</span> 
     </span>
     <span class='ocr_line' id='line_1_5' title="bbox 122 893 1441 995; baseline -0.002 -23"><span class='ocrx_word' id='word_1_29' title='bbox 122 897 254 972; x_wconf 86' lang='lat' dir='ltr'>militiae</span> <span class='ocrx_word' id='word_1_30' title='bbox 270 895 468 995; x_wconf 82' lang='lat' dir='ltr'>insignibus</span> <span class='ocrx_word' id='word_1_31' title='bbox 485 893 681 987; x_wconf 90' lang='lat' dir='ltr'>occultatis,</span> <span class='ocrx_word' id='word_1_32' title='bbox 707 895 910 992; x_wconf 88' lang='lat' dir='ltr'>loricisque,</span> <span class='ocrx_word' id='word_1_33' title='bbox 929 895 1064 992; x_wconf 90' lang='lat' dir='ltr'>quibus</span> <span class='ocrx_word' id='word_1_34' title='bbox 1080 919 1214 994; x_wconf 89' lang='lat' dir='ltr'>corpus</span> <span class='ocrx_word' id='word_1_35' title='bbox 1230 899 1441 990; x_wconf 86' lang='lat' dir='ltr'>munierant,</span> 
     </span>
     <span class='ocr_line' id='line_1_6' title="bbox 121 1015 1441 1117; baseline -0.005 -20"><span class='ocrx_word' id='word_1_36' title='bbox 121 1021 286 1096; x_wconf 84' lang='lat' dir='ltr'>lamiliari</span> <span class='ocrx_word' id='word_1_37' title='bbox 307 1045 349 1092; x_wconf 89' lang='lat' dir='ltr'>ac</span> <span class='ocrx_word' id='word_1_38' title='bbox 370 1015 514 1091; x_wconf 87' lang='lat' dir='ltr'>sordida</span> <span class='ocrx_word' id='word_1_39' title='bbox 540 1033 635 1091; x_wconf 86' lang='lat' dir='ltr'>veste</span> <span class='ocrx_word' id='word_1_40' title='bbox 652 1021 759 1109; x_wconf 87' lang='lat' dir='ltr'>tectis,</span> <span class='ocrx_word' id='word_1_41' title='bbox 776 1018 1031 1116; x_wconf 86' lang='lat' dir='ltr'>pabulantium</span> <span class='ocrx_word' id='word_1_42' title='bbox 1052 1041 1153 1089; x_wconf 81' lang='lat' dir='ltr'>nrore</span> <span class='ocrx_word' id='word_1_43' title='bbox 1171 1015 1289 1117; x_wconf 81' lang='lat' dir='ltr'>fruges</span> <span class='ocrx_word' id='word_1_44' title='bbox 1309 1036 1441 1090; x_wconf 89' lang='lat' dir='ltr'>metere</span> 
     </span>
     <span class='ocr_line' id='line_1_7' title="bbox 121 1139 1440 1245; baseline -0.005 -27"><span class='ocrx_word' id='word_1_45' title='bbox 121 1147 295 1245; x_wconf 82' lang='lat' dir='ltr'>aggressi,</span> <span class='ocrx_word' id='word_1_46' title='bbox 303 1141 461 1232; x_wconf 86' lang='lat' dir='ltr'>Sclavos,</span> <span class='ocrx_word' id='word_1_47' title='bbox 479 1139 744 1235; x_wconf 56' lang='lat' dir='ltr'>Nucletoflduce,</span> <span class='ocrx_word' id='word_1_48' title='bbox 759 1140 806 1213; x_wconf 93' lang='lat' dir='ltr'>ad</span> <span class='ocrx_word' id='word_1_49' title='bbox 815 1166 854 1215; x_wconf 89' lang='lat' dir='ltr'>se</span> <span class='ocrx_word' id='word_1_50' title='bbox 862 1139 1142 1240; x_wconf 91' lang='lat' dir='ltr'>opprimendum</span> <span class='ocrx_word' id='word_1_51' title='bbox 1151 1165 1191 1212; x_wconf 82' lang='lat' dir='ltr'>ex</span> <span class='ocrx_word' id='word_1_52' title='bbox 1208 1140 1331 1215; x_wconf 85' lang='lat' dir='ltr'>abdito</span> <span class='ocrx_word' id='word_1_53' title='bbox 1346 1164 1440 1240; x_wconf 86' lang='lat' dir='ltr'>pro-</span> 
     </span>
     <span class='ocr_line' id='line_1_8' title="bbox 120 1262 1441 1364; baseline -0.007 -22"><span class='ocrx_word' id='word_1_54' title='bbox 120 1266 302 1357; x_wconf 82' lang='lat' dir='ltr'>volantes,</span> <span class='ocrx_word' id='word_1_55' title='bbox 326 1265 425 1337; x_wconf 91' lang='lat' dir='ltr'>ocius</span> <span class='ocrx_word' id='word_1_56' title='bbox 441 1264 595 1336; x_wconf 89' lang='lat' dir='ltr'>ascensis</span> <span class='ocrx_word' id='word_1_57' title='bbox 612 1267 733 1360; x_wconf 88' lang='lat' dir='ltr'>equis,</span> <span class='ocrx_word' id='word_1_58' title='bbox 760 1263 942 1362; x_wconf 78' lang='lat' dir='ltr'>falcesque</span> <span class='ocrx_word' id='word_1_59' title='bbox 957 1262 1084 1364; x_wconf 80' lang='lat' dir='ltr'>gladiis</span> <span class='ocrx_word' id='word_1_60' title='bbox 1103 1279 1300 1354; x_wconf 89' lang='lat' dir='ltr'>mutantes,</span> <span class='ocrx_word' id='word_1_61' title='bbox 1324 1268 1441 1336; x_wconf 89' lang='lat' dir='ltr'>truci-</span> 
     </span>
     <span class='ocr_line' id='line_1_9' title="bbox 121 1382 1441 1486; baseline -0.005 -22"><span class='ocrx_word' id='word_1_62' title='bbox 121 1391 306 1470; x_wconf 75' lang='lat' dir='ltr'>daverunt.</span> <span class='ocrx_word' id='word_1_63' title='bbox 360 1391 477 1483; x_wconf 88' lang='lat' dir='ltr'>Caput</span> <span class='ocrx_word' id='word_1_64' title='bbox 496 1382 633 1458; x_wconf 90' lang='lat' dir='ltr'>Nucleti</span> <span class='ocrx_word' id='word_1_65' title='bbox 658 1385 878 1460; x_wconf 85' lang='lat' dir='ltr'>abscissum¹</span> <span class='ocrx_word' id='word_1_66' title='bbox 913 1413 955 1460; x_wconf 89' lang='lat' dir='ltr'>ae</span> <span class='ocrx_word' id='word_1_67' title='bbox 979 1386 1053 1486; x_wconf 90' lang='lat' dir='ltr'>pilo</span> <span class='ocrx_word' id='word_1_68' title='bbox 1080 1387 1227 1459; x_wconf 78' lang='lat' dir='ltr'>affixum</span> <span class='ocrx_word' id='word_1_69' title='bbox 1259 1387 1381 1484; x_wconf 87' lang='lat' dir='ltr'>sieque</span> <span class='ocrx_word' id='word_1_70' title='bbox 1405 1389 1441 1457; x_wconf 90' lang='lat' dir='ltr'>in</span> 
     </span>
     <span class='ocr_line' id='line_1_10' title="bbox 120 1507 1480 1609; baseline -0.01 -22"><span class='ocrx_word' id='word_1_71' title='bbox 120 1529 234 1587; x_wconf 83' lang='lat' dir='ltr'>eastra</span> <span class='ocrx_word' id='word_1_72' title='bbox 257 1508 434 1609; x_wconf 89' lang='lat' dir='ltr'>perlatum</span> <span class='ocrx_word' id='word_1_73' title='bbox 466 1521 609 1607; x_wconf 87' lang='lat' dir='ltr'>gratum</span> <span class='ocrx_word' id='word_1_74' title='bbox 643 1509 830 1605; x_wconf 90' lang='lat' dir='ltr'>utriusque</span> <span class='ocrx_word' id='word_1_75' title='bbox 857 1515 1031 1608; x_wconf 77' lang='lat' dir='ltr'>exercitus</span> <span class='ocrx_word' id='word_1_76' title='bbox 1057 1509 1171 1584; x_wconf 91' lang='lat' dir='ltr'>oculis</span> <span class='ocrx_word' id='word_1_77' title='bbox 1195 1507 1441 1608; x_wconf 80' lang='lat' dir='ltr'>spectaculum</span> <span class='ocrx_word' id='word_1_78' title='bbox 1476 1563 1480 1574; x_wconf 93' lang='lat'><em>.</em></span> 
     </span>
     <span class='ocr_line' id='line_1_11' title="bbox 118 1629 1439 1736; baseline -0.004 -30"><span class='ocrx_word' id='word_1_79' title='bbox 118 1634 285 1736; x_wconf 77' lang='lat' dir='ltr'>praebuit</span> <span class='ocrx_word' id='word_1_80' title='bbox 340 1631 446 1725; x_wconf 90' lang='lat' dir='ltr'>Quod</span> <span class='ocrx_word' id='word_1_81' title='bbox 466 1655 548 1703; x_wconf 80' lang='lat' dir='ltr'>cunt</span> <span class='ocrx_word' id='word_1_82' title='bbox 564 1629 637 1703; x_wconf 90' lang='lat' dir='ltr'>filio</span> <span class='ocrx_word' id='word_1_83' title='bbox 661 1633 740 1728; x_wconf 87' lang='lat' dir='ltr'>ejus</span> <span class='ocrx_word' id='word_1_84' title='bbox 757 1629 947 1726; x_wconf 86' lang='lat' dir='ltr'>Priszlavo,</span> <span class='ocrx_word' id='word_1_85' title='bbox 974 1635 1037 1729; x_wconf 93' lang='lat' dir='ltr'>qui</span> <span class='ocrx_word' id='word_1_86' title='bbox 1056 1631 1102 1704; x_wconf 90' lang='lat' dir='ltr'>ad</span> <span class='ocrx_word' id='word_1_87' title='bbox 1119 1636 1243 1704; x_wconf 88' lang='lat' dir='ltr'>Dauos</span> <span class='ocrx_word' id='word_1_88' title='bbox 1268 1647 1301 1703; x_wconf 89' lang='lat' dir='ltr'>et</span> <span class='ocrx_word' id='word_1_89' title='bbox 1328 1630 1439 1703; x_wconf 84' lang='lat' dir='ltr'>Chri-</span> 
     </span>
     <span class='ocr_line' id='line_1_12' title="bbox 120 1753 1441 1854; baseline -0.005 -20"><span class='ocrx_word' id='word_1_90' title='bbox 120 1761 225 1834; x_wconf 89' lang='lat' dir='ltr'>stiani</span> <span class='ocrx_word' id='word_1_91' title='bbox 250 1763 341 1832; x_wconf 89' lang='lat' dir='ltr'>ritus</span> <span class='ocrx_word' id='word_1_92' title='bbox 372 1781 494 1828; x_wconf 83' lang='lat' dir='ltr'>amore</span> <span class='ocrx_word' id='word_1_93' title='bbox 527 1771 562 1826; x_wconf 92' lang='lat' dir='ltr'>et</span> <span class='ocrx_word' id='word_1_94' title='bbox 586 1779 737 1852; x_wconf 79' lang='lat' dir='ltr'>paganae</span> <span class='ocrx_word' id='word_1_95' title='bbox 771 1759 1030 1852; x_wconf 85' lang='lat' dir='ltr'>superstitionis</span> <span class='ocrx_word' id='word_1_96' title='bbox 1068 1755 1152 1830; x_wconf 92' lang='lat' dir='ltr'>odio</span> <span class='ocrx_word' id='word_1_97' title='bbox 1175 1756 1288 1854; x_wconf 88' lang='lat' dir='ltr'>patria</span> <span class='ocrx_word' id='word_1_98' title='bbox 1314 1753 1441 1851; x_wconf 86' lang='lat' dir='ltr'>pulsus</span> 
     </span>
     <span class='ocr_line' id='line_1_13' title="bbox 120 1878 1441 1976; baseline -0.002 -20"><span class='ocrx_word' id='word_1_99' title='bbox 120 1883 322 1970; x_wconf 76' lang='lat' dir='ltr'>transierat,</span> <span class='ocrx_word' id='word_1_100' title='bbox 355 1883 533 1952; x_wconf 89' lang='lat' dir='ltr'>coenitnnti</span> <span class='ocrx_word' id='word_1_101' title='bbox 558 1881 761 1950; x_wconf 90' lang='lat' dir='ltr'>nunciatum</span> <span class='ocrx_word' id='word_1_102' title='bbox 779 1878 913 1971; x_wconf 85' lang='lat' dir='ltr'>fuisset,</span> <span class='ocrx_word' id='word_1_103' title='bbox 944 1879 1201 1976; x_wconf 85' lang='lat' dir='ltr'>aliquantisper</span> <span class='ocrx_word' id='word_1_104' title='bbox 1224 1907 1369 1953; x_wconf 89' lang='lat' dir='ltr'>manum</span> <span class='ocrx_word' id='word_1_105' title='bbox 1393 1881 1441 1954; x_wconf 84' lang='lat' dir='ltr'>ab</span> 
     </span>
     <span class='ocr_line' id='line_1_14' title="bbox 120 1999 1439 2102; baseline -0.003 -24"><span class='ocrx_word' id='word_1_106' title='bbox 120 2010 210 2080; x_wconf 84' lang='lat' dir='ltr'>escis</span> <span class='ocrx_word' id='word_1_107' title='bbox 232 2019 419 2076; x_wconf 86' lang='lat' dir='ltr'>retractam</span> <span class='ocrx_word' id='word_1_108' title='bbox 436 2000 592 2074; x_wconf 89' lang='lat' dir='ltr'>demisso</span> <span class='ocrx_word' id='word_1_109' title='bbox 617 2005 721 2098; x_wconf 88' lang='lat' dir='ltr'>capiti</span> <span class='ocrx_word' id='word_1_110' title='bbox 741 1999 954 2098; x_wconf 75' lang='lat' dir='ltr'>subjiciam,</span> <span class='ocrx_word' id='word_1_111' title='bbox 988 2001 1043 2073; x_wconf 90' lang='lat' dir='ltr'>dei</span> <span class='ocrx_word' id='word_1_112' title='bbox 1076 2019 1354 2102; x_wconf 75' lang='lat' dir='ltr'>contemptorem</span> <span class='ocrx_word' id='word_1_113' title='bbox 1381 2003 1439 2078; x_wconf 89' lang='lat' dir='ltr'>tali</span> 
     </span>
     <span class='ocr_line' id='line_1_15' title="bbox 118 2123 1440 2226; baseline -0.001 -26"><span class='ocrx_word' id='word_1_114' title='bbox 118 2124 284 2225; x_wconf 79' lang='lat' dir='ltr'>exemplo</span> <span class='ocrx_word' id='word_1_115' title='bbox 299 2127 438 2198; x_wconf 84' lang='lat' dir='ltr'>interire</span> <span class='ocrx_word' id='word_1_116' title='bbox 455 2147 521 2222; x_wconf 85' lang='lat' dir='ltr'>par</span> <span class='ocrx_word' id='word_1_117' title='bbox 538 2147 615 2197; x_wconf 89' lang='lat' dir='ltr'>esse</span> <span class='ocrx_word' id='word_1_118' title='bbox 634 2123 795 2216; x_wconf 80' lang='lat' dir='ltr'>dicebat3</span> <span class='ocrx_word' id='word_1_119' title='bbox 821 2140 1064 2222; x_wconf 86' lang='lat' dir='ltr'>revocatoque</span> <span class='ocrx_word' id='word_1_120' title='bbox 1088 2151 1107 2198; x_wconf 87' lang='lat' dir='ltr'>a</span> <span class='ocrx_word' id='word_1_121' title='bbox 1127 2133 1340 2226; x_wconf 83' lang='lat' dir='ltr'>cogitatione</span> <span class='ocrx_word' id='word_1_122' title='bbox 1356 2133 1440 2200; x_wconf 89' lang='lat' dir='ltr'>ani-</span> 
     </span>
     <span class='ocr_line' id='line_1_16' title="bbox 119 2245 1440 2342; baseline -0.003 -19"><span class='ocrx_word' id='word_1_123' title='bbox 119 2275 192 2342; x_wconf 91' lang='lat' dir='ltr'>mo,</span> <span class='ocrx_word' id='word_1_124' title='bbox 218 2263 426 2322; x_wconf 79' lang='lat' dir='ltr'>consuetam</span> <span class='ocrx_word' id='word_1_125' title='bbox 443 2249 513 2322; x_wconf 90' lang='lat' dir='ltr'>oris</span> <span class='ocrx_word' id='word_1_126' title='bbox 532 2271 574 2318; x_wconf 88' lang='lat' dir='ltr'>uc</span> <span class='ocrx_word' id='word_1_127' title='bbox 591 2249 715 2318; x_wconf 90' lang='lat' dir='ltr'>meotis</span> <span class='ocrx_word' id='word_1_128' title='bbox 734 2245 945 2319; x_wconf 89' lang='lat' dir='ltr'>hilaritatem</span> <span class='ocrx_word' id='word_1_129' title='bbox 961 2273 1073 2321; x_wconf 85' lang='lat' dir='ltr'>coeuae</span> <span class='ocrx_word' id='word_1_130' title='bbox 1093 2250 1317 2324; x_wconf 89' lang='lat' dir='ltr'>consortibus</span> <span class='ocrx_word' id='word_1_131' title='bbox 1334 2249 1440 2322; x_wconf 79' lang='lat' dir='ltr'>exhi-</span> 
     </span>
     <span class='ocr_line' id='line_1_17' title="bbox 118 2367 1440 2470; baseline -0.002 -24"><span class='ocrx_word' id='word_1_132' title='bbox 118 2373 251 2463; x_wconf 86' lang='lat' dir='ltr'>bebat,</span> <span class='ocrx_word' id='word_1_133' title='bbox 277 2394 428 2470; x_wconf 83' lang='lat' dir='ltr'>maguus</span> <span class='ocrx_word' id='word_1_134' title='bbox 446 2371 616 2469; x_wconf 88' lang='lat' dir='ltr'>potentia,</span> <span class='ocrx_word' id='word_1_135' title='bbox 641 2367 706 2440; x_wconf 87' lang='lat' dir='ltr'>sed</span> <span class='ocrx_word' id='word_1_136' title='bbox 729 2371 844 2466; x_wconf 89' lang='lat' dir='ltr'>major</span> <span class='ocrx_word' id='word_1_137' title='bbox 869 2369 979 2441; x_wconf 92' lang='lat' dir='ltr'>divini</span> <span class='ocrx_word' id='word_1_138' title='bbox 997 2369 1113 2442; x_wconf 92' lang='lat' dir='ltr'>cultus</span> <span class='ocrx_word' id='word_1_139' title='bbox 1129 2377 1313 2444; x_wconf 88' lang='lat' dir='ltr'>memoria.</span> <span class='ocrx_word' id='word_1_140' title='bbox 1365 2375 1440 2443; x_wconf 85' lang='lat' dir='ltr'>Ne-</span> 
     </span>
     <span class='ocr_line' id='line_1_18' title="bbox 118 2489 1440 2594; baseline -0.002 -27"><span class='ocrx_word' id='word_1_141' title='bbox 118 2521 193 2594; x_wconf 87' lang='lat' dir='ltr'>que</span> <span class='ocrx_word' id='word_1_142' title='bbox 208 2496 303 2566; x_wconf 89' lang='lat' dir='ltr'>enim</span> <span class='ocrx_word' id='word_1_143' title='bbox 318 2493 384 2566; x_wconf 89' lang='lat' dir='ltr'>sibi</span> <span class='ocrx_word' id='word_1_144' title='bbox 399 2508 582 2591; x_wconf 90' lang='lat' dir='ltr'>parentem</span> <span class='ocrx_word' id='word_1_145' title='bbox 595 2489 798 2589; x_wconf 81' lang='lat' dir='ltr'>judicabat,</span> <span class='ocrx_word' id='word_1_146' title='bbox 825 2515 933 2588; x_wconf 88' lang='lat' dir='ltr'>quem</span> <span class='ocrx_word' id='word_1_147' title='bbox 951 2491 1107 2590; x_wconf 84' lang='lat' dir='ltr'>publicae</span> <span class='ocrx_word' id='word_1_148' title='bbox 1123 2493 1300 2592; x_wconf 88' lang='lat' dir='ltr'>religionis</span> <span class='ocrx_word' id='word_1_149' title='bbox 1320 2521 1440 2566; x_wconf 84' lang='lat' dir='ltr'>aemu-</span> 
     </span>
     <span class='ocr_line' id='line_1_19' title="bbox 118 2614 1439 2714; baseline -0.001 -23"><span class='ocrx_word' id='word_1_150' title='bbox 118 2620 194 2692; x_wconf 92' lang='lat' dir='ltr'>lum</span> <span class='ocrx_word' id='word_1_151' title='bbox 213 2632 371 2712; x_wconf 71' lang='lat' dir='ltr'>novem.</span> <span class='ocrx_word' id='word_1_152' title='bbox 431 2619 555 2712; x_wconf 86' lang='lat' dir='ltr'>ltaque</span> <span class='ocrx_word' id='word_1_153' title='bbox 585 2614 765 2714; x_wconf 85' lang='lat' dir='ltr'>ambiguae</span> <span class='ocrx_word' id='word_1_154' title='bbox 790 2617 1030 2689; x_wconf 73' lang='lat' dir='ltr'>aestimationis</span> <span class='ocrx_word' id='word_1_155' title='bbox 1053 2639 1129 2688; x_wconf 87' lang='lat' dir='ltr'>esse</span> <span class='ocrx_word' id='word_1_156' title='bbox 1150 2622 1283 2714; x_wconf 90' lang='lat' dir='ltr'>potuit,</span> <span class='ocrx_word' id='word_1_157' title='bbox 1321 2637 1439 2691; x_wconf 90' lang='lat' dir='ltr'>utrum</span> 
     </span>
    </p>
   </div>
   <div class='ocr_carea' id='block_1_5' title="bbox 119 2740 1439 2966">
    <p class='ocr_par' dir='ltr' id='par_1_5' title="bbox 119 2740 1439 2966">
     <span class='ocr_line' id='line_1_20' title="bbox 120 2740 1439 2842; baseline -0.004 -26"><span class='ocrx_word' id='word_1_158' title='bbox 120 2743 234 2842; x_wconf 84' lang='lat' dir='ltr'>magis</span> <span class='ocrx_word' id='word_1_159' title='bbox 249 2740 377 2812; x_wconf 88' lang='lat' dir='ltr'>fortem</span> <span class='ocrx_word' id='word_1_160' title='bbox 395 2740 550 2813; x_wconf 89' lang='lat' dir='ltr'>animum</span> <span class='ocrx_word' id='word_1_161' title='bbox 569 2741 729 2840; x_wconf 85' lang='lat' dir='ltr'>gesserit,</span> <span class='ocrx_word' id='word_1_162' title='bbox 752 2763 798 2810; x_wconf 89' lang='lat' dir='ltr'>au</span> <span class='ocrx_word' id='word_1_163' title='bbox 814 2745 911 2836; x_wconf 88' lang='lat' dir='ltr'>piam</span> <span class='ocrx_word' id='word_1_164' title='bbox 927 2763 1052 2812; x_wconf 90' lang='lat' dir='ltr'>vocem</span> <span class='ocrx_word' id='word_1_165' title='bbox 1068 2743 1231 2812; x_wconf 88' lang='lat' dir='ltr'>emiserit.</span> <span class='ocrx_word' id='word_1_166' title='bbox 1283 2741 1351 2813; x_wconf 90' lang='lat' dir='ltr'>Sed</span> <span class='ocrx_word' id='word_1_167' title='bbox 1370 2767 1439 2812; x_wconf 89' lang='lat' dir='ltr'>ue-</span> 
     </span>
     <span class='ocr_line' id='line_1_21' title="bbox 119 2861 1439 2966; baseline -0.002 -27"><span class='ocrx_word' id='word_1_168' title='bbox 119 2893 195 2966; x_wconf 86' lang='lat' dir='ltr'>que</span> <span class='ocrx_word' id='word_1_169' title='bbox 212 2870 335 2963; x_wconf 77' lang='lat' dir='ltr'>patriae</span> <span class='ocrx_word' id='word_1_170' title='bbox 361 2865 443 2962; x_wconf 91' lang='lat' dir='ltr'>plus</span> <span class='ocrx_word' id='word_1_171' title='bbox 466 2861 572 2936; x_wconf 89' lang='lat' dir='ltr'>solito</span> <span class='ocrx_word' id='word_1_172' title='bbox 596 2863 779 2947; x_wconf 88' lang='lat' dir='ltr'>misertus,</span> <span class='ocrx_word' id='word_1_173' title='bbox 811 2885 890 2932; x_wconf 86' lang='lat' dir='ltr'>eam</span> <span class='ocrx_word' id='word_1_174' title='bbox 914 2861 1023 2935; x_wconf 88' lang='lat' dir='ltr'>ductu</span> <span class='ocrx_word' id='word_1_175' title='bbox 1047 2880 1079 2935; x_wconf 89' lang='lat' dir='ltr'>et</span> <span class='ocrx_word' id='word_1_176' title='bbox 1104 2866 1335 2937; x_wconf 87' lang='lat' dir='ltr'>incitamentis</span> <span class='ocrx_word' id='word_1_177' title='bbox 1367 2866 1439 2937; x_wconf 87' lang='lat' dir='ltr'>suis</span> 
     </span>
    </p>
   </div>
   <div class='ocr_carea' id='block_1_6' title="bbox 118 2970 1431 3087">
    <p class='ocr_par' dir='ltr' id='par_1_6' title="bbox 118 2970 1431 3087">
     <span class='ocr_line' id='line_1_22' title="bbox 118 2970 1431 3087; baseline -0.021 -21"><span class='ocrx_word' id='word_1_178' title='bbox 118 2991 277 3066; x_wconf 83' lang='lat' dir='ltr'>duarum</span> <span class='ocrx_word' id='word_1_179' title='bbox 294 2987 453 3087; x_wconf 82' lang='lat' dir='ltr'>gentium</span> <span class='ocrx_word' id='word_1_180' title='bbox 469 2983 630 3082; x_wconf 78' lang='lat' dir='ltr'>praedam</span> <span class='ocrx_word' id='word_1_181' title='bbox 651 2987 798 3056; x_wconf 87' lang='lat' dir='ltr'>existere</span> <span class='ocrx_word' id='word_1_182' title='bbox 816 2978 941 3081; x_wconf 78' lang='lat' dir='ltr'>coegit.</span> <span class='ocrx_word' id='word_1_183' title='bbox 1410 2970 1431 3022; x_wconf 58' lang='lat' dir='ltr'>b</span> 
     </span>
    </p>
   </div>
   <div class='ocr_carea' id='block_1_7' title="bbox 113 3106 1442 4440">
    <p class='ocr_par' dir='ltr' id='par_1_7' title="bbox 113 3106 1442 4440">
     <span class='ocr_line' id='line_1_23' title="bbox 252 3106 1440 3208; baseline -0.005 -26"><span class='ocrx_word' id='word_1_184' title='bbox 252 3111 442 3208; x_wconf 70' lang='lat' dir='ltr'>luter-jectis</span> <span class='ocrx_word' id='word_1_185' title='bbox 466 3106 595 3178; x_wconf 91' lang='lat' dir='ltr'>diebus</span> <span class='ocrx_word' id='word_1_186' title='bbox 621 3106 793 3180; x_wconf 87' lang='lat' dir='ltr'>llenricus</span> <span class='ocrx_word' id='word_1_187' title='bbox 819 3106 1062 3198; x_wconf 88' lang='lat' dir='ltr'>Waldemaro,</span> <span class='ocrx_word' id='word_1_188' title='bbox 1094 3112 1269 3180; x_wconf 87' lang='lat' dir='ltr'>sermonis</span> <span class='ocrx_word' id='word_1_189' title='bbox 1290 3111 1440 3180; x_wconf 87' lang='lat' dir='ltr'>invicem</span> 
     </span>
     <span class='ocr_line' id='line_1_24' title="bbox 116 3223 1441 3333; baseline -0.007 -23"><span class='ocrx_word' id='word_1_190' title='bbox 116 3223 325 3310; x_wconf 80' lang='lat' dir='ltr'>conferendi</span> <span class='ocrx_word' id='word_1_191' title='bbox 348 3238 458 3333; x_wconf 88' lang='lat' dir='ltr'>gratia</span> <span class='ocrx_word' id='word_1_192' title='bbox 478 3255 516 3305; x_wconf 88' lang='lat' dir='ltr'>se</span> <span class='ocrx_word' id='word_1_193' title='bbox 540 3229 730 3322; x_wconf 91' lang='lat' dir='ltr'>accedenti,</span> <span class='ocrx_word' id='word_1_194' title='bbox 756 3255 838 3302; x_wconf 82' lang='lat' dir='ltr'>cunt</span> <span class='ocrx_word' id='word_1_195' title='bbox 855 3230 1034 3304; x_wconf 84' lang='lat' dir='ltr'>Absalone</span> <span class='ocrx_word' id='word_1_196' title='bbox 1058 3232 1137 3304; x_wconf 89' lang='lat' dir='ltr'>solo</span> <span class='ocrx_word' id='word_1_197' title='bbox 1162 3233 1196 3302; x_wconf 92' lang='lat' dir='ltr'>in</span> <span class='ocrx_word' id='word_1_198' title='bbox 1220 3229 1441 3303; x_wconf 84' lang='lat' dir='ltr'>tabernacu-</span> 
     </span>
     <span class='ocr_line' id='line_1_25' title="bbox 117 3353 1440 3455; baseline -0.006 -24"><span class='ocrx_word' id='word_1_199' title='bbox 117 3359 196 3434; x_wconf 91' lang='lat' dir='ltr'>lum</span> <span class='ocrx_word' id='word_1_200' title='bbox 212 3383 320 3430; x_wconf 90' lang='lat' dir='ltr'>suum</span> <span class='ocrx_word' id='word_1_201' title='bbox 337 3353 516 3454; x_wconf 87' lang='lat' dir='ltr'>perducto</span> <span class='ocrx_word' id='word_1_202' title='bbox 535 3353 684 3451; x_wconf 90' lang='lat' dir='ltr'>epulum</span> <span class='ocrx_word' id='word_1_203' title='bbox 701 3355 864 3451; x_wconf 79' lang='lat' dir='ltr'>praebuit,</span> <span class='ocrx_word' id='word_1_204' title='bbox 890 3357 1021 3454; x_wconf 88' lang='lat' dir='ltr'>ingenti</span> <span class='ocrx_word' id='word_1_205' title='bbox 1044 3373 1248 3455; x_wconf 86' lang='lat' dir='ltr'>rnaguatum</span> <span class='ocrx_word' id='word_1_206' title='bbox 1265 3353 1440 3452; x_wconf 81' lang='lat' dir='ltr'>frequen-</span> 
     </span>
     <span class='ocr_line' id='line_1_26' title="bbox 116 3475 1440 3577; baseline -0.005 -24"><span class='ocrx_word' id='word_1_207' title='bbox 116 3489 164 3554; x_wconf 85' lang='lat' dir='ltr'>tia</span> <span class='ocrx_word' id='word_1_208' title='bbox 182 3477 512 3553; x_wconf 86' lang='lat' dir='ltr'>administratorum</span> <span class='ocrx_word' id='word_1_209' title='bbox 529 3475 647 3548; x_wconf 86' lang='lat' dir='ltr'>officio</span> <span class='ocrx_word' id='word_1_210' title='bbox 667 3477 848 3577; x_wconf 83' lang='lat' dir='ltr'>fungente.</span> <span class='ocrx_word' id='word_1_211' title='bbox 911 3482 1000 3570; x_wconf 83' lang='lat' dir='ltr'>erae</span> <span class='ocrx_word' id='word_1_212' title='bbox 1018 3504 1121 3550; x_wconf 88' lang='lat' dir='ltr'>coena</span> <span class='ocrx_word' id='word_1_213' title='bbox 1144 3477 1225 3551; x_wconf 91' lang='lat' dir='ltr'>licet</span> <span class='ocrx_word' id='word_1_214' title='bbox 1247 3476 1440 3577; x_wconf 83' lang='lat' dir='ltr'>multigena</span> 
     </span>
     <span class='ocr_line' id='line_1_27' title="bbox 114 3596 1440 3699; baseline -0.007 -20"><span class='ocrx_word' id='word_1_215' title='bbox 114 3605 286 3680; x_wconf 87' lang='lat' dir='ltr'>ciborum</span> <span class='ocrx_word' id='word_1_216' title='bbox 302 3601 466 3674; x_wconf 85' lang='lat' dir='ltr'>varietate</span> <span class='ocrx_word' id='word_1_217' title='bbox 482 3596 703 3696; x_wconf 81' lang='lat' dir='ltr'>splenderet,</span> <span class='ocrx_word' id='word_1_218' title='bbox 737 3599 919 3699; x_wconf 86' lang='lat' dir='ltr'>aliquanto</span> <span class='ocrx_word' id='word_1_219' title='bbox 939 3617 1057 3673; x_wconf 87' lang='lat' dir='ltr'>tamen</span> <span class='ocrx_word' id='word_1_220' title='bbox 1082 3601 1164 3698; x_wconf 90' lang='lat' dir='ltr'>plus</span> <span class='ocrx_word' id='word_1_221' title='bbox 1182 3601 1286 3672; x_wconf 82' lang='lat' dir='ltr'>luxus</span> <span class='ocrx_word' id='word_1_222' title='bbox 1314 3605 1349 3670; x_wconf 91' lang='lat' dir='ltr'>in</span> <span class='ocrx_word' id='word_1_223' title='bbox 1365 3598 1440 3671; x_wconf 91' lang='lat' dir='ltr'>ob-</span> 
     </span>
     <span class='ocr_line' id='line_1_28' title="bbox 114 3719 1442 3826; baseline -0.005 -28"><span class='ocrx_word' id='word_1_224' title='bbox 114 3727 255 3826; x_wconf 81' lang='lat' dir='ltr'>sequiis</span> <span class='ocrx_word' id='word_1_225' title='bbox 271 3747 380 3822; x_wconf 88' lang='lat' dir='ltr'>quam</span> <span class='ocrx_word' id='word_1_226' title='bbox 397 3719 512 3820; x_wconf 90' lang='lat' dir='ltr'>epulis</span> <span class='ocrx_word' id='word_1_227' title='bbox 529 3719 669 3814; x_wconf 87' lang='lat' dir='ltr'>habuit,</span> <span class='ocrx_word' id='word_1_228' title='bbox 693 3724 888 3820; x_wconf 87' lang='lat' dir='ltr'>praesertim</span> <span class='ocrx_word' id='word_1_229' title='bbox 905 3749 988 3794; x_wconf 90' lang='lat' dir='ltr'>cum</span> <span class='ocrx_word' id='word_1_230' title='bbox 1015 3723 1151 3822; x_wconf 83' lang='lat' dir='ltr'>gloriae,</span> <span class='ocrx_word' id='word_1_231' title='bbox 1170 3749 1241 3794; x_wconf 91' lang='lat' dir='ltr'>non</span> <span class='ocrx_word' id='word_1_232' title='bbox 1261 3726 1341 3796; x_wconf 91' lang='lat' dir='ltr'>usui</span> <span class='ocrx_word' id='word_1_233' title='bbox 1359 3747 1442 3793; x_wconf 90' lang='lat' dir='ltr'>ser-</span> 
     </span>
     <span class='ocr_line' id='line_1_29' title="bbox 114 3827 1441 3942; baseline -0.01 -18"><span class='ocrx_word' id='word_1_234' title='bbox 114 3851 263 3924; x_wconf 85' lang='lat' dir='ltr'>viretur.</span> <span class='ocrx_word' id='word_1_235' title='bbox 323 3842 494 3918; x_wconf 88' lang='lat' dir='ltr'>Clientela</span> <span class='ocrx_word' id='word_1_236' title='bbox 520 3871 607 3918; x_wconf 87' lang='lat' dir='ltr'>vero</span> <span class='ocrx_word' id='word_1_237' title='bbox 625 3869 786 3919; x_wconf 88' lang='lat' dir='ltr'>seorsum</span> <span class='ocrx_word' id='word_1_238' title='bbox 813 3844 992 3918; x_wconf 89' lang='lat' dir='ltr'>discubitu</span> <span class='ocrx_word' id='word_1_239' title='bbox 1016 3827 1172 3942; x_wconf 82' lang='lat' dir='ltr'>excepta.</span> <span class='ocrx_word' id='word_1_240' title='bbox 1234 3849 1318 3917; x_wconf 86' lang='lat' dir='ltr'>Post</span> <span class='ocrx_word' id='word_1_241' title='bbox 1341 3841 1441 3914; x_wconf 86' lang='lat' dir='ltr'>redi-</span> 
     </span>
     <span class='ocr_line' id='line_1_30' title="bbox 114 3966 1441 4059; baseline -0.006 -15"><span class='ocrx_word' id='word_1_242' title='bbox 114 3989 196 4044; x_wconf 85' lang='lat' dir='ltr'>tum</span> <span class='ocrx_word' id='word_1_243' title='bbox 211 3991 318 4043; x_wconf 88' lang='lat' dir='ltr'>suum</span> <span class='ocrx_word' id='word_1_244' title='bbox 334 3966 593 4059; x_wconf 85' lang='lat' dir='ltr'>Waldemarus,</span> <span class='ocrx_word' id='word_1_245' title='bbox 618 3995 795 4044; x_wconf 86' lang='lat' dir='ltr'>novarum</span> <span class='ocrx_word' id='word_1_246' title='bbox 820 3993 940 4041; x_wconf 88' lang='lat' dir='ltr'>rerum</span> <span class='ocrx_word' id='word_1_247' title='bbox 963 3968 1105 4040; x_wconf 89' lang='lat' dir='ltr'>casibus</span> <span class='ocrx_word' id='word_1_248' title='bbox 1126 3968 1354 4057; x_wconf 87' lang='lat' dir='ltr'>sollicitatus,</span> <span class='ocrx_word' id='word_1_249' title='bbox 1381 3969 1441 4038; x_wconf 91' lang='lat' dir='ltr'>in-</span> 
     </span>
     <span class='ocr_line' id='line_1_31' title="bbox 115 4089 1440 4183; baseline -0.005 -16"><span class='ocrx_word' id='word_1_250' title='bbox 115 4111 215 4168; x_wconf 88' lang='lat' dir='ltr'>tento</span> <span class='ocrx_word' id='word_1_251' title='bbox 232 4091 279 4166; x_wconf 88' lang='lat' dir='ltr'>ad</span> <span class='ocrx_word' id='word_1_252' title='bbox 296 4089 480 4166; x_wconf 85' lang='lat' dir='ltr'>sciendum</span> <span class='ocrx_word' id='word_1_253' title='bbox 496 4097 626 4183; x_wconf 88' lang='lat' dir='ltr'>auimo,</span> <span class='ocrx_word' id='word_1_254' title='bbox 653 4093 802 4165; x_wconf 90' lang='lat' dir='ltr'>ubinam</span> <span class='ocrx_word' id='word_1_255' title='bbox 830 4094 1022 4164; x_wconf 80' lang='lat' dir='ltr'>Henricum</span> <span class='ocrx_word' id='word_1_256' title='bbox 1039 4097 1247 4163; x_wconf 75' lang='lat' dir='ltr'>necessariae</span> <span class='ocrx_word' id='word_1_257' title='bbox 1273 4090 1440 4162; x_wconf 85' lang='lat' dir='ltr'>collocu-</span> 
     </span>
     <span class='ocr_line' id='line_1_32' title="bbox 113 4212 1440 4318; baseline -0.006 -28"><span class='ocrx_word' id='word_1_258' title='bbox 113 4221 222 4292; x_wconf 88' lang='lat' dir='ltr'>tionis</span> <span class='ocrx_word' id='word_1_259' title='bbox 236 4221 350 4318; x_wconf 82' lang='lat' dir='ltr'>gratia</span> <span class='ocrx_word' id='word_1_260' title='bbox 369 4215 518 4288; x_wconf 89' lang='lat' dir='ltr'>obvium</span> <span class='ocrx_word' id='word_1_261' title='bbox 535 4213 670 4287; x_wconf 86' lang='lat' dir='ltr'>habere</span> <span class='ocrx_word' id='word_1_262' title='bbox 688 4231 818 4311; x_wconf 88' lang='lat' dir='ltr'>posset,</span> <span class='ocrx_word' id='word_1_263' title='bbox 841 4221 971 4315; x_wconf 88' lang='lat' dir='ltr'>atque²</span> <span class='ocrx_word' id='word_1_264' title='bbox 995 4214 1093 4287; x_wconf 84' lang='lat' dir='ltr'>adid</span> <span class='ocrx_word' id='word_1_265' title='bbox 1114 4217 1298 4312; x_wconf 90' lang='lat' dir='ltr'>negotium</span> <span class='ocrx_word' id='word_1_266' title='bbox 1320 4212 1440 4310; x_wconf 88' lang='lat' dir='ltr'>expli-</span> 
     </span>
     <span class='ocr_line' id='line_1_33' title="bbox 113 4337 1441 4440; baseline -0.002 -27"><span class='ocrx_word' id='word_1_267' title='bbox 113 4339 277 4418; x_wconf 88' lang='lat' dir='ltr'>candum</span> <span class='ocrx_word' id='word_1_268' title='bbox 294 4337 462 4440; x_wconf 90' lang='lat' dir='ltr'>prudenti</span> <span class='ocrx_word' id='word_1_269' title='bbox 478 4340 553 4412; x_wconf 80' lang='lat' dir='ltr'>viro</span> <span class='ocrx_word' id='word_1_270' title='bbox 572 4359 667 4435; x_wconf 88' lang='lat' dir='ltr'>opus</span> <span class='ocrx_word' id='word_1_271' title='bbox 681 4357 912 4430; x_wconf 85' lang='lat' dir='ltr'>asseveraret,</span> <span class='ocrx_word' id='word_1_272' title='bbox 930 4338 986 4412; x_wconf 86' lang='lat' dir='ltr'>alii</span> <span class='ocrx_word' id='word_1_273' title='bbox 1007 4338 1075 4412; x_wconf 90' lang='lat' dir='ltr'>sibi</span> <span class='ocrx_word' id='word_1_274' title='bbox 1095 4337 1296 4410; x_wconf 86' lang='lat' dir='ltr'>claudicare</span> <span class='ocrx_word' id='word_1_275' title='bbox 1314 4362 1441 4438; x_wconf 85' lang='lat' dir='ltr'>equos,</span> 
     </span>
    </p>
   </div>
   <div class='ocr_carea' id='block_1_8' title="bbox 106 4646 1440 4956">
    <p class='ocr_par' dir='ltr' id='par_1_8' title="bbox 106 4646 1440 4956">
     <span class='ocr_line' id='line_1_34' title="bbox 162 4646 1440 4748; baseline -0.006 -22"><span class='ocrx_word' id='word_1_276' title='bbox 162 4665 170 4698; x_wconf 88' lang='lat'><strong>¹</strong></span> <span class='ocrx_word' id='word_1_277' title='bbox 196 4646 295 4748; x_wconf 75' lang='lat' dir='ltr'>Caput</span> <span class='ocrx_word' id='word_1_278' title='bbox 324 4663 447 4724; x_wconf 82' lang='lat' dir='ltr'>Nttclctt&#39;</span> <span class='ocrx_word' id='word_1_279' title='bbox 475 4653 644 4734; x_wconf 62' lang='lat' dir='ltr'>abscessum]</span> <span class='ocrx_word' id='word_1_280' title='bbox 664 4652 745 4717; x_wconf 81' lang='lat' dir='ltr'>ldetn</span> <span class='ocrx_word' id='word_1_281' title='bbox 806 4656 943 4720; x_wconf 77' lang='lat' dir='ltr'>islandus</span> <span class='ocrx_word' id='word_1_282' title='bbox 968 4657 1076 4719; x_wconf 78' lang='lat' dir='ltr'>drreem</span> <span class='ocrx_word' id='word_1_283' title='bbox 1099 4658 1219 4720; x_wconf 77' lang='lat' dir='ltr'>vocavit</span> <span class='ocrx_word' id='word_1_284' title='bbox 1251 4658 1377 4722; x_wconf 84' lang='lat' dir='ltr'>ttiullat</span> <span class='ocrx_word' id='word_1_285' title='bbox 1411 4669 1440 4718; x_wconf 79' lang='lat' dir='ltr'>el</span> 
     </span>
     <span class='ocr_line' id='line_1_35' title="bbox 111 4757 1064 4848; baseline 0 -23"><span class='ocrx_word' id='word_1_286' title='bbox 111 4763 229 4828; x_wconf 79' lang='lat' dir='ltr'>liabent</span> <span class='ocrx_word' id='word_1_287' title='bbox 256 4765 439 4830; x_wconf 87' lang='lat' dir='ltr'>Helmoldus</span> <span class='ocrx_word' id='word_1_288' title='bbox 467 4767 484 4828; x_wconf 90' lang='grc' dir='ltr'>Ι.</span> <span class='ocrx_word' id='word_1_289' title='bbox 512 4784 537 4826; x_wconf 89' lang='lat' dir='ltr'>c.</span> <span class='ocrx_word' id='word_1_290' title='bbox 562 4784 629 4848; x_wconf 84' lang='lat' dir='ltr'>cap.</span> <span class='ocrx_word' id='word_1_291' title='bbox 647 4757 689 4826; x_wconf 82' lang='lat'>87</span> <span class='ocrx_word' id='word_1_292' title='bbox 714 4774 745 4826; x_wconf 82' lang='lat' dir='ltr'>et</span> <span class='ocrx_word' id='word_1_293' title='bbox 805 4763 901 4826; x_wconf 84' lang='lat' dir='ltr'>lilium</span> <span class='ocrx_word' id='word_1_294' title='bbox 923 4763 1064 4828; x_wconf 84' lang='lat' dir='ltr'>Fridleil.</span> 
     </span>
     <span class='ocr_line' id='line_1_36' title="bbox 106 4865 1293 4956; baseline -0.003 -22"><span class='ocrx_word' id='word_1_295' title='bbox 106 4885 204 4935; x_wconf 80' lang='lat' dir='ltr'>autor</span> <span class='ocrx_word' id='word_1_296' title='bbox 216 4869 352 4938; x_wconf 69' lang='lat' dir='ltr'>mnodo</span> <span class='ocrx_word' id='word_1_297' title='bbox 368 4873 602 4956; x_wconf 79' lang='lat' dir='ltr'>lluytlingorttm</span> <span class='ocrx_word' id='word_1_298' title='bbox 619 4891 648 4956; x_wconf 91' lang='lat' dir='ltr'>p.</span> <span class='ocrx_word' id='word_1_299' title='bbox 671 4865 743 4932; x_wconf 83' lang='lat'>375.</span> <span class='ocrx_word' id='word_1_300' title='bbox 852 4871 985 4954; x_wconf 61' lang='grc' dir='ltr'>2Λιᾳιιε]</span> <span class='ocrx_word' id='word_1_301' title='bbox 1001 4871 1089 4954; x_wconf 75' lang='lat' dir='ltr'>(leg.</span> <span class='ocrx_word' id='word_1_302' title='bbox 1105 4895 1200 4955; x_wconf 75' lang='lat' dir='ltr'>perarua.</span> <span class='ocrx_word' id='word_1_303' title='bbox 1220 4871 1293 4952; x_wconf 80' lang='lat' dir='ltr'>tlg.)</span> 
     </span>
    </p>
   </div>
   <div class='ocr_carea' id='block_1_9' title="bbox 0 0 1758 5460">
    <p class='ocr_par' dir='ltr' id='par_1_9' title="bbox 0 0 1758 5460">
     <span class='ocr_line' id='line_1_37' title="bbox 0 0 1758 5460; baseline 0 3"><span class='ocrx_word' id='word_1_304' title='bbox 0 0 1758 5460; x_wconf 95' lang='lat' dir='ltr'> </span> 
     </span>
    </p>
   </div>
  </div>
 </body>
</html>
