3524 5460
368 307 1253 408 m,nmmfflm

325 525 430 592 stium
447 521 570 617 copias
589 519 848 616 superaverint,
864 537 984 612 neque
1002 517 1215 614 paucitatem
1233 522 1343 589 vereri
1360 515 1504 608 debere,
1527 541 1633 616 quam

326 647 431 714 toties
449 643 482 711 in
499 641 570 713 suis
588 643 768 712 victricem
782 641 969 734 aspexerit.
1019 642 1229 732 Quinetiam
1245 637 1359 712 ultimi
1374 636 1559 714 dedecoris
1573 665 1635 714 es·

329 789 384 851 se,
406 764 582 836 lortunam
610 787 713 836 suam
738 776 819 833 ante
852 759 948 858 fugae
975 785 1087 858 quam
1111 761 1208 836 bello
1231 769 1454 862 permittere,
1489 785 1635 860 eosque,

329 891 389 984 qui
412 887 499 958 vinci
514 902 672 984 possent,
700 883 793 957 ultro
813 887 965 955 victores
984 881 1143 974 efficere,
1174 884 1292 956 alieno
1318 900 1416 956 metu
1441 907 1550 980 quam
1567 887 1636 958 suls

329 1009 464 1080 viribus
486 1008 654 1080 fortiores.
715 1011 863 1078 Manent
885 1002 1034 1098 deinde,
1069 1031 1113 1078 ne
1138 1033 1180 1080 ex
1203 1023 1348 1080 strenuo
1378 1029 1463 1104 rege
1496 1005 1636 1080 timidus

328 1127 475 1204 militum
494 1129 656 1204 desertor
671 1126 809 1218 evadat,
835 1130 1000 1201 nennius
1018 1127 1112 1228 luges
1130 1129 1309 1204 dedecore
1322 1145 1373 1202 tot
1393 1134 1556 1201 victorias
1570 1155 1637 1204 su-

329 1277 368 1326 as
384 1250 563 1325 maculare
578 1258 756 1326 sustineat.
814 1251 928 1348 Cujus
952 1255 1253 1348 perseverantiam
1279 1277 1299 1324 a
1322 1257 1507 1350 proposito
1529 1252 1636 1324 relle-

330 1391 425 1447 etere
453 1390 695 1472 nequeuntes,
730 1377 860 1447 amaris
877 1397 960 1444 eum
981 1376 1150 1450 conviciis
1172 1381 1415 1472 insequuntur.
1475 1378 1549 1447 Nec
1570 1374 1638 1446 de-

331 1496 543 1569 formitatem
559 1499 591 1568 ei
617 1499 908 1596 peregrinationis
930 1477 1165 1594 exprobrasse
1192 1502 1362 1589 contenti,
1387 1499 1491 1570 etiam
1509 1517 1639 1572 cuntu-

264 1645 268 1652 ·
332 1617 444 1689 meliae
462 1615 723 1692 damnationem
739 1622 939 1718 junxerunt.
998 1618 1135 1693 Deinde
1152 1637 1275 1694 mutua
1290 1637 1398 1694 semet
1414 1619 1637 1696 adhortatio-

332 1765 377 1810 ne
395 1737 594 1834 finnantes,
628 1741 728 1816 bello
754 1741 920 1816 hostibus
942 1767 1130 1816 occurrere
1146 1759 1314 1817 statuunt.
1372 1749 1465 1816 Fore
1478 1751 1583 1834 enim,
1603 1763 1638 1818 ut

332 1886 457 1933 eorum
474 1861 677 1956 multitudo,
694 1871 825 1961 passim
848 1891 892 1940 ac
915 1865 1085 1940 dissolute
1100 1866 1249 1970 instandi
1266 1866 1461 1965 eupiditate
1486 1891 1638 1966 procur-

333 2006 425 2073 rens,
451 2007 616 2081 sparsum
646 1987 776 2060 militiae
797 2015 911 2091 genus
937 1989 1124 2089 sequendo
1150 1989 1300 2063 lacilea
1337 1983 1462 2087 paucis
1484 1991 1654 2090 intercipi*

335 2124 466 2202 posset.
520 2111 689 2182 Praeterea
707 2135 805 2184 arma
821 2113 888 2187 sibi
907 2131 942 2186 et
956 2137 1072 2213 equos
1092 2128 1302 2210 suppetere,
1328 2111 1491 2210 nihilque
1508 2130 1560 2186 tot
1583 2115 1638 2185 ri-

332 2231 379 2302 ris
395 2235 429 2300 in
447 2236 551 2304 unius
574 2233 768 2306 meticulosi
796 2234 898 2310 ducis
914 2235 1073 2310 absentia
1089 2236 1254 2308 nocuisse
1271 2242 1463 2308 fortunam.
1508 2239 1559 2307 lta
1574 2236 1639 2310 sibi

334 2350 545 2424 fortitudinis
564 2355 675 2429 robur
689 2363 944 2458 ingenerantes,
957 2362 1043 2456 regii
1062 2355 1251 2432 dedecoris
1270 2375 1389 2431 notam
1410 2358 1545 2430 militari
1561 2365 1639 2456 spi·-

332 2475 400 2546 ritu
427 2473 600 2550 redimere
614 2482 822 2576 gestiebant.
875 2484 947 2554 Diu
963 2484 1085 2580 itaque
1103 2497 1304 2578 exspectato
1328 2471 1441 2574 hoste,
1467 2507 1534 2554 nec
1556 2483 1639 2568 riso,

334 2599 455 2670 Petrus
469 2598 681 2674 solvendum
698 2629 827 2702 agmen
844 2603 1023 2703 salutique
1050 2603 1309 2708 consulendum
1331 2603 1527 2694 admonuit,
1551 2629 1638 2702 per-

333 2719 443 2818 quam
459 2723 605 2795 stultum
625 2724 814 2820 affirmans,
831 2728 994 2825 praelium
1010 2727 1151 2825 absque
1176 2725 1271 2800 duce
1287 2727 1435 2825 capessi.
1497 2729 1640 2824 ¹Quippe

335 2845 418 2936 Juti,
438 2846 637 2918 Svenonem
655 2847 879 2922 deindustria
900 2852 1047 2924 cessisse
1072 2853 1156 2938 rati,
1175 2848 1381 2922 insidiarum
1406 2865 1504 2924 metu
1528 2848 1640 2922 tardi-

337 2989 380 3034 us
406 2966 643 3040 incedendum
666 2969 855 3044 duxerunt.
914 2975 1016 3046 Tunc
1049 2971 1310 3062 Sialandenses,
1342 2969 1445 3069 quod
1468 2969 1640 3070 indigente

335 3103 467 3177 essent,
493 3107 638 3164 caeteros
653 3097 937 3168 conrmilitonum
961 3095 1071 3168 ductu
1095 3119 1137 3168 ac
1154 3093 1415 3166 commeatibus
1438 3117 1641 3192 proseque-

335 3203 486 3298 bantur3
504 3237 571 3283 nee
587 3219 756 3313 cuiquam
771 3244 813 3292 ex
829 3235 923 3291 tauto
943 3245 1051 3320 grege
1065 3220 1287 3316 perniciosus
1306 3215 1353 3288 ad
1370 3218 1520 3314 patriam
1544 3215 1640 3288 redi·
1738 3281 1739 3317 ἢ

336 3346 391 3402 tus
414 3337 531 3405 extitit.
592 3338 662 3410 Sed
681 3365 806 3414 eorum
822 3340 1054 3438 postmodum
1071 3340 1254 3439 plerisque
1276 3342 1358 3438 paci
1389 3345 1547 3412 transitio
1570 3337 1641 3411 luit.

335 3457 423 3524 Nam
444 3473 478 3527 et
501 3457 591 3532 fides
609 3463 756 3559 regibus
781 3463 862 3535 data
893 3481 928 3537 et
953 3465 1103 3536 amicitia
1142 3470 1273 3562 pariter
1287 3462 1463 3560 obsequio
1488 3465 1640 3561 quaesitu.

336 3575 400 3646 Ull
403 3582 413 3622 ¹
440 3596 474 3650 et
497 3583 526 3648 T
528 3579 763 3682 hopbiornus,
787 3604 954 3684 spectatae
991 3589 1026 3658 in
1049 3611 1168 3685 regem
1195 3585 1300 3674 fidei,
1335 3611 1415 3659 cum
1440 3584 1511 3657 hoc
1534 3589 1640 3656 veniae

336 3723 450 3794 genus
472 3708 505 3770 in
524 3704 667 3800 probris
693 3707 873 3799 ducerent,
899 3709 997 3782 (lomi
1024 3733 1099 3781 suae
1128 3709 1378 3806 comprehensi
1406 3710 1641 3802 Sverconiquc

335 3826 408 3922 regi
427 3827 459 3895 in
476 3825 673 3899 custodiam
697 3830 830 3920 traditi,
857 3833 961 3906 exilio
980 3835 1095 3931 capita
1113 3859 1223 3932 quam
1242 3830 1336 3906 hosti
1355 3830 1487 3904 dedere
1504 3827 1641 3899 malue-

334 3963 425 4018 runt.
479 3952 617 4020 Horum
632 3952 807 4048 siquidem
828 3955 1028 4028 excellentis
1058 3958 1264 4029 constantias
1288 3955 1425 4026 animus
1451 3949 1533 4048 plus
1555 3945 1640 4046 glo·-

335 4071 394 4140 rirc
415 4071 447 4140 in
474 4071 621 4142 vinculis
651 4099 760 4170 quarn
786 4077 953 4149 libertatis
978 4083 1012 4147 in
1030 4075 1228 4148 delectione
1248 4077 1436 4148 constituit.
1490 4081 1534 4145 At
1550 4075 1639 4142 See-

335 4217 393 4281 no,
411 4196 614 4267 continuato
632 4197 730 4296 apud
747 4223 910 4272 socerum
926 4197 1029 4270 exilio
1045 4198 1230 4270 triennium
1254 4203 1455 4287 emensus²,
1482 4203 1558 4296 ipso
1574 4191 1643 4264 de-

382 4457 473 4540 Qus]
493 4461 585 4540 idem,
606 4465 658 4548 qui
672 4466 704 4527 in
724 4463 851 4528 historia
866 4467 962 4549 ttnyt-
1020 4478 1166 4530 autumno
1182 4467 1254 4529 anni
1274 4465 1355 4532 1154
1369 4485 1462 4552 usqne
1479 4465 1517 4529 ad
1532 4476 1643 4528 autum-

336 4563 488 4646 lingorum
506 4567 617 4631 dicitur
632 4570 811 4657 Ripa-Ulfr,
840 4585 871 4634 et
887 4575 961 4636 Sve-
1018 4593 1091 4635 unm
1115 4573 1185 4636 anni
1213 4569 1302 4638 1156.
1353 4577 1457 4636 Mense
1480 4573 1558 4636 enim
1585 4573 1644 4630 De·

335 4673 408 4732 noni
438 4675 515 4735 mala
554 4677 678 4738 consilia
717 4677 960 4742 subministrasse
1019 4680 1134 4742 cembri
1154 4679 1492 4762 hujusanniflenrieus
1508 4679 1642 4740 Leona-

335 4777 513 4861 perhibetnr
529 4779 573 4864 (p.
587 4777 659 4858 353,
675 4779 747 4860 354,
768 4781 854 4864 359).
1018 4785 1097 4848 niem
1121 4803 1279 4870 aggressus
1300 4798 1354 4846 est.
1397 4787 1497 4848 hutor
1513 4781 1643 4847 historiae

381 4891 392 4922 ²
415 4890 579 4948 Triennium
606 4888 746 4967 emensus]
772 4890 894 4952 Scilicet
917 4891 955 4953 ab
1016 4892 1248 4977 llnyillngot'utn
1269 4903 1408 4974 tempora
1435 4893 1558 4955 omnino
1579 4901 1640 4950 lut·-
