3508 5460
604 289 933 366 WALDEMARUS
951 293 976 365 1
1321 289 1394 367 811

134 496 234 588 dms,
254 511 404 596 questus
421 513 487 591 est,
509 497 614 600 quod
629 499 773 574 militem
791 525 898 575 suum
913 501 1165 602 bugisziavum
1181 528 1305 577 coram
1319 527 1360 578 se
1373 529 1448 576 nou

7 627 19 698 ’,
132 637 343 696 coornatam
366 619 466 696 bello
490 622 661 713 lacessat,
694 649 817 724 quem,
839 627 870 698 si
888 625 1103 722 injuriosum
1125 629 1315 715 existimet,
1347 628 1450 724 prius

131 743 422 820 aomtsaticnibus
443 770 555 845 quarn
574 748 682 821 anuis
699 745 847 847 aggredi
865 745 1006 820 debeat.
1059 752 1192 822 Contra
1217 773 1279 821 rex
1304 772 1454 846 negare,

130 891 170 941 se
185 865 297 942 ullius
311 873 478 965 potentiae
491 885 655 969 respectu
673 885 907 961 cessaturum,
932 894 1009 968 quo
1026 873 1144 946 minus
1159 883 1325 968 acceptas
1348 871 1450 968 inju-

131 992 201 1064 rias
217 991 349 1064 mutuis
365 990 502 1067 damnis
517 989 719 1091 rependere
735 989 890 1070 liberum
905 989 1049 1065 habeat
1098 997 1146 1066 lta
1162 1009 1343 1092 perstante
1356 1017 1450 1066 cou-

131 1117 318 1201 troversia,
342 1111 464 1190 foedus
483 1141 568 1190 cum
584 1113 769 1213 colloquio
792 1113 977 1187 soluitur¹.
1027 1115 1107 1188 Hoc
1129 1112 1197 1188 loci
1215 1114 1450 1190 memorabile

131 1237 296 1312 saxonici
310 1239 437 1336 equitis
449 1237 582 1312 dietum
599 1239 746 1312 strictim
764 1259 985 1334 percurram.
1036 1241 1107 1330 Qui
1133 1264 1217 1312 cum
1241 1239 1334 1314 forte
1347 1237 1450 1314 ducis

130 1360 283 1458 noregia
301 1358 492 1460 colloquiis
505 1365 701 1456 interesset,
726 1385 865 1460 eosque
885 1359 1120 1460 expeditionis
1143 1367 1285 1460 negotia
1299 1360 1449 1462 laugui-

131 1479 298 1556 dioribus
315 1482 447 1572 ⁸uerbis
471 1487 643 1584 prosequi
665 1481 981 1573 animadverteret,
1015 1485 1210 1578 Quaedam,
1236 1488 1367 1582 inquit,
1402 1481 1449 1556 de

130 1603 220 1678 bero
245 1629 328 1678 meo
351 1607 505 1680 ilenrico
535 1605 774 1706 praesentibus
798 1605 933 1678 referre
956 1603 1076 1680 habeo
1088 1659 1098 1696 ,
1130 1632 1234 1705 quae,
1269 1606 1300 1679 si
1323 1605 1450 1681 adesse

130 1751 215 1802 eum
227 1729 367 1822 seirent,
393 1745 510 1804 tacere
525 1755 636 1830 qnam
649 1729 775 1829 eioqui
790 1726 945 1801 maliem.
997 1731 1067 1823 Qui
1082 1756 1165 1804 cum
1180 1728 1340 1829 pupillus
1356 1755 1449 1828 pro-

130 1855 353 1950 pinquorum
367 1853 496 1950 injuria
510 1854 726 1952 patrimonio
741 1852 953 1952 privaretur,
973 1852 1114 1925 nemine
1129 1852 1196 1926 sibi
1213 1853 1450 1952 patrocinium

130 1971 404 2048 accommodare
421 1974 571 2068 volente,
597 1992 754 2074 quatuor
766 1972 833 2048 soli
858 1975 1056 2068 examinis,
1080 1991 1314 2074 paternorum
1337 1979 1451 2074 ipsius

94 2177 99 2188 ³
131 2100 341 2168 meritomm
356 2116 522 2196 respectu
531 2099 694 2197 permoti,
705 2120 941 2194 quorumego
957 2123 1109 2170 numero
1122 2098 1322 2190 intereram,
1341 2122 1451 2172 aver-

132 2217 296 2294 santibus
315 2226 466 2312 caeteris,
492 2221 674 2294 infantiam
695 2223 773 2319 ejus
796 2223 929 2293 tutorio
957 2244 1108 2293 munere
1131 2220 1323 2294 fovendam
1344 2247 1451 2296 sum-

133 2357 295 2440 pserunt.
353 2343 424 2415 Pro
449 2345 555 2443 cujus
578 2342 692 2417 salute
708 2359 742 2416 et
756 2346 980 2416 incrementis
1005 2357 1082 2416 tum
1103 2343 1214 2436 votis,
1240 2359 1317 2416 tum
1343 2349 1450 2418 etiam

132 2464 256 2538 officiis
272 2466 465 2563 impensius
482 2465 718 2538 excubabant
770 2467 875 2537 Hunc
896 2462 1051 2557 tandexu,
1067 2463 1215 2539 humani
1238 2466 1354 2540 auxilii
1371 2465 1450 2540 dif-

131 2585 289 2677 fidentia,
304 2587 477 2664 aitaribna
492 2589 691 2679 offerentes,
699 2586 867 2687 religiosa
883 2588 956 2660 voti
966 2589 1233 2688 nuncupatione
1247 2605 1452 2680 sanxerunt,
1572 2613 1579 2620 ’

130 2715 159 2784 si
177 2725 348 2809 paternos
364 2707 522 2786 honores
537 2711 657 2786 divina
671 2709 852 2783 clementia
869 2707 1135 2808 adipisceretur,
1152 2729 1357 2812 susceptum
1377 2711 1451 2786 be-

130 2833 310 2923 nefitium,
336 2831 460 2931 quoad
475 2838 621 2928 viveret,
646 2837 777 2934 pagani
794 2838 948 2907 nominis
962 2830 1048 2906 odio
1071 2849 1314 2932 pensatumm.
1366 2837 1452 2910 Mox

131 2961 203 3032 voti
219 2956 398 3056 probator
419 2956 509 3031 deus
523 2958 670 3056 ingenui
685 2947 857 3056 principis
876 2953 1033 3029 Conradi
1049 2957 1285 3055 patrocinium
1307 2961 1340 3032 ei
1356 2982 1452 3032 eon-

130 3079 272 3153 ciliavit.
313 3082 428 3180 Cujus
446 3103 559 3178 opera
579 3096 811 3178 paternorum
825 3077 1138 3153 bonorum‘haeres
1154 3080 1313 3174 effectus,
1326 3105 1451 3180 quan-

130 3227 243 3303 quam
260 3207 334 3278 voti
343 3219 509 3277 auctores
516 3201 771 3278 exhortationis
784 3201 901 3278 officia
916 3227 989 3276 non
1003 3206 1213 3296 omitterent,
1230 3229 1251 3276 a
1266 3203 1365 3278 belia
1378 3203 1452 3278 ad-

130 3351 277 3401 versum
292 3325 441 3400 sclavos
458 3325 713 3418 continuando,
731 3343 808 3401 tum
826 3325 981 3417 avaritia,
1005 3342 1084 3398 tum
1108 3326 1213 3402 etiam
1229 3325 1367 3400 desidia
1380 3326 1453 3400 ad-

130 3447 277 3542 ductus,
291 3447 473 3542 abstinuit,
491 3467 698 3549 perceptam
714 3447 990 3524 munificentiam
1014 3449 1155 3548 ingrato
1179 3453 1357 3524 aestimans
1368 3448 1453 3520 ani-

128 3598 200 3646 mo.
250 3575 367 3647 Turtta
380 3587 497 3646 autem
512 3597 599 3645 cura
613 3575 798 3647 monitoris
814 3587 933 3670 partes
956 3573 1085 3670 exequi
1099 3575 1171 3645 voti
1190 3572 1453 3671 nuncupatori-

129 3697 224 3773 bus²
241 3695 322 3788 snit,
338 3711 389 3790 nt,
404 3721 487 3772 cum
507 3720 600 3771 nnus
615 3722 659 3770 ex
674 3697 736 3790 eis,
764 3687 896 3770 ultimae
911 3693 1032 3783 autb,
1051 3691 1104 3766 ad
1116 3694 1335 3793 inspicienda
1351 3693 1453 3768 ducis

131 3843 265 3894 arcana
279 3821 373 3894 inter
388 3819 540 3895 arbitros
554 3817 752 3911 admissus,
778 3814 946 3892 sedulum
965 3814 1135 3889 stertendi
1160 3843 1267 3891 usum
1290 3815 1453 3910 baberet,

130 3944 388 4044 excitatusque,
413 3941 501 4042 quid
519 3941 565 4038 de
586 3969 626 4018 re
644 3943 812 4044 praesenti
830 3943 980 4030 sentiret,
1006 3965 1028 4013 a
1050 3938 1318 4016 considentibus
1335 3941 1452 4042 inter-

128 4068 251 4170 rogari
274 4063 423 4157 soleret,
447 4069 622 4169 majorem
639 4065 893 4165 praeteriti'voti
914 4087 1023 4164 quam
1046 4064 1206 4138 instantis
1220 4061 1353 4163 negotii
1368 4084 1454 4132 me-
1530 4125 1532 4132 ,

127 4271 169 4337 pe
199 4263 247 4315 est
277 4275 390 4319 nomen
420 4256 517 4320 emnia
545 4251 703 4335 cujusdam
733 4252 765 4314 in
823 4257 928 4318 Hoece
944 4237 1131 4340 colloquium
1146 4249 1285 4314 habitum
1303 4249 1396 4316 iuieee
1411 4255 1455 4316 xi·

126 4357 309 4438 Stormarie,
326 4363 378 4446 qni
389 4383 484 4448 quum
501 4374 614 4424 terram
632 4359 764 4443 uligino-
823 4359 911 4425 detur
926 4358 1024 4423 media
1036 4371 1142 4422 metato
1163 4356 1234 4420 anni
1250 4347 1331 4422 1167
1348 4359 1452 4444 paullo

125 4487 195 4528 sam
222 4479 256 4530 et
283 4467 471 4531 territorium
498 4465 605 4556 oppidi
627 4465 763 4550 ejusdem
821 4478 894 4552 poet
908 4465 1133 4552 expeditionem
1151 4463 1295 4528 adversus
1312 4466 1432 4532 Siatoe.

127 4571 263 4636 neminis
285 4575 472 4656 permeavit,
494 4595 527 4638 ee
551 4573 636 4658 aquia
661 4575 763 4636 Storae

127 4677 283 4742 immiscet
297 4679 447 4766 propesb
462 4680 586 4744 incursu
599 4677 691 4762 hujus
705 4675 764 4740 ilu·
867 4673 1173 4767 ΩΝιυιωῳαεονίὂιιε]
1211 4679 1257 4739 ita
1290 4676 1453 4764 legendum

129 4783 172 4848 t'n'
190 4784 224 4848 in
243 4784 358 4848 Albim.
378 4785 446 4871 (ἵ.)
822 4796 867 4848 est
885 4805 954 4849 cum
979 4784 1148 4870 stephanio
1178 4805 1237 4870 pro
1255 4788 1450 4874 uumupatio·

128 4935 132 4942 ·
175 4891 312 4956 'Foedus
342 4917 408 4958 cum
439 4897 581 4981 colloquzb
623 4889 762 4972 soluitur]
821 4893 917 4967 atius,
939 4889 1023 4978 qnod
1038 4889 1190 4956 heberei.
1214 4912 1262 4977 pr.
1286 4887 1356 4971 (V.)
