3508 5460
357 311 432 390 754
694 309 870 384 HISTOll.
884 311 990 384 DAN.
1005 311 1143 384 LIBER
1159 313 1251 387 xlv.

306 551 432 602 vocem
447 523 556 598 irater
572 522 657 620 ejus
668 519 853 596 Eshernus
870 521 1123 598 exhortationis
1147 521 1229 596 loco
1243 521 1461 622 suscipiens,
1493 547 1615 624 qum-

307 676 416 752 quam
440 648 637 724 barbarum
659 643 794 718 latentis
819 651 902 718 saxi·
918 645 1094 722 beneficio
1117 651 1167 722 uti
1187 671 1260 718 oon
1283 643 1482 740 dubitaret,
1514 642 1617 722 saluti

307 797 383 847 suae
399 772 582 844 fraternae¹
606 767 797 842 voluntatis
813 770 1004 866 imperium
1020 767 1186 866 praetulit,
1211 768 1360 869 aliisque
1374 769 1618 859 renuentibus,

307 918 421 993 aquas
446 889 561 964 hostili
593 914 721 962 cruore
735 889 881 964 iniectas
911 893 1019 966 armis
1053 909 1202 967 onustus
1225 895 1374 968 intravit.
1442 895 1619 990 Cumque,

306 1016 433 1090 emissa
449 1016 483 1086 in
499 1011 695 1108 barbarum
711 1010 847 1102 lancea,
863 1011 981 1088 solum
1002 1032 1164 1114 repetere
1185 1015 1309 1108 vellet,
1334 1015 1438 1090 undis
1452 1019 1621 1090 verticem

285 1136 503 1228 .involutus,
535 1135 718 1234 profundo
740 1160 780 1208 se
809 1137 1000 1232 excipiente
1026 1138 1264 1239 demergitur,
1298 1140 1531 1236 perissetque,
1552 1136 1621 1208 nisi

305 1261 484 1332 sociorum
499 1264 687 1357 praesentia
702 1255 831 1329 auxilio
848 1258 980 1334 suisset
1021 1263 1213 1336 Enimvero
1233 1259 1402 1352 Olavus²,
1416 1259 1521 1334 undis
1539 1283 1623 1332 eum

305 1379 514 1458 abstrahere
532 1382 698 1481 cupiens,
730 1379 950 1454 stimulatum
966 1380 1165 1459 calcarIbus
1193 1409 1331 1483 equum
1354 1386 1390 1454 iu
1414 1379 1504 1454 illud
1526 1403 1619 1478 pro-

307 1504 462 1580 fundum
485 1507 573 1605 egit,
606 1520 870 1604 exceptumque
892 1503 1043 1579 brachio
1068 1505 1186 1582 levare
1202 1523 1371 1599 conatus,
1402 1526 1507 1602 ptene
1533 1501 1621 1577 sella

305 1654 444 1730 pronus
473 1627 649 1702 excutitur
716 1630 842 1725 Igitur,
862 1643 1009 1726 urgente
1033 1627 1117 1719 sato,
1144 1653 1219 1704 suae
1235 1653 1347 1728 quam
1371 1625 1495 1701 alienae
1517 1621 1620 1698 saluti

305 1753 456 1852 propior
471 1751 591 1840 extitit,
613 1749 765 1846 sibique,
788 1768 940 1848 caeptam
961 1757 1065 1826 amici
1092 1777 1218 1826 curam
1241 1747 1507 1850 postponendo,
1524 1771 1620 1822 con·-

305 1873 424 1949 suluit.
478 1874 591 1972 Cujus
605 1871 831 1970 propositum
847 1873 1015 1948 Nicolaus
1036 1873 1182 1974 quidam
1198 1874 1324 1948 fortius
1346 1897 1456 1971 qoam
1485 1867 1621 1942 ielicios

307 1994 512 2089 aemulatus,
532 2018 604 2066 non
627 1996 852 2091 temperavit,
875 2021 950 2096 quo
979 2003 1097 2070 minus
1122 2003 1294 2071 concitato
1317 2021 1415 2094 equo
1441 1997 1621 2092 gurgitem

307 2133 452 2217 peteret.
512 2115 582 2190 Sed
605 2117 652 2189 ab
677 2119 837 2216 incoepto
852 2143 908 2212 se,
935 2121 1015 2218 pari
1032 2118 1193 2218 periculo
1214 2135 1424 2208 revocatus,
1443 2116 1621 2190 abstinuit.

307 2243 416 2341 Igitur
428 2242 591 2338 equitum
609 2265 681 2338 ope
695 2239 834 2314 deiecto
851 2240 1014 2340 peditum
1033 2266 1146 2341 opera
1160 2247 1291 2316 servari
1309 2243 1462 2341 contigit.
1503 2241 1621 2311 Cum-

306 2389 381 2464 que
405 2361 508 2434 littori
530 2363 711 2437 restitutus
734 2363 875 2455 luisset,
905 2367 1077 2438 extinctus
1104 2364 1151 2438 ab
1176 2363 1392 2440 intuentibus
1409 2363 1621 2463 putabatur3

306 2485 398 2561 adeo
414 2485 565 2582 Illapsus
580 2487 724 2584 corpori
739 2484 872 2560 humor
887 2487 1081 2561 anhelitum
1100 2486 1316 2561 occultabat.
1376 2485 1538 2560 Tandem
1552 2507 1619 2559 so·-

307 2614 370 2684 ciIs
385 2633 520 2706 corpus
534 2633 642 2684 suum
658 2607 791 2684 diutius
815 2611 1041 2710 agitantibus,
1068 2615 1204 2684 vomitu
1220 2610 1355 2685 undam
1375 2633 1522 2711 egerere
1538 2633 1619 2682 coe-

307 2736 369 2834 pit.
422 2734 536 2830 Cujus
551 2757 660 2805 onere
679 2731 868 2823 liberatus,
890 2737 1072 2831 suspicere
1092 2736 1204 2833 magis
1226 2757 1338 2833 quam
1360 2732 1481 2832 eloqui
1500 2728 1620 2804 valuit.

307 2861 443 2957 Itaque,
462 2861 522 2954 qni
544 2853 699 2946 aderant,
715 2879 847 2952 corpus
873 2859 951 2955 ejus
972 2856 1103 2956 irigore
1118 2855 1409 2954 obstupefactum
1431 2853 1620 2954 applicate

305 2979 411 3054 vestis
431 2977 586 3051 fomento
602 2977 925 3078 prosequebantur.
978 2979 1118 3074 Quibus
1147 2977 1407 3077 percalefactus
1435 2999 1510 3050 non
1522 2999 1621 3050 ocu-

307 3100 426 3174 lorum
447 3099 574 3189 modo,
600 3099 665 3174 sed
687 3103 791 3174 etiam
812 3107 1034 3194 vooisusum
1050 3107 1285 3199 recuperavit
1348 3106 1527 3174 Caeterum
1542 3104 1620 3198 ipso

308 3221 366 3296 die
384 3222 475 3298 adeo
489 3225 659 3324 exanguis
673 3231 877 3322 permansit,
895 3241 932 3300 ut
948 3232 1007 3302 vix
1023 3251 1107 3300 eurn
1122 3223 1285 3316 funebris
1309 3226 1382 3298 oris
1398 3239 1493 3298 notae
1509 3221 1621 3296 dese·-

306 3362 432 3420 rerent
483 3350 556 3420 Neo
573 3345 710 3422 sllentIo
724 3348 985 3424 obliterandam
1008 3346 1150 3422 alterius
1164 3350 1289 3420 Daniel
1309 3351 1438 3446 equitis
1452 3351 1621 3420 virtutem

307 3470 477 3559 existimo,
509 3469 572 3567 qui
596 3495 691 3560 cum,
717 3476 858 3544 nemine
886 3476 1066 3546 sociorum
1084 3472 1288 3561 comitante,
1312 3468 1437 3568 fugam
1459 3466 1621 3544 bostium

307 3589 448 3666 avidius
472 3615 583 3689 quam
606 3595 745 3668 cautius
765 3595 944 3668 insecutus
958 3577 1100 3684 fuisset,
1124 3591 1306 3684 barbaris,
1332 3597 1393 3689 qui
1413 3589 1619 3690 effirgerant,

305 3730 345 3787 ut
360 3737 399 3786 se
415 3716 466 3788 eis
480 3714 693 3812 capiendum
710 3716 896 3815 praeb‘eret,
920 3717 1140 3816 rogantibus,
1166 3731 1286 3814 spreta
1302 3739 1421 3814 prece,
1435 3737 1533 3814 equo
1550 3712 1619 3786 de·

306 3835 430 3932 silivit,
455 3855 682 3938 mortemque
705 3839 877 3916 dimicans
909 3865 1019 3939 quam
1042 3838 1183 3912 deditus
1198 3836 1315 3911 lucem
1342 3833 1510 3934 amplecti
1536 3859 1618 3908 nra-

305 3958 378 4034 luit.
439 3965 549 4059 Igitur
569 3965 699 4062 ingenti
723 3961 880 4038 hostium
903 3979 1045 4036 caterva
1062 3950 1109 4034 ad
1128 3985 1168 4035 se
1186 3957 1465 4059 opprimendum
1484 3958 1617 4047 nitente,

306 4099 486 4183 quotquot
498 4087 649 4183 propius
672 4101 910 4178 accesserant,
924 4084 1107 4176 interfecit,
1133 4109 1177 4158 ac
1190 4087 1267 4160 sine
1283 4082 1358 4158 nlla
1371 4082 1492 4182 speeie
1505 4093 1616 4154 metus

354 4401 363 4436 ¹
379 4401 446 4463 Sua
459 4398 621 4487 fraterna]
654 4397 720 4480 (Sic
734 4400 843 4486 scripsi
866 4419 934 4463 eum
993 4423 1026 4464 ra
1042 4399 1170 4480 Submii,
1192 4399 1280 4462 illum
1295 4395 1388 4461 inisse
1403 4397 1534 4464 Olavum
1546 4415 1617 4478 cog·

307 4517 385 4567 esset
399 4511 550 4570 Fraterno
566 4532 633 4568 suoe.
649 4502 725 4591 ΜΒ.)
990 4509 1114 4572 nomine
1130 4507 1220 4590 Glug,
1235 4503 1435 4590 quiGytbam,
1447 4503 1539 4568 filiam
1555 4499 1618 4564 Eb-

351 4611 501 4691 ΕΟΙιιυιιε]
529 4617 620 4676 Hunc
644 4635 738 4698 quum
777 4613 856 4676 Saxo
877 4631 932 4676 ceu
971 4614 1091 4693 ¹bonis,
1105 4626 1229 4698 neptem
1240 4611 1420 4674 Shialmonis
1433 4607 1567 4689 Candidi,
1582 4607 1616 4666 in

305 4716 407 4780 virum
437 4733 656 4782 commemoret
685 4717 850 4784 lectoribus
877 4737 933 4780 no·
991 4720 1218 4784 matrimonium
1242 4717 1367 4782 duxerat
1388 4713 1463 4801 (vid.
1482 4716 1572 4782 Suhrn
1595 4711 1618 4772 l·

304 4836 381 4907 turn,
399 4823 481 4891 haud
493 4824 704 4912 improbabilis
718 4837 764 4902 est
778 4823 932 4909 conjectu·
987 4845 1013 4889 c.
1032 4848 1063 4911 p.
1079 4821 1200 4902 49-50).
