3582 5466
717 307 933 381 CANUTUS.
1355 305 1428 382 etc
1456 341 1458 348 a

171 529 223 588 tes
236 515 359 612 gratie
376 515 592 590 matrirnemie
608 512 904 612 prosequebatur.
964 515 1132 613 Cumque
1154 515 1204 590 nb
1228 519 1329 592 inerti
1350 533 1385 592 et
1399 519 1480 594 rudi

170 635 311 734 populo
327 661 455 734 parum
466 639 597 736 justum
607 637 833 738 pontificibus
842 639 1102 712 venerationem
1120 638 1244 716 lssberi
1253 641 1482 738 conspiceret,

171 785 217 832 uc
231 763 319 832 tanti
335 750 485 854 nominis
507 765 680 858 politores
702 766 792 836 inter
808 761 966 860 privatm
980 759 1216 861 relinqueret,
1249 761 1382 838 decreti
1404 770 1481 838 cir-

172 888 440 981 cumspectioris
449 881 618 958 industrio
632 884 835 982 principum
851 889 902 958 eis
917 889 1179 960 consertionem
1194 885 1352 977 indulsit,
1366 890 1480 986 ipsis·-

172 1029 246 1102 que
264 1007 420 1102 primum
438 1007 702 1106 interpreceres
717 1006 838 1079 locum
853 1005 1003 1106 perinde
1024 1032 1066 1080 ac
1083 1007 1237 1084 ducibus
1255 1015 1482 1109 assignavit¹,

170 1129 417 1200 auctoritatem
428 1127 567 1202 honore
581 1128 786 1204 concilians.
811 1127 967 1204 Providit
976 1135 1080 1222 enim,
1094 1155 1141 1204 ne
1159 1133 1242 1204 tanti
1259 1131 1368 1206 olfieii
1379 1157 1480 1230 pon-

169 1248 242 1324 dus
259 1273 366 1348 ωᾳιιο
391 1256 507 1324 minor
529 1259 711 1328 veneratio
727 1265 888 1352 caperet,
918 1253 1027 1350 inque
1043 1277 1185 1328 summa
1200 1253 1380 1353 religiosus
1395 1279 1479 1330 arce

170 1373 277 1472 positi
302 1373 431 1458 infima,
447 1373 564 1449 eunus
579 1365 780 1450 conditione
798 1374 1017 1450 vilescerent.
1068 1379 1140 1450 Nec
1158 1375 1277 1452 solum
1294 1376 1480 1476 pontilici-

170 1495 243 1570 bus
260 1496 438 1596 dignitatis
455 1499 669 1572 incrementa
685 1496 849 1587 donarit,
880 1497 945 1572 sed
963 1499 1069 1572 etiam
1084 1501 1307 1598 privatorum
1324 1499 1480 1576 clerico-

169 1645 257 1692 rum
268 1618 433 1693 ordinem
447 1620 707 1719 benignissimis
726 1618 877 1696 decretis
892 1619 1070 1696 adornare
1085 1621 1262 1698 studebat.
1295 1625 1385 1696 Nem
1402 1649 1480 1722 quo

169 1741 443 1816 cumulatiorem
467 1745 518 1828 eis
541 1741 717 1816 honorem
741 1741 927 1837 redderet,
959 1742 1179 1844 literatorum
1199 1748 1478 1824 maroveum?

171 1863 331 1966 vulgaris
350 1864 419 1939 ion'
438 1863 638 1939 conditione
660 1882 842 1964 exemptas
867 1865 915 1940 ad
936 1866 1100 1966 ejusdem
1118 1868 1353 1968 professionis
1375 1867 1481 1968 judi·

170 1993 267 2064 cium
282 1987 475 2088 relegabat.
527 1987 653 2064 bedam
669 1987 846 2086 religionis
861 2013 954 2082 reos,
980 1989 1122 2090 objecta
1139 1990 1314 2090 repellere
1335 2017 1481 2091 neque-

169 2129 294 2204 untes,
318 2112 524 2212 pecouiaria
541 2109 676 2186 mulcta
696 2109 897 2209 puniendos
914 2114 1108 2210 permisiti.
1162 2113 1303 2207 Quibus
1319 2116 1426 2188 etiam
1444 2121 1480 2192 in

169 2242 311 2327 omnia,
337 2260 424 2336 quae
445 2233 636 2308 adversum
659 2233 777 2308 dimna
804 2236 1137 2326 commaerentem,
1166 2236 1482 2313 animadversionis

170 2359 360 2434 arbitrium
375 2356 536 2450 tradidit,
562 2375 782 2456 cunctasque
803 2355 956 2456 hujusce
972 2363 1112 2458 generis
1128 2365 1284 2433 actiones
1302 2360 1479 2434 sacerdo-

170 2481 233 2556 tali
246 2479 382 2582 judicio
405 2479 594 2555 destinatas
617 2505 638 2551 a
662 2479 812 2578 publico
837 2481 918 2554 foro
933 2482 1103 2570 secrevit,
1136 2505 1181 2552 ne
1203 2477 1342 2555 honore
1357 2483 1481 2581 impa-

170 2631 229 2682 res
245 2603 402 2680 conditio
419 2619 588 2704 aequaret
638 2601 883 2696 Quamobrem
898 2601 1053 2704 dignitati
1069 2597 1216 2699 pondus
1233 2600 1381 2702 adjecit,
1407 2604 1480 2678 de-

172 2753 312 2828 cusque
335 2729 478 2826 privato
507 2724 648 2824 fastigio
673 2726 846 2801 excelsius
872 2749 998 2801 eorum
1013 2727 1192 2824 respectui
1214 2727 1329 2802 inesse
1358 2725 1480 2801 voluit

170 2855 254 2946 Qun
269 2849 436 2926 effectum
452 2862 524 2940 est,
557 2863 597 2922 ut
612 2851 797 2926 Danorum
823 2849 953 2922 nemini
979 2850 1047 2924 nisi
1061 2853 1135 2950 regi
1162 2864 1224 2924 aut
1248 2848 1481 2950 pontificibus

169 2977 288 3075 eique,
302 2975 366 3073 qui
379 2972 587 3072 potissimus
599 2973 698 3074 regni
708 2995 893 3054 successor
909 2971 1116 3066 advertitur,
1124 2969 1329 3048 domesticis
1344 2995 1480 3073 queue

173 3293 220 3352 lta
248 3289 402 3374 supplicio
425 3289 521 3376 Egilli
550 3309 669 3374 magnae
689 3291 801 3354 multo·
858 3288 953 3372 miset]
973 3288 1099 3356 Clericis
1116 3289 1265 3354 eoncoeait
1283 3287 1332 3372 jus
1351 3292 1482 3358 mulctas

171 3417 245 3459 rum
273 3395 308 3457 in
331 3416 435 3480 regem
464 3385 632 3460 simultates
662 3396 801 3460 multatae
860 3395 1019 3482 infligendi
1040 3396 1093 3475 iis,
1116 3395 1170 3481 qui
1183 3395 1340 3481 religionis
1358 3375 1481 3464 violatae

172 3499 311 3564 inerunt.
354 3501 449 3582 (Hist.
464 3503 567 3585 linytl.
578 3525 610 3586 p.
623 3501 710 3584 249).
860 3501 906 3566 rei
928 3515 1036 3566 essent.
1090 3505 1203 3566 Noster
1228 3502 1311 3568 baud
1337 3503 1429 3568 dubie
1446 3524 1481 3568 ea

218 3614 378 3672 ¹Prs'mum
394 3612 470 3674 sister
482 3615 722 3698 procereslecum
732 3611 800 3699 μέν·
860 3607 1012 3672 intellexit
1038 3606 1147 3673 delicta
1174 3609 1310 3689 minora,
1345 3631 1415 3696 quo
1441 3609 1481 3676 sd

171 3717 239 3778 sude
269 3741 307 3779 ac
347 3718 467 3780 ducatus
502 3714 680 3801 assspnaut'e]
719 3719 798 3779 Pro·
860 3715 1057 3781 violationem
1089 3712 1149 3778 diei
1174 3715 1350 3796 dominice,
1377 3719 1480 3802 negle-

169 3840 256 3885 ceres
271 3823 352 3884 Saso
365 3819 545 3886 hauddubie
559 3820 709 3886 intellexit
720 3843 800 3907 prae·
859 3835 942 3885 ctum
957 3821 1143 3906 jejuniorum
1161 3835 1193 3886 et
1215 3823 1272 3886 alia
1287 3823 1376 3908 hujus
1390 3843 1481 3908 geue·

169 3922 274 3990 tectu
288 3928 406 4012 regios,
425 3947 503 4012 qnos
516 3929 564 4013 jue
580 3927 709 3992 aulicum
721 3931 799 3992 Nor·
857 3929 899 3991 ris
913 3928 1129 4013 pertinuerint.
1158 3927 1321 3992 AElnotlms
1337 3933 1477 4014 cmxiv

168 4033 315 4118 vegim
350 4031 482 4113 (Norslse
531 4033 699 4098 Hirdsltrea
733 4054 801 4118 esp.
858 4033 918 4098 hoc
935 4033 977 4096 ita
999 4033 1160 4120 expressiit
1187 4040 1307 4099 Dr'erum
1316 4042 1481 4124 praemon·

167 4139 287 4220 xviii)
318 4143 511 4205 leudis-menn
543 4141 688 4224 appellat.
720 4143 800 4204 Num
860 4164 923 4203 rum
940 4144 1372 4226 legitimorumpuejejumirrum
1385 4145 1481 4208 obser·

167 4245 264 4310 duces
292 4247 505 4312 tantummdo
538 4251 676 4330 Hertoga
709 4247 799 4310 intel·
857 4252 976 4310 enutrias
994 4249 1126 4312 eudem
1139 4255 1295 4338 proposita
1309 4252 1406 4335 regali
1417 4251 1481 4316 dt·

166 4352 290 4432 lexerit,
311 4375 350 4416 en
370 4353 463 4418 eiiam
481 4355 605 4434 latior,
621 4352 720 4415 minue
735 4371 799 4416 ces·-
857 4369 905 4414 cte
918 4369 1054 4416 statuere.

166 4469 238 4521 tum
254 4457 473 4522 mihividetur.
901 4461 1002 4542 *Qua
1023 4460 1176 4524 adversm
1202 4463 1303 4526 ἅὴὺια
1323 4467 1480 4526 commim-

216 4569 230 4603 ²
254 4570 454 4630 Luctator-mu
475 4561 699 4642 coutamerss'es]
725 4565 799 4630 San-
857 4561 1094 4644 reuturJOmues
1108 4585 1220 4644 causes,
1234 4568 1266 4630 iu
1278 4567 1480 4652 quibusque·

166 4669 372 4750 siscanum,
385 4672 567 4736 clericorum
579 4673 799 4736 controversias
855 4672 918 4734 atio
931 4684 1011 4735 esset
1034 4671 1072 4734 dc
1103 4671 1221 4755 juribus
1241 4675 1409 4752 ecclesaie,
1442 4674 1480 4738 de

169 4775 212 4839 ab
225 4778 294 4862 ipso
306 4777 391 4841 clero
406 4777 675 4844 suedirirnendus.
792 4835 794 4840 .
856 4777 1304 4860 possessionibuseeclesiarum
1320 4780 1480 4846 relimnru·

217 4887 411 4968 ’Μ’ςῶηὺ·
428 4911 491 4950 reos
508 4929 533 4949 ..
546 4889 713 4972 putsche
730 4911 799 4972 per-
857 4883 1003 4948 nitatibus
1028 4887 1225 4966 clericorum,
1262 4885 1388 4972 publico
1409 4883 1480 4950 foro
