3538 5460
360 263 435 336 970
684 259 863 333 HISTOR.
880 261 987 332 DAN.
1007 259 1148 332 LIBER
1162 261 1254 333 xvt.

308 477 468 574 piraticis
498 474 667 562 sociavit,
712 468 887 570 plebique
919 468 1068 545 demum
1102 490 1147 544 ac
1170 465 1354 545 ‘nobilitati
1389 471 1654 568 promiscuum·

308 594 620 694 corripiendarum
643 595 792 668 uarium
816 617 923 668 usum
938 595 1151 668 conuensis.
1204 591 1345 667 Eodem
1366 591 1478 667 edicti
1503 616 1638 694 genere

309 721 509 818 cunjunctis
525 716 710 792 sialandiae
725 717 849 792 insulis
863 720 1093 816 imperatum.
1119 722 1165 790 At
1181 715 1637 815 Fionieusibusscauisque
1747 779 1748 806 ,

309 859 446 920 sextum
466 845 559 916 iutra
581 839 676 916 diem
693 837 886 940 praefixum
909 857 1058 938 portum
1079 857 1220 939 petere,
1246 838 1381 939 alioqui
1399 839 1638 938 supersedere
1747 927 1748 930 Ἴ

306 969 468 1066 jussum3
518 989 638 1063 neque
677 969 772 1038 enim
804 963 992 1038 ulteriores
1021 965 1211 1063 apparatui
1243 959 1405 1036 inducias
1435 966 1637 1038 corvem.
1747 961 1748 1050 ζ

306 1089 409 1164 Adeo
433 1105 554 1162 autem
580 1089 616 1160 iu
637 1086 711 1178 his,
745 1089 880 1188 quibus
898 1087 1134 1186 expeditionis
1151 1091 1301 1161 sacimas
1323 1087 1490 1162 mandata
1507 1087 1639 1176 luerat,
1747 1139 1748 1156 t

307 1211 535 1312 obsequendi
559 1211 761 1286 sollicitudo
778 1211 977 1312 flagrabat,
1004 1227 1042 1284 ut
1061 1211 1205 1310 egregio
1231 1210 1420 1285 alacritatis
1442 1212 1639 1284 certamine
1747 1263 1748 1296 ,

307 1339 537 1412 coustitutum
554 1330 623 1410 sibi
640 1351 782 1434 tempus
804 1352 867 1408 aut
892 1331 1081 1434 implerent
1106 1352 1168 1408 aut
1187 1353 1456 1434 praecurrerent
1509 1339 1640 1410 Canu-

307 1477 385 1534 tum
401 1481 502 1549 vero,
523 1459 663 1536 tametsi
678 1459 843 1532 nautium
859 1459 894 1528 in
910 1461 931 1530 J
935 1459 1005 1530 otia
1020 1463 1230 1555 recepisset,
1248 1466 1373 1560 ingens
1387 1460 1555 1533 locorum
1575 1457 1638 1530 di-

308 1584 434 1656 stautia
458 1577 652 1658 denuntiati
679 1581 851 1680 temporis
877 1585 1050 1679 angustiis
1078 1584 1253 1681 permixta
1282 1583 1487 1657 Absalnnici
1516 1583 1638 1681 operis

310 1720 516 1780 consortem
534 1701 679 1780 existere
695 1729 767 1779 non
784 1702 997 1802 patiebatur.
1047 1705 1117 1776 Sex
1137 1707 1234 1781 solas
1252 1731 1362 1780 naves
1377 1708 1514 1791 Pionia,
1535 1727 1638 1802 qoa-

308 1827 511 1905 tuordccim
528 1827 666 1917 scania,
679 1829 816 1904 caeteris
833 1825 998 1904 tarditate
1014 1823 1207 1924 impeditis,
1229 1835 1429 1904 transmisit.
1471 1833 1637 1922 Quorum

309 1954 454 2052 insignis
470 1953 628 2049 paucitas
643 1949 762 2048 culpae
780 1951 936 2026 obnoxia
953 1951 1066 2026 videri
1080 1957 1266 2052 potuisset,
1285 1958 1313 2026 si
1330 1976 1403 2026 nou
1416 1951 1636 2052 longinqui·
1676 1952 1679 1968 '

311 2078 389 2149 tatis
412 2075 613 2170 patrocinio
639 2070 927 2152 defenderetur&
990 2074 1244 2149 Pentecostalis
1268 2075 1350 2150 sesti
1381 2072 1634 2174 pervigilium³

310 2212 406 2286 erat,
446 2191 595 2292 quando
620 2202 922 2292 praenominatum
953 2201 1072 2276 sinum
1102 2197 1320 2272 Absalonica
1354 2199 1475 2272 classis
1502 2200 1637 2270 inierat.

310 2319 449 2394 Eadem
467 2318 535 2408 die,
552 2319 700 2417 nequid
718 2324 859 2424 segnius
876 2337 938 2394 aut
955 2323 1176 2400 cunctantius
1193 2337 1390 2420 gereretur,
1406 2322 1557 2420 Hythim
1575 2327 1637 2392 in-

310 2442 427 2518 sulam
444 2440 651 2542 adnavigari
671 2461 828 2520 curatur.
871 2444 947 2517 lllic
964 2445 1059 2522 obvii
1077 2445 1326 2543 Rugiunorurn
1352 2447 1465 2516 nuntii
1484 2461 1639 2542 praesto-

310 2565 461 2639 landum
476 2563 626 2658 docent,
652 2566 778 2665 quoad
797 2572 1030 2666 seiripossit,
1060 2573 1096 2640 in
1111 2591 1222 2665 quam
1241 2567 1396 2665 Rugiani
1416 2566 1482 2641 soli
1502 2583 1640 2666 partem

358 2893 513 2958 ¹0n2nem
538 2909 653 2960 atatem
678 2937 687 2954 ·
717 2938 725 2954 .
755 2892 940 2983 ,concessitJ
1007 2913 1101 2980 quum
1129 2910 1233 2954 earum
1258 2890 1339 2954 haud
1368 2909 1475 2976 paucae
1503 2911 1542 2954 eo
1572 2890 1637 2976 ipso

218 2997 224 3006 ’
312 2999 595 3064 Extraotdinariatn
612 2999 706 3084 igilur
717 3001 943 3085 expeditionem
1008 3012 1160 3085 tempore,
1182 3011 1215 3060 ut
1236 2998 1367 3076 ridetur,
1389 3001 1420 3060 in
1436 2997 1566 3060 Esiunia
1587 2998 1640 3058 ab·

315 3105 450 3174 Absalun
473 3106 582 3191 exegit.
625 3104 732 3169 Omnis
755 3111 829 3170 tetis
851 3108 943 3170 armis

314 3211 423 3275 habilis
453 3233 513 3274 non
546 3212 604 3274 nisi
638 3211 676 3276 ad
701 3225 817 3278 terram
846 3214 943 3299 ipsam

316 3331 424 3382 contra
442 3319 564 3382 hostem
590 3321 755 3388 innantem
778 3317 944 3387 defenden-

316 3425 384 3488 dam
414 3426 576 3490 convocari
609 3426 735 3489 solebat.
777 3430 883 3512 Neque
912 3426 945 3488 in

255 3557 257 3564 ’
318 3529 944 3618 ειρεᾶἰῑίοηεοι·ᾶίηενίαιΙὶιτιιωηανίιιηι

318 3660 387 3702 usus
404 3650 480 3715 erat,
499 3660 589 3722 quatu
610 3661 679 3723 quae
697 3639 735 3702 ad
755 3639 836 3703 hunc
854 3639 946 3704 finem

316 3756 501 3810 constructae
521 3765 538 3808 e
560 3744 659 3808 forma
678 3767 730 3808 suu
751 3750 847 3830 louge
867 3745 948 3812 dice-

316 3849 495 3931 bantur'(h.
518 3853 549 3930 l.,
578 3864 611 3918 ttt
631 3853 760 3938 saepius,
787 3877 804 3914 a
826 3855 946 3920 Saxone

316 3959 456 4043 piraticae
484 3957 680 4044 appellatae);
710 3981 802 4023 naves
832 3980 948 4022 merca·

319 4069 407 4130 toriae
429 4088 453 4128 s.
475 4065 624 4130 onerariae
652 4065 692 4132 ob
714 4065 889 4134 breviorem
915 4078 946 4128 et
991 4121 993 4127 .

317 4174 456 4236 latiorem
477 4172 605 4257 liguram
631 4171 671 4233 ad
696 4171 811 4236 bellum
831 4171 948 4236 mariti-

318 4301 412 4358 mum,
434 4277 590 4364 quomodo
613 4291 687 4340 lunc
706 4279 881 4361 gerebatur,
895 4302 948 4364 pa-

318 4407 387 4446 rum
409 4396 489 4468 aptae
512 4398 607 4448 erant.
637 4384 842 4469 Expeditione
863 4385 946 4447 ordi·

248 4511 252 4528 .
319 4490 405 4552 uaria
426 4511 442 4552 e
463 4491 636 4572 Sjaellaudia
666 4505 697 4554 et
723 4491 815 4554 Mona
841 4492 946 4554 insulis

321 4595 748 4672 120,eLalandiaetFalstria
763 4593 946 4659 sortasse'30

319 4699 471 4788 ejusmodi
499 4692 590 4768 nares
615 4706 717 4791 longae
740 4699 945 4792 expedieban-

319 4824 370 4874 tur
396 4808 439 4892 (ν.
461 4807 530 4872 hist.
555 4812 657 4894 ttnytl.
682 4832 750 4896 cap.
777 4809 841 4889 32).
883 4809 945 4875 Sed

1009 3119 1119 3184 essem,
1144 3105 1291 3170 onerariae
1314 3126 1388 3169 raro
1412 3125 1504 3166 nates
1528 3103 1640 3167 additae

1008 3213 1080 3288 sint,
1103 3210 1210 3279 exinde
1227 3210 1470 3297 magnitudinem
1485 3209 1576 3294 liujus
1590 3231 1641 3273 ex·

1009 3319 1176 3408 peditionis
1196 3329 1380 3407 computare
1401 3335 1465 3379 nun
1487 3317 1570 3379 linet.

1057 3469 1070 3505 ²
1094 3469 1335 3550 Longietqut'tatis
1353 3508 1405 3527 ...
1422 3463 1643 3548 defenderetur]

1013 3573 1157 3642 Attamen
1180 3573 1204 3634 si
1226 3569 1484 3661 septentrionalis,
1507 3583 1541 3632 ut
1563 3571 1645 3633 ride·

1014 3691 1084 3757 tur,
1119 3679 1306 3762 Sjaellandiae
1335 3677 1445 3740 incolae
1473 3676 1511 3740 ad
1542 3679 1644 3740 locunt

1015 3785 1273 3874 praeiixumihaud
1287 3783 1379 3850 dubie
1387 3784 1486 3846 sinum
1501 3782 1645 3863 viridem)

1014 3891 1095 3977 justo
1129 3906 1268 3976 tempore
1303 3903 1533 3968 convenerunt,
1582 3911 1646 3952 nou

1015 4010 1161 4082 apparet,
1189 3995 1346 4082 quomodo
1373 3997 1580 4082 longinquitas
1601 3997 1646 4057 in·

1016 4105 1089 4171 colis
1108 4102 1353 4166 meridionalium
1376 4104 1511 4188 partiunt
1529 4105 1648 4168 Scantias

1016 4222 1047 4276 et
1068 4211 1186 4273 Fioniae
1209 4211 1395 4274 excusationi
1415 4229 1479 4274 esse
1501 4205 1648 4294 potuerit.

1060 4382 1072 4418 ³
1098 4383 1311 4444 Pentecostelt's
1333 4383 1417 4466 sesti
1440 4375 1648 4467 perut'gdtitm]

1013 4488 1139 4550 Festum
1166 4489 1377 4574 pentecostale
1401 4509 1428 4550 a.
1453 4479 1537 4550 1184
1560 4509 1586 4549 a.
1616 4483 1647 4548 d.

1013 4597 1081 4661 lllll
1095 4595 1162 4656 rtet
1176 4597 1280 4659 lunias
1299 4593 1488 4658 celebratum
1508 4605 1564 4656 est.
1587 4593 1651 4654 lta·

1012 4721 1072 4792 que
1103 4700 1177 4763 abiit
1204 4701 1309 4766 classis
1340 4711 1527 4787 congregata
1559 4721 1585 4762 a.
1617 4695 1649 4761 d.

1012 4811 1085 4874 illV
1107 4809 1172 4872 itit.
1191 4811 1306 4874 lunias.
