3582 5466
574 417 577 426 ¹
689 335 920 408 arnonius.
1332 341 1406 412 cro

147 551 347 622 ternuncios
365 545 565 645 desponsa,
592 568 675 620 mox
692 543 840 621 Sclavioe
861 551 1009 619 excitam
1025 563 1173 646 paterno
1187 551 1339 648 imperio
1358 551 1455 626 eles-

146 697 218 747 sem
240 669 409 743 admovit
462 673 538 743 ilex
557 671 657 770 ejus¹
681 666 923 742 Vartisclevus
941 665 1094 744 diutinas
1119 695 1202 743 cum
1216 675 1328 747 Danis
1343 673 1456 748 Polo-
1476 691 1480 700 '

145 795 270 892 nisque
287 793 479 868 inimicitias
501 810 667 894 gesserat.
727 794 793 864 Hic
811 787 978 864 Nicoluus
1002 792 1131 868 urbem
1153 796 1307 868 Ornam²
1327 821 1456 895 oppu-

145 941 252 1016 gnare
267 915 430 1008 adorsus,
457 915 680 991 obsidionem
697 919 864 1014 pactione
886 911 1062 986 redimere
1079 917 1204 1015 coegit.
1255 917 1342 992 Inde
1356 917 1456 992 tuli-

145 1063 227 1112 num
245 1039 431 1136 navigans,
449 1037 699 1113 Boldsclavum
719 1061 847 1134 magna
864 1061 973 1109 manu
991 1041 1201 1111 instructum
1218 1039 1367 1115 obvium
1381 1041 1456 1116 ha·-

145 1161 226 1234 buit
289 1163 405 1260 Cujus
423 1163 538 1258 copiis
565 1177 691 1234 auctus
716 1157 869 1232 celerem
888 1158 1015 1258 oppidi
1031 1167 1327 1260 expugnationem
1345 1188 1456 1261 perc·

146 1283 201 1382 git
255 1281 408 1371 Deinde,
422 1280 543 1355 relicto
560 1283 714 1357 victoriae
730 1285 839 1368 socio,
854 1279 997 1354 allatam
1014 1283 1090 1356 filio
1108 1309 1277 1382 sponsam
1301 1285 1457 1360 abducit.

149 1403 422 1500 varesctavusg
438 1431 516 1478 rem
530 1405 726 1480 Sclaricam
749 1400 962 1478 intolerabili
979 1409 1181 1480 vastationis
1198 1431 1306 1481 onere
1326 1407 1458 1485 fessam

148 1531 383 1629 conspiciens,
407 1551 534 1626 pacem
553 1527 735 1628 colloquio
750 1533 847 1627 petit.
913 1533 993 1624 Quo
1009 1553 1138 1628 parum
1156 1555 1330 1630 prospere
1347 1531 1458 1604 habi·-

147 1669 194 1741 to,
218 1653 299 1750 pari
314 1649 576 1748 supplicatione
596 1650 696 1751 apud
714 1650 864 1726 Strelam
877 1651 1102 1726 discedentes
1119 1651 1335 1754 aggreditur.
1388 1655 1458 1728 Ubi

147 1799 234 1846 curn
247 1775 346 1872 pacis
363 1773 576 1874 pignoribus
603 1773 715 1848 fretus
741 1776 925 1876 navigium
942 1776 1036 1874 regis
1056 1775 1197 1874 abipso
1213 1780 1379 1851 invitatus
1396 1781 1459 1850 in-

147 1911 283 1988 trasset,
307 1894 464 1997 maligno
483 1894 673 1970 satellitum
698 1899 869 1971 instinctu
894 1899 1023 1997 captivi
1038 1923 1139 1972 more
1156 1897 1300 1973 habitus
1317 1899 1458 1999 regredi

146 2017 351 2118 prohibitus
371 2035 433 2092 est
495 2021 611 2112 Quam
630 2043 706 2092 rem
725 2021 885 2094 Canutus
904 2025 941 2092 in
964 2024 1138 2094 concione
1155 2017 1302 2118 querela
1324 2043 1459 2120 prose-

147 2159 264 2234 cutus,
290 2167 510 2246 magnopere
533 2153 655 2240 regem
677 2167 825 2216 monere
841 2143 962 2241 coepit,
987 2167 1034 2215 ne
1056 2142 1140 2241 plus
1157 2141 1279 2216 alienae
1298 2141 1460 2242 perfidiae

147 2259 285 2336 viribus
316 2289 427 2362 quam
443 2265 601 2370 propriae
611 2263 811 2364 indulgeret
824 2269 1076 2364 temperantiae,
1093 2289 1184 2339 neve
1203 2260 1341 2340 hostem
1351 2263 1460 2342 iidem

147 2407 251 2458 snam
265 2404 430 2462 secatum
457 2393 620 2487 captione
634 2385 833 2485 implicans,
858 2404 898 2462 ut
911 2411 994 2462 eum
1010 2385 1186 2478 libertate,
1211 2388 1258 2460 ita
1274 2411 1314 2462 se
1340 2391 1460 2486 ipsum

148 2524 326 2605 perpetuo
357 2509 461 2583 iamae
494 2508 688 2610 splendore
717 2511 882 2609 privaret.
947 2513 1042 2582 Fore
1066 2511 1179 2600 enim,
1218 2513 1255 2584 ni
1276 2514 1458 2608 captiuum

148 2631 345 2724 omitteret,
384 2649 425 2706 ut
445 2639 627 2733 privatum
649 2633 784 2706 crimen
804 2631 973 2732 publicus
994 2634 1119 2732 patriae
1148 2633 1266 2706 rubor
1288 2633 1462 2707 existeret.

86 2779 88 2782 ·
148 2755 274 2850 ltaque
289 2753 421 2830 efficaci
439 2761 668 2857 peravasione
682 2779 771 2830 usus
796 2772 832 2829 et
861 2759 1014 2830 amicum
1035 2757 1268 2854 oppressione
1286 2771 1321 2828 et
1337 2754 1461 2829 domi-

148 2901 237 2949 num
261 2875 407 2950 infamia
430 2876 602 2954 liberavit
676 2882 766 2972 Quae
781 2896 853 2954 tam
883 2881 980 2979 justa
1001 2880 1129 2952 Canuti
1151 2878 1329 2970 sententia,
1354 2879 1462 2954 totius

149 2999 329 3075 contionis
344 3001 521 3100 suffragiis
545 3002 812 3102 comprobata„
832 3027 1005 3103 magnum
1029 3000 1153 3076 alienae
1176 2999 1319 3076 invidiae
1340 3003 1463 3076 irrita·

150 3141 312 3198 mentum
329 3123 524 3224 praebebat.
575 3128 731 3202 Dimissa
758 3124 884 3218 classe,
909 3121 1081 3223 nuptialia
1103 3147 1203 3200 sacra
1217 3120 1318 3220 apud
1335 3121 1463 3196 arbem

148 3247 281 3344 Ripam
298 3249 357 3346 agi
372 3246 515 3347 placuit.
566 3247 656 3322 Illuc
669 3248 846 3348 siquidem
862 3246 1031 3346 frequens
1045 3247 1192 3346 navigiis
1206 3261 1335 3344 portus
1350 3247 1465 3345 oppi-

149 3365 202 3444 do
218 3367 444 3467 splendidam
468 3375 641 3444 mercium
658 3371 858 3447 varietatem
875 3374 1050 3468 importet.
1111 3367 1180 3444 Ubi
1198 3393 1283 3446 cum
1306 3371 1465 3446 Canutus

150 3495 191 3562 iri
204 3509 300 3566 reste
318 3493 492 3568 Saxouim
503 3495 641 3568 ceteris
655 3493 783 3570 orrltior
801 3491 1089 3594 progrederetur,
1105 3493 1292 3584 Hearious,
1323 3490 1465 3570 obfinir

147 3611 284 3685 invidia
299 3613 426 3706 oculis,
450 3613 552 3687 alieni
569 3613 686 3691 cultus
703 3614 931 3715 splendorem
953 3613 1046 3688 ferre
1061 3615 1251 3712 nequiens,
1277 3632 1354 3690 orta
1377 3618 1468 3691 inter

150 3739 257 3834 ipsos
275 3734 508 3831 altereatione,
535 3737 629 3813 latus
654 3741 733 3838 ejus
758 3738 947 3814 adversum
972 3733 1113 3836 gladios
1134 3750 1232 3810 ostro
1251 3750 1367 3810 tutum
1389 3737 1467 3812 iore

150 4049 350 4130 ambiendi,
371 4053 509 4118 Paiones
529 4073 597 4117 cum
611 4051 737 4134 ventiis,
754 4077 786 4140 p.
845 4053 915 4118 dam
931 4069 1006 4132 esse,
1025 4050 1081 4114 ubi
1102 4071 1183 4116 nano
1204 4052 1261 4115 site
1278 4063 1325 4116 est
1344 4052 1469 4119 Osanna

148 4151 227 4222 327.
271 4155 357 4240 (Vid.
376 4157 488 4246 Script.
506 4180 567 4224 rer.
584 4165 663 4224 Dan.
680 4161 742 4225 rol.
761 4163 788 4222 ll
844 4159 877 4222 in
890 4158 997 4222 litters
1011 4157 1201 4222 Pomermiae
1215 4177 1234 4220 e
1250 4156 1376 4243 regione
1389 4158 1470 4224 insa·

145 4259 411 4348 p.iffl,Gramm.
425 4265 463 4330 ad
475 4265 638 4331 licarsianr
653 4266 712 4330 eel.
724 4259 788 4328 938
846 4267 886 4330 lu
898 4265 1023 4334 Woliin
1038 4263 1077 4326 ad
1087 4265 1199 4328 ostium
1216 4261 1386 4330 Diwenori.
1407 4270 1470 4330 To·

148 4369 264 4455 sequ.)
844 4385 908 4436 tem
929 4369 1153 4458 expeditionem
1184 4368 1324 4434 Submius
1355 4369 1394 4434 sd
1418 4391 1472 4434 sn·

203 4477 293 4539 'lox
308 4475 385 4562 ejus]
400 4475 458 4542 ttt.
470 4501 518 4565 pr.
531 4503 583 4543 ree
596 4481 687 4562 eujus.
847 4501 921 4542 nam
936 4475 1017 4541 titt
1030 4472 1135 4538 reiert.

201 4587 216 4622 ²
230 4581 359 4664 omem]
368 4583 511 4648 dolamine
525 4585 620 4659 (illst.
635 4580 670 4648 ai
682 4587 792 4647 Dannr.

150 4689 223 4751 vel.
238 4691 269 4758 V
283 4711 315 4775 p-
330 4687 407 4770 ³00)
425 4691 559 4775 conjecit
572 4689 734 4776 legendnm
748 4709 793 4754 es·
897 4689 1138 4774 ⁸Vartireiauas]
1153 4690 1260 4776 steph.
1279 4689 1381 4776 posuit
1394 4689 1472 4752 Var-

148 4813 190 4858 se
219 4795 346 4869 usnam,
370 4809 401 4862 et
424 4797 504 4863 bane
527 4797 634 4864 orbern
655 4817 793 4884 queren·
853 4799 984 4860 relevas.

1182 4899 1280 4994 (40⁴)
