3536 5462
436 259 440 266 ’
568 302 899 382 watnnumos
922 307 948 380 1.
1319 311 1392 388 aas

128 513 252 590 utilem
281 523 422 612 scisset,
446 517 617 594 hactenus
643 543 866 620 repugnasse
888 523 927 616 ²,
950 543 1046 594 nunc
1064 489 1170 611 vero,
1188 545 1339 618 precum
1362 528 1441 624 ejus

129 645 395 740 perseverantia
433 660 660 742 superatum,
728 645 823 716 aetati
864 643 978 744 ipsius
1019 640 1240 744 assiduoque
1275 643 1442 747 languori

128 767 244 861 petitae
257 765 310 836 rei
327 761 503 839 licentiam
520 764 697 840 detulisse.
744 767 860 864 Cujus
876 764 1072 838 auctoritati
1084 789 1170 864 rege
1186 765 1443 868 refragandum

128 903 305 985 negante,
336 911 403 964 sua
432 887 519 964 sede
541 889 760 990 exsurgens,
791 889 931 987 virgam
955 885 1222 995 annulumque,
1255 898 1442 992 praecipua

129 1009 342 1107 pontificalis
370 1009 558 1086 sacerdotii
582 1011 750 1110 insignia,
775 1009 900 1082 altario
926 1009 1135 1108 imponens,
1168 1011 1361 1110 perfectam
1385 1019 1443 1092 sui

129 1133 286 1208 muneris
310 1132 572 1208 abdicationem
597 1157 704 1232 agere
727 1149 946 1230 protestatus
971 1147 1034 1206 est.
1086 1136 1201 1233 Cujus
1230 1135 1313 1211 laeti
1329 1145 1443 1215 mise-

130 1255 266 1328 ratione
286 1254 456 1356 lacrymae
480 1257 678 1332 astantibus
702 1255 841 1329 obortae
865 1254 1101 1354 suspiriisque
1126 1262 1321 1336 murmuris
1336 1267 1445 1338 instar

130 1375 366 1452 reddentibus
401 1376 498 1453 aedes
534 1377 680 1478 repleta.
748 1357 861 1478 Igitur
879 1375 1059 1465 Eskillus,
1092 1380 1156 1478 qui
1180 1389 1280 1480 regni
1307 1384 1443 1459 clerum

129 1505 314 1582 excussius
331 1519 463 1593 nosset,
487 1501 583 1578 sedis
612 1527 687 1576 ase
711 1499 842 1574 relictae
867 1524 1113 1576 successorem
1134 1528 1154 1575 a
1175 1530 1259 1604 rege
1284 1507 1444 1582 circum-

130 1624 270 1722 spicere
285 1641 446 1728 rogatus,
469 1625 706 1724 comprobata
722 1624 909 1697 monitoris
930 1622 1114 1718 industria,
1140 1625 1247 1702 aliam
1272 1631 1446 1706 Romanae

129 1743 308 1846 dignitatis
329 1747 514 1846 epistolam
539 1747 701 1847 explicat,
726 1769 799 1846 qua
815 1743 902 1837 sibi,
924 1745 1110 1845 legationis
1128 1745 1288 1825 habenas
1305 1761 1447 1847 tenenti,

129 1869 356 1972 subrogandi
380 1872 540 1946 antistitis
570 1871 755 1946 arbitrium
786 1867 1038 1942 mandabatur.
1097 1871 1152 1944 Ea
1176 1872 1348 1970 perlecta,
1369 1901 1446 1976 po·-

128 2006 303 2085 testatem,
326 2021 436 2095 quam
457 1994 526 2069 sibi
540 1993 758 2094 indulgentia
772 1993 936 2066 Romana
951 1988 1136 2086 detulerat,
1153 1993 1201 2068 ad
1216 2021 1291 2088 eos,
1310 1999 1447 2098 quibus

129 2113 284 2218 eligendi
297 2117 355 2216 jus
370 2143 450 2194 esse
465 2119 645 2193 consuerit
665 2121 695 2206 ²,
730 2113 921 2190 transferre
935 2139 974 2192 se
991 2111 1094 2210 dixit,
1120 2118 1220 2217 quod
1246 2117 1343 2196 ultro
1361 2123 1447 2221 jure

130 2261 200 2311 suo
220 2239 350 2314 cedere
364 2267 476 2342 quam
495 2238 651 2312 ebenum
662 2235 845 2311 offendere
857 2236 966 2328 malit,
981 2261 1027 2309 ne
1042 2237 1240 2332 ecclesiam,
1257 2265 1326 2342 pro
1341 2249 1447 2347 cujus

129 2363 320 2462 majestate
341 2363 475 2439 tuenda
490 2387 632 2463 semper
654 2361 874 2454 excubuerit,
897 2377 1069 2436 consueto
1086 2359 1255 2440 libertatis
1272 2365 1447 2446 beneficio

130 2483 303 2560 finudare
316 2486 509 2563 videretur.
558 2489 661 2560 Tunc
677 2481 821 2574 iisdem,
846 2485 951 2582 regi³
971 2487 1020 2557 uti
1048 2484 1234 2564 consilium
1248 2511 1355 2563 suum
1378 2519 1447 2567 ex·-
1494 2509 1497 2519 “

130 2627 306 2708 poneret,
329 2609 617 2703 obsecrantibus,
649 2629 809 2707 regeque
834 2603 917 2678 cleri
943 2607 1219 2705 postulationem
1237 2611 1307 2685 sub
1331 2613 1448 2714 plebis
1499 2671 1502 2678 .

131 2708 298 2827 nomine,
328 2737 432 2833 cujus
445 2759 485 2808 se
504 2731 668 2833 partibus
684 2727 852 2829 proloqui
867 2729 1063 2821 referebat,
1097 2740 1343 2810 consentaneis
1357 2763 1448 2836 pre-

132 2854 241 2930 cibus
257 2825 520 2956 prosequente,
539 2855 752 2931 sententiam
775 2877 877 2926 snam
896 2859 987 2926 inter
1005 2854 1158 2952 diuinam
1177 2854 1449 2961 humanamque

131 2984 316 3054 caritatem
333 2977 497 3052 fluctuari
516 2983 677 3070 asseruit,
699 2999 854 3074 quarum
870 2975 1018 3050 alteram
1036 2978 1199 3071 tacendo,
1223 2979 1370 3056 alteram
1382 2983 1449 3060 lo-

131 3100 285 3202 quendo
293 3101 473 3176 offendere
488 3117 618 3201 posset.
671 3103 737 3172 Dei
754 3123 914 3200 namque
937 3117 1093 3174 mentem
1106 3121 1397 3204 exasperaturum
1410 3133 1450 3182 se

128 3249 233 3320 esse,
254 3223 411 3317 siillius,
433 3247 542 3324 quem
565 3223 652 3297 huic
675 3225 827 3296 maxime
850 3224 1010 3322 regimini
1029 3223 1201 3299 idoneum
1224 3233 1366 3323 scisset,
1390 3235 1476 3306 in·-

129 3345 253 3421 dicem
278 3371 386 3449 agere
407 3344 687 3446 supersedisset;
721 3347 859 3419 sivero
882 3344 1066 3422 hominem
1088 3349 1198 3448 hujus
1222 3341 1333 3425 officii
1353 3379 1448 3452 gua-
1537 3393 1546 3406 ·

125 3495 236 3564 rum,
271 3470 524 3570 pontificisque
556 3484 676 3566 partes
707 3464 793 3540 alibi
823 3468 1052 3546 laudabiliter
1078 3489 1285 3568 executum,
1329 3476 1451 3552 sedet

125 3617 206 3694 pro
231 3599 348 3693 patria
381 3591 539 3667 difficilia
573 3589 709 3663 audere
743 3589 905 3685 solitum,
938 3612 1182 3692 nuncuparet,
1212 3597 1393 3675 familiaris
1416 3618 1452 3675 et

122 3715 370 3816 propinqui⁴
402 3719 553 3817 gratiam
574 3710 741 3802 violaret,
778 3737 888 3808 quem
916 3711 1029 3813 hujus
1051 3713 1199 3792 honoris
1229 3719 1450 3796 oblationem

121 3841 293 3914 aversari
309 3865 383 3915 non
400 3837 547 3912 dubitet.
599 3837 703 3910 Tunc
720 3839 856 3926 cuncti,
884 3839 1050 3934 quisnam
1070 3837 1119 3910 ab
1141 3864 1186 3911 eo
1206 3837 1451 3939 destinaretur,

120 3970 258 4040 animo
277 3963 558 4064 perpendentes,
584 3961 698 4038 solam
719 3957 891 4036 vocabuli
916 3958 1161 4036 certitudinem
1185 3961 1354 4065 flagitant.
1405 3971 1452 4043 Et

119 4087 215 4184 ille,
239 4083 533 4177 Roskildensem,
549 4088 683 4186 inquit,
700 4087 911 4176 antistitem,
931 4079 1020 4156 mihi
1034 4089 1323 4186 propinquitate,
1346 4091 1452 4167 vobis

184 4382 369 4448 ¹Hcctcaus
397 4375 588 4469 repugnasse]
619 4377 769 4444 Eslillom
824 4391 1028 4460 nnncexstct3
1044 4401 1071 4444 r.
1082 4379 1215 4458 Subml.
1226 4375 1453 4469 e.v11,4260q.

114 4493 203 4580 jam
213 4499 302 4552 antea
312 4487 540 4576 permissionem
548 4497 704 4570 petentem
719 4507 767 4548 ar·
870 4484 1060 4564 2θοιυυινίι]
1080 4479 1126 4550 lta
1148 4485 1195 4549 ed.
1208 4509 1255 4570 pr.
1269 4487 1455 4572 stephanius

112 4591 604 4684 chiepiscopatnaeabdicandin
623 4611 703 4678 papa
719 4610 770 4654 re·
824 4591 888 4656 sine
900 4591 1010 4655 idonea
1022 4611 1109 4657 causa
1123 4593 1246 4677 scripsit
1259 4601 1454 4659 consueuerat.

110 4699 632 4798 pulsamtulisse,ebnllaqusdam
640 4711 769 4784 apparet
874 4703 886 4738 ³
907 4695 998 4783 Regi]
1023 4697 1208 4771 (Delendum
1229 4697 1357 4764 ridetur.
1376 4699 1454 4784 Mg).

108 4801 570 4892 Alexandritertiisineauno,
584 4805 769 4898 quartian-
871 4811 884 4844 ⁴
909 4802 1094 4896 Propinqui]
1121 4801 1186 4870 Cir.
1211 4825 1304 4890 snpra
1324 4829 1356 4892 p.
1382 4801 1453 4869 899.

148 4941 223 4988 flat.
238 4938 370 4984 nannet.
393 4933 455 4982 iiiut.
468 4935 527 4983 naa.
1157 4982 1160 4992 λ
1181 4911 1267 5005 (58)
