3536 5462
355 283 426 354 soa
699 278 872 350 arsron.
888 279 993 350 naa.
1010 281 1145 352 tmen
1162 279 1251 352 xtv.
1345 229 1351 236 ¹

305 495 387 591 gitis
404 487 589 564 inserebat.
645 489 738 560 luter
755 485 833 560 bec
852 487 996 561 assidue
1014 512 1135 587 regem
1159 489 1271 564 oculis
1288 486 1500 581 destinabat,
1526 491 1619 590 qui-

306 617 375 688 bus
394 639 466 687 nun
485 613 614 700 minus,
639 633 747 707 quarn
771 612 903 698 manui,
927 613 1104 686 minarum
1125 612 1241 686 inesse
1264 609 1452 686 rideretur.
1501 616 1622 714 'Cujus

306 737 466 813 motibus
490 733 651 805 amentiae
691 739 936 806 consentaneis
968 730 1218 808 Waldemarus
1244 758 1310 832 per
1343 759 1513 832 sponsam
1543 733 1624 826 filii,

307 855 568 945 Gerthrudem,
599 856 649 928 ob
674 854 712 928 id
736 854 960 928 muliebriter
988 853 1266 953 lacrymantem,
1307 856 1432 932 oculos
1463 863 1624 932 inserere

306 985 472 1070 monitus,
499 979 696 1069 Nicolaum,
722 959 792 1075 qui‘
804 979 911 1075 regiae
934 1001 1064 1050 mensae
1079 996 1243 1077 praeerat,
1268 1003 1379 1078 quam
1396 995 1538 1077 poterat
1554 1005 1625 1052 ar-

307 1105 401 1178 canis
415 1101 560 1177 nutibus
577 1103 796 1189 accersitum,
819 1100 933 1174 visum
955 1098 1003 1171 ad
1019 1103 1203 1176 inusitatos
1218 1100 1391 1175 Benedicti
1408 1119 1528 1202 gestus
1543 1103 1626 1176 ob-

307 1227 448 1328 liquare
471 1228 574 1300 tacite
596 1224 717 1322 jubet,
750 1224 950 1320 amotisque
969 1237 1055 1321 *post
1073 1221 1198 1322 epulas
1222 1229 1365 1316 mensis,
1393 1231 1530 1302 ceteris
1553 1226 1626 1302 sibi

308 1351 517 1450 propiorem
534 1347 735 1432 consistere,
759 1344 919 1445 praedicti
938 1347 1076 1443 equitis,
1103 1349 1132 1418 si
1151 1370 1241 1444 quas
1261 1346 1453 1440 moliretur,
1474 1349 1628 1423 insidias

310 1489 553 1571 excepturum.
594 1465 674 1541 Sed
689 1467 919 1541 Benedictum
935 1483 1010 1539 tum
1030 1468 1141 1564 ipsius
1162 1471 1276 1569 regie,
1304 1467 1382 1544 tum'
1404 1469 1628 1546 commilito-

309 1621 398 1670 num
422 1593 532 1693 pleaa
562 1597 720 1689 stuporis
743 1589 998 1688 contemplatio
1025 1589 1157 1662 serrum
1180 1581 1325 1692 uaginae
1357 1591 1509 1668 reddere
1529 1597 1628 1668 coir-

314 1725 375 1820 'git
427 1714 647 1789 Crediderim
667 1741 767 1805 vero,
783 1712 881 1787 bunc
901 1714 1006 1784 animi
1022 1731 1149 1787 aestum
1168 1717 1245 1813 ejus
1258 1715 1468 1815 praecordiis
1489 1713 1632 1790 divini-

291 1858 371 1914 ·tus
385 1842 577 1939 ingestum,
601 1837 805 1936 eodemque
827 1851 970 1908 auctore
987 1835 1168 1934 proditum
1188 1839 1335 1933 facinus,
1359 1865 1434 1940 quo
1450 1837 1629 1938 prohibi-

311 1979 402 2049 tum,
424 1983 513 2034 esse.
561 1962 655 2030 Tum
672 1957 818 2032 demum
834 1955 1086 2032 Waldemarus
1105 1958 1305 2060 neglectum
1325 1961 1513 2036 absalonis
1528 1987 1630 2035 con-

313 2084 431 2158 silium
454 2085 657 2182 poeniteutia
676 2098 909 2180 prosecutus,
941 2080 1124 2156 devocatis
1148 2086 1184 2156 in
1208 2081 1418 2158 cubiculum
1439 2083 1632 2170 militibus,

312 2208 404 2280 inter
425 2229 519 2302 quoa
543 2221 577 2278 et
598 2203 808 2277 benedictus
831 2204 987 2294 astabat,
1016 2231 1093 2309 rem
1115 2220 1280 2280 moestam
1303 2206 1428 2303 cisque
1449 2231 1630 2303 perquam

314 2331 469 2402 maxime
493 2325 753 2427 displicituram
776 2326 902 2400 afferre
927 2352 966 2400 se
988 2324 1092 2417 dixit,
1119 2352 1230 2426 quam
1247 2343 1281 2400 et
1297 2325 1452 2424 prodere
1468 2329 1565 2402 triste
1580 2332 1633 2404 sit

314 2470 350 2528 et
368 2453 485 2526 celare
504 2450 730 2548 pestiferum,
757 2474 823 2522 uec
848 2473 887 2523 se
913 2447 1088 2540 dubitare,
1118 2452 1205 2547 quin
1224 2448 1350 2522 eadem
1372 2451 1409 2522 in
1433 2475 1633 2524 commune

316 2576 435 2650 delata
459 2574 655 2647 amicorum
687 2588 822 2646 mentes
843 2573 987 2646 tristitiae
1004 2570 1155 2646 salebris
1177 2577 1222 2644 sit
1237 2571 1473 2670 implicatura,
1498 2589 1632 2646 tanto-

316 2725 389 2802 que
411 2701 462 2772 cis
484 2696 567 2796 plus
592 2691 835 2770 amaritudinis
856 2695 1060 2782 incussura,
1093 2711 1226 2792 quanto
1249 2714 1372 2792 regem
1398 2721 1505 2771 suum
1527 2722 1633 2795 pro-

315 2828 483 2925 pensiore
517 2824 671 2892 cacitatis
703 2816 801 2889 cultu
834 2823 1083 2914 contingerent.
1156 2817 1353 2916 'Siquidem
1394 2818 1633 2918 quorundam

318 2947 617 3044 conspirationem
637 2938 682 3012 de
699 2964 783 3012 nece
801 2963 868 3013 sua
891 2938 1050 3012 habitam
1075 2964 1150 3014 non
1180 2937 1301 3015 dubiis
1320 2943 1534 3039 conjecture
1558 2966 1637 3014 ra-

315 3067 493 3158 tionibus,
523 3060 587 3136 sed
609 3063 700 3134 veris
722 3063 943 3136 consciorum
965 3060 1103 3136 indiciis
1129 3068 1308 3162 certisque
1335 3087 1456 3138 rerum
1473 3066 1636 3163 vestigiis

318 3189 386 3265 sibi
412 3184 593 3286 proditam
616 3207 712 3270 esse,
742 3187 846 3284 cujus
868 3184 1074 3258 auctoribus
1097 3187 1251 3284 primam
1268 3185 1391 3262 salutis
1407 3211 1481 3260 suae
1497 3201 1638 3260 custo-

248 3364 251 3372 «
319 3311 415 3386 diam
439 3308 583 3384 credere
603 3313 832 3380 consueverit.
883 3305 987 3381 Nolle
1007 3334 1094 3382 vero
1109 3335 1149 3382 se
1168 3322 1294 3384 corum
1312 3308 1494 3382 declarare
1510 3333 1639 3381 voca-

318 3433 426 3523 bula,
459 3428 560 3530 quod
586 3430 710 3504 noxios
739 3421 964 3528 resipiscendi
994 3430 1144 3506 induciis
1169 3433 1305 3508 donare
1337 3457 1447 3532 quam
1470 3434 1640 3506 insimu-

318 3553 415 3629 landi
433 3551 552 3627 studio
569 3551 725 3624 obruere
740 3549 866 3624 mallet
919 3555 1086 3629 Hortatur
1101 3554 1240 3648 deinde,
1257 3557 1394 3654 majore
1411 3581 1496 3629 rum
1510 3553 1639 3630 sedu-

318 3677 415 3751 litate
432 3672 637 3782 vallandum
660 3698 699 3748 se
721 3691 862 3764 curent,
888 3697 953 3748 nec
970 3701 1124 3775 usquam
1141 3676 1269 3777 gladiis
1291 3683 1392 3752 vacui
1410 3675 1641 3754 incedentem

317 3800 478 3875 comitari
501 3803 714 3886 sustineant,
744 3796 971 3896 stipandique
995 3797 1135 3887 officia,
1169 3799 1342 3874 hactenus
1364 3825 1432 3898 per
1455 3787 1639 3878 incuriam

318 3938 430 4024 gesta,
455 3919 625 4022 deinceps
648 3920 836 3994 elaborato
854 3917 1049 3994 famulandi
1072 3919 1190 3994 studio
1209 3938 1484 4021 prosequantur,
1506 3939 1642 3999 tanta-

319 4070 394 4144 que
412 4041 449 4116 id
475 4042 698 4117 solicitudine
720 4058 904 4142 peragant,
927 4043 1076 4140 perinde
1092 4069 1134 4116 ac
1152 4047 1272 4144 quivis
1293 4052 1451 4145 propriae
1478 4048 1641 4121 sinceri—

319 4169 400 4242 tatis
417 4167 630 4240 certitudine
652 4165 699 4239 de
723 4163 836 4238 aliena
863 4165 1045 4264 ambigere
1062 4192 1210 4242 necesse
1228 4165 1369 4240 habeat.
1423 4149 1492 4241 Sed
1512 4195 1646 4270 neque

321 4315 361 4364 se
382 4291 568 4364 universos
592 4288 770 4364 notabiles
790 4287 938 4379 ducere,
970 4287 1017 4361 de
1040 4314 1196 4387 quorum
1225 4313 1333 4389 grege
1355 4291 1562 4390 complures
1591 4295 1647 4370 ad

321 4428 472 4486 mortem
492 4438 559 4511 pro
581 4439 620 4488 se
644 4410 907 4510 excipiendam,
936 4416 964 4486 si
981 4427 1234 4510 resposceret,
1260 4415 1505 4510 paratissimos
1520 4417 1647 4490 sciret.

321 4535 424 4607 Tunc
441 4535 586 4628 militm,
616 4551 739 4610 mutua
753 4532 836 4607 fidei
853 4532 1078 4608 aemulatione
1096 4537 1320 4609 consciorum
1337 4535 1509 4610 indicium
1526 4537 1650 4638 flagi-

321 4671 445 4748 tantes,
460 4682 480 4729 a
493 4656 640 4757 perfidis
656 4683 743 4760 erga
757 4657 1064 4758 regemcapitibus
1072 4656 1265 4734 vindictam
1283 4685 1323 4734 se
1338 4677 1527 4736 exacturos
1542 4687 1650 4760 pro-

322 4785 485 4870 mittunt,
510 4804 630 4879 neque
653 4798 714 4854 aut
740 4780 1006 4858 necessitudinis
1044 4800 1106 4858 aut
1130 4782 1373 4860 familiaritatis
1401 4789 1515 4885 gratia
1540 4799 1650 4860 tem-
