3536 5462
350 328 425 398 932
684 321 860 394 HISTOR.
880 321 984 408 Dttt.
1005 321 1143 394 Ltssstt
1159 323 1235 393 XV.

302 530 494 607 Absalonis
525 509 694 627 quietem·
711 529 883 626 capientis
913 531 1052 601 exuviae
1086 551 1108 600 a
1137 525 1318 602 soricibus
1348 549 1504 602 comosa
1542 550 1624 602 cec-

303 663 480 732 tissimum
506 649 644 723 futurae·
660 654 855 724 vexationis
873 652 952 749 ejus
980 672 1088 722 omen
1113 647 1255 724 dedere.

404 776 471 850 Cui
494 765 708 844 sialandiam
738 796 904 872 regressu
927 777 1125 886 nuntiatur,
1162 770 1316 847 turbatis
1340 773 1476 846 Scaniae
1505 771 1623 864 rebus,

304 901 450 1002 plebem
472 920 497 968 a
528 895 752 992 primoribus
780 891 1010 967 dissidentem
1048 892 1243 969 adversum
1276 899 1396 996 regios
1426 911 1653 994 questores,

305 1022 464 1125 publicae
479 1017 770 1092 consternationis
785 1017 960 1114 impetum
975 1013 1208 1090 destrinxisse.
1258 1021 1290 1089 E
1308 1017 1626 1117 quibnsbgunem,

306 1141 507 1246 splendidae
522 1140 744 1240 praefecturae
759 1144 888 1228 virum,
908 1139 943 1209 in
965 1145 1141 1212 concione
1163 1139 1346 1214 Lundensi
1375 1137 1482 1238 plena
1507 1157 1623 1214 teme-

305 1274 416 1342 ritatis
444 1265 615 1338 violentia
655 1263 871 1362 probrosius
893 1277 1166 1354 contrectatum,
1201 1287 1245 1334 ac
1270 1285 1390 1360 prope
1416 1259 1516 1360 vulgi
1541 1285 1625 1334 ma·

214 1361 218 1374 ¹
305 1391 414 1465 nibus
437 1387 663 1485 discerptum,
687 1387 723 1458 ni
743 1388 781 1456 in
797 1382 913 1456 adem
926 1382 1009 1456 'divi
1028 1383 1247 1483 confugisset
1264 1386 1457 1458 Laurentii.
1508 1388 1625 1478 Quam

306 1517 442 1601 facem,
479 1508 787 1584 turbulentissimo
812 1504 1046 1579 multitudinis
1073 1506 1197 1606 furore
1227 1531 1436 1599 accensam,
1462 1533 1537 1582 non
1562 1510 1625 1582 nisi

307 1663 374 1740 per
392 1631 612 1707 absalonem
628 1631 785 1729 extingui
807 1653 929 1727 posse,
945 1629 1003 1701 cui
1019 1627 1156 1703 facilius
1171 1635 1215 1704 sit
1229 1635 1374 1704 orientis
1390 1655 1503 1730 quam
1517 1629 1627 1703 adulti

309 1755 487 1833 tumultus
513 1781 612 1828 arma
637 1757 883 1851 comprimere.
942 1753 1190 1845 Quamobrem
1216 1770 1384 1852 oportere
1408 1777 1491 1827 eum
1524 1754 1629 1826 citato

309 1883 472 1955 Sennium
488 1895 623 1976 petere,
649 1883 677 1950 si
699 1875 810 1950 rebus
834 1879 928 1975 regis
943 1872 1192 1949 laborantibus
1211 1875 1319 1976 digne
1337 1875 1540 1950 consultum
1556 1901 1628 1948 cu-

310 2008 393 2104 piat.
445 2004 526 2094 Qua
547 1996 594 2072 de
611 2024 651 2071 re
672 2001 769 2072 Sunu
793 2015 828 2071 et
851 1999 1039 2072 Esbernus
1056 1995 1222 2092 consulti,
1239 2024 1349 2097 quam
1366 2015 1533 2098 poterant
1547 1995 1628 2074 dis-

310 2126 478 2202 suasoriis
504 2120 625 2195 verbis
645 2121 901 2218 profectionem
924 2120 1164 2214 damnabant,
1198 2121 1375 2211 dicendo,
1402 2137 1630 2220 compertum

311 2248 391 2339 sibi,
415 2251 519 2320 tacita
541 2246 746 2343 principum
771 2246 1034 2342 conspiratione
1052 2243 1198 2344 plebem
1217 2248 1419 2320 instinctam
1441 2269 1516 2316 nou
1531 2241 1631 2316 aliud

310 2371 383 2446 hoc
408 2383 529 2456 motu,
559 2389 672 2464 quam
693 2365 865 2440 Absaloni
892 2364 1093 2464 periculum
1116 2377 1248 2466 peter'e.
1299 2367 1372 2440 Sed
1387 2371 1630 2468 scaniensium

309 2494 436 2594 legatis
460 2513 536 2562 rem
559 2492 635 2562 sine
658 2513 703 2562 eo
729 2487 925 2562 sedandam
949 2490 1181 2590 negantibus,
1204 2497 1339 2566 iturum
1363 2515 1424 2581 se,
1445 2506 1633 2588 utcunque

311 2619 386 2690 fors
404 2613 559 2701 tulisset,
588 2608 785 2710 respondit,
806 2615 913 2686 etiam
938 2612 1088 2688 salutem
1107 2639 1228 2712 suam,¹
1248 2621 1276 2689 si
1298 2616 1346 2688 ita
1371 2637 1430 2687 res
1453 2628 1632 2713 posceret,

310 2757 363 2814 tot
382 2737 535 2838 egregiis
551 2739 646 2834 regis
663 2737 794 2808 meritis
812 2739 1067 2834 impensurum.
1121 2740 1232 2836 igitur
1250 2740 1453 2837 praemissis,
1470 2735 1533 2834 qui
1547 2738 1632 2808 Sea·

268 2869 272 2878 ’
310 2869 378 2935 niae
413 2865 590 2960 primores
600 2910 611 2950 ,
652 2856 831 2931 habendae
862 2861 1044 2936 concionis
1070 2886 1188 2954 causa,
1217 2860 1264 2934 ad
1288 2861 1419 2934 urbem
1449 2855 1633 2931 Lundiam

312 2979 582 3072 contraherent,
613 2978 794 3079 extemplo
824 3005 863 3055 se
888 2997 1076 3058 venturum
1115 2989 1296 3083 promittit.
1363 2987 1437 3054 Nec
1466 2983 1634 3054 Scaniam

311 3123 434 3205 petere
450 3099 646 3193 cunctatus,
670 3105 819 3202 patricio
836 3106 964 3202 spiritu
980 3105 1129 3204 publico
1144 3107 1255 3182 furori
1272 3097 1512 3182 ¹constantiam
1527 3127 1636 3178 suam

313 3229 472 3326 objicere
497 3228 717 3326 properavit.
777 3225 886 3298 Plebs
909 3226 1109 3324 siquidem,
1140 3233 1322 3304 acerrimis
1342 3229 1637 3302 consternationis
1757 3203 1758 3278 i

313 3349 484 3423 fluctibus
507 3349 694 3440 concitata,
717 3347 830 3422 civilis
844 3351 983 3446 injuriae
1008 3351 1172 3450 querelas
1195 3353 1364 3427 seditioso
1393 3352 1638 3425 accusationis

314 3497 447 3572 genere
462 3471 763 3572 prosequebatur.
817 3469 887 3544 Sed
908 3488 942 3544 et
956 3471 1201 3566 Thordonem,
1228 3475 1429 3551 concionari
1451 3495 1637 3560 exorsum,

314 3596 449 3672 crebris
466 3593 578 3670 sibilis
593 3594 794 3693 infestoque
816 3593 974 3692 clamore
993 3615 1160 3672 vexatum
1180 3617 1302 3698 coepto
1318 3598 1488 3672 desistere
1503 3596 1637 3694 coiigit.

314 3723 458 3794 Caeteris
474 3741 624 3820 quoque
643 3721 820 3818 regiarum
845 3720 1001 3816 partium
1027 3723 1274 3796 assensoribus
1296 3718 1435 3794 dicendi
1457 3733 1640 3816 potestate

280 3837 289 3850 ⁸
313 3861 464 3942 negata,
488 3840 604 3916 sulam
626 3838 817 3914 absalonis
840 3866 965 3914 vocem
991 3845 1195 3944 tranquillis
1223 3843 1490 3920 auscultationis
1515 3839 1640 3912 modis

314 3964 483 4039 exaudire
504 3966 679 4038 sustinuit
743 3966 925 4057 Quicum
954 3965 1220 4060 multitudinem
1256 3969 1430 4066 imperitis
1466 3963 1640 4037 clamoris
1756 3953 1757 3972 ¹

311 4091 442 4189 jurgiis
464 4087 730 4185 obstrepentem
754 4085 1029 4187 salubriumque
1052 4095 1270 4163 monitorum
1294 4091 1537 4187 impatientem
1560 4084 1642 4158 ad-

312 4228 479 4301 verteret,
505 4206 733 4284 dividendam
757 4224 873 4302 ratus,
898 4214 1163 4308 provinciarum
1182 4211 1341 4286 conciliis
1359 4211 1529 4284 trifariam
1551 4207 1641 4280 dis-

312 4335 418 4410 tribui
444 4336 571 4436 jussiS,
605 4345 747 4407 cunctas
773 4356 812 4406 se
841 4333 1044 4432 principum
1068 4333 1193 4433 culpas
1220 4333 1494 4409 emendaturum
1518 4329 1642 4404 edixit.

312 4463 432 4556 Aqua
447 4455 609 4547 Thordo,
627 4453 829 4556 quodcum
846 4451 892 4528 ad
908 4454 1081 4532 tumultus
1099 4459 1157 4532 vix
1176 4456 1355 4532 sedabiles
1372 4483 1503 4557 parum
1518 4480 1640 4530 vera-

313 4579 418 4654 cibus
441 4580 614 4656 mandatis
634 4593 827 4674 evocasset,
847 4579 1054 4677 increpitae,
1077 4587 1260 4656 concitatae
1277 4578 1397 4678 plebis
1416 4579 1642 4654 dementiam
1755 4579 1756 4612 ³

311 4729 333 4778 a
350 4701 558 4778 temulentia
574 4721 736 4778 coortam
756 4691 923 4792 affirmat,
946 4702 1098 4802 ejusque
1115 4706 1170 4776 rei
1193 4701 1372 4802 quosdam
1395 4703 1434 4776 in
1459 4704 1641 4778 mucione

310 4841 495 4903 stertentes
516 4824 627 4900 fidem
654 4825 789 4900 fecisse.
842 4823 1090 4918 Quamobrem
1112 4848 1185 4899 non
1209 4831 1246 4900 in
1271 4825 1383 4919 urbe,
1407 4825 1474 4901 sed
1498 4849 1640 4925 campo
