3536 5462
359 315 435 394 854
686 311 987 386 fflsssounnu.
1003 311 1151 383 LIBER
1165 307 1258 380 xlv.

313 525 511 631 pediendas
528 525 722 624 promisit¹.
749 525 860 596 Cuius
879 520 1053 620 pactionis
1069 535 1242 609 tenorem,
1253 517 1441 590 Danorum
1456 511 1535 588 lide
1544 511 1635 588 lau-

314 653 408 742 data,
433 649 533 724 domi
557 644 789 747 postmodum
816 649 852 716 in
876 639 1049 717 concione
1071 638 1243 740 uulgauit.
1295 642 1414 735 Quem
1438 640 1545 712 Touo
1559 633 1635 710 de·-

312 773 554 861 uendentem,
577 767 774 843 reducendi
788 765 942 839 Esberni
957 769 1081 866 gratia,
1107 765 1257 862 proprio
1272 761 1497 862 sequebatur
1519 760 1636 832 neni-⁵

313 903 385 1000 gio.
436 900 476 968 In
499 919 576 994 quo
599 891 827 992 prolecturus
845 888 1042 977 Esbcrnus,
1068 885 1311 961 munificentia
1337 886 1451 986 gentis
1474 905 1634 956 arcuum

313 1020 540 1116 telorumque
561 1014 667 1088 donis
689 1029 841 1087 onustus
865 1005 1038 1084 abscedit.

445 1142 540 1214 Cum
554 1137 599 1212 ad
620 1135 762 1210 Oddam
782 1135 1029 1234 prouincism²
1047 1131 1281 1230 peruenisset,
1307 1153 1352 1203 er
1368 1127 1444 1205 eins
1457 1125 1637 1228 specula-

313 1264 476 1353 toribus,
509 1287 635 1362 regem
674 1255 899 1358 expeditione
925 1254 1173 1328 Pomeraniam
1208 1255 1397 1351 petiuisse,
1437 1253 1637 1351 cognoscit.

313 1387 424 1460 lidem
447 1387 496 1459 ab
517 1411 562 1458 eo
588 1387 801 1483 interrogati,
827 1405 873 1453 en
889 1377 984 1453 ullos
998 1392 1160 1451 recenter
1174 1381 1309 1474 piratas
1324 1372 1508 1464 vidissent,
1533 1395 1638 1472 qua-

315 1510 478 1610 draginta
493 1508 606 1582 lerme
624 1509 768 1606 nauigia
786 1502 835 1576 ad
853 1499 1008 1576 insulam
1021 1502 1168 1598 Syram³
1196 1497 1391 1598 appulisse,
1416 1495 1637 1586 denuntient,

314 1634 477 1735 praefati,
501 1654 632 1733 parum
656 1653 695 1703 se
720 1651 838 1717 nosse,
864 1625 1071 1726 negotiatrix
1094 1641 1140 1696 an
1167 1621 1313 1723 piratica
1336 1621 1460 1696 elassis
1477 1619 1636 1694 extiterit.

315 1761 380 1846 His
398 1755 526 1830 auditis
542 1751 740 1844 Esbernus,
764 1769 806 1825 nt
825 1765 934 1822 noctu
953 1750 1081 1820 inscios
1103 1747 1322 1846 praeteriret,
1346 1743 1512 1843 neglecto
1529 1739 1636 1816 side-

314 1885 365 1954 ris
382 1876 518 1968 habitu,
545 1901 656 1975 quam
679 1875 913 1948 remotissime
937 1887 1050 1943 terras
1075 1865 1283 1968 mulgendo
1305 1867 1416 1942 vitare
1439 1865 1635 1952 constituit,

315 2003 465 2103 piratico
491 2023 531 2073 se
555 1999 763 2096 conspectui
779 1994 984 2070 subducere
1000 1997 1158 2091 cupiens.
1210 1988 1392 2104 Seddum
1403 1989 1636 2064 obscuritatis

316 2123 489 2200 auxilium
505 2123 649 2220 expetit,
674 2119 800 2195 subito'
810 2117 1018 2192 collucentis
1035 2113 1143 2188 lunae
1159 2114 1304 2216 fulgore
1320 2111 1497 2214 proditur.
1541 2116 1636 2186 Nam

317 2247 449 2337 Sclaui,
473 2269 599 2320 serena
624 2259 731 2316 nocte
756 2255 949 2340 conspecto
975 2235 1080 2328 velo,
1105 2236 1248 2311 obiecta
1265 2236 1378 2312 classe
1402 2241 1638 2337 nauigantem

316 2372 506 2476 excipiunt
530 2365 702 2465 *Quibus
733 2365 935 2463 conspectis
965 2359 1171 2452 Esbemus,
1207 2375 1334 2434 nantas
1367 2384 1468 2433 arma
1500 2383 1636 2459 cepere

314 2492 555 2590 loricatosque
575 2493 655 2572 suis
676 2492 714 2562 in
735 2486 825 2562 locis
847 2477 1039 2560 consistere
1061 2481 1234 2575 hortatus,
1257 2483 1418 2582 reliquos
1447 2507 1570 2559 secum
1584 2488 1638 2557 *in

315 2641 466 2718 proram
481 2611 674 2714 perductos
696 2635 740 2684 ex
754 2626 912 2708 utroque
927 2609 1056 2709 nauigii
1065 2607 1175 2682 latere
1191 2605 1338 2708 spiculis
1354 2605 1493 2684 hostem
1508 2609 1636 2682 inces-

315 2761 396 2812 sere
411 2737 522 2828 iubet,
547 2733 880 2810 arelatensem
896 2745 1084 2833 protegere
1101 2755 1248 2808 necesse
1273 2725 1460 2824 habentes,
1484 2731 1638 2832 segnius

365 2927 375 2960 ¹
402 2925 524 2986 Cunctis
535 2924 783 3006 Norvags'eust'um
798 2963 806 2980 .
821 2960 830 2980 ·
845 2964 853 2981 .
871 2963 878 2980 .
895 2943 945 2980 ex·
1000 2917 1168 2984 cessionem
1201 2918 1259 2986 hec
1295 2921 1364 3008 lege
1394 2917 1507 2998 faelem
1532 2915 1636 2994 tundo¹

315 3029 479 3113 pediendss
498 3025 651 3115 promisit]
684 3027 802 3090 Suorro
836 3025 944 3088 herum
1000 3023 1171 3088 simulatam
1198 3045 1279 3105 esse,
1311 3039 1403 3112 utque
1421 3044 1459 3088 eo
1478 3036 1634 3108 ternpore,

318 3131 529 3196 conditionum
557 3131 651 3196 ruodo
683 3153 793 3211 unam,
822 3129 875 3194 sed
901 3131 944 3193 ite
1001 3152 1063 3219 qno
1089 3133 1212 3218 scripsit
1240 3135 1338 3213 Saso,
1368 3138 1431 3217 jam
1458 3129 1511 3193 diu
1539 3127 1640 3214 (post'

317 3235 424 3315 effert,
438 3249 473 3300 ut
487 3237 579 3302 rerba
590 3239 719 3304 Sasonis
727 3239 817 3302 simul
832 3235 946 3300 conlir·
1000 3249 1132 3301 mortem
1151 3239 1272 3326 Erlingi
1291 3261 1319 3304 e.
1337 3236 1434 3319 1179)
1459 3235 1545 3302 irrite
1561 3230 1635 3299 fue*

317 3355 380 3406 met
399 3343 433 3406 et
447 3341 588 3409 illustret
631 3347 698 3437 Qus
716 3343 799 3409 enim
815 3337 946 3430 prssaetex'·
999 3353 1060 3407 ret.
1080 3343 1222 3431 Reliqua,
1236 3367 1307 3435 quse
1319 3345 1638 3430 liscocessiouepro-

310 3463 383 3516 -tum
411 3450 452 3514 sit
475 3451 657 3520 necessitate
677 3475 742 3518 non
759 3451 841 3536 regis
865 3453 942 3516 Ner·
999 3452 1090 3516 misse
1107 3465 1190 3532 snut,
1210 3451 1340 3518 fortusse
1360 3453 1428 3518 ideo
1442 3454 1637 3538 ignorarunt

314 3559 433 3642 regie,
469 3557 524 3623 sed
558 3557 680 3646 Erlisgi
718 3557 864 3624 officinm
895 3569 945 3620 tot
1000 3558 1295 3639 circumuolauit,
1340 3557 1425 3647 quod
1464 3559 1639 3645 seperatim

316 3685 408 3728 nares
426 3665 612 3752 Norregicss
630 3671 789 3731 Dsnorum
803 3665 869 3728 usui
892 3685 943 3729 ex·
999 3677 1031 3728 et
1053 3664 1177 3750 quidem
1195 3669 1317 3730 occulte
1348 3665 1386 3730 sb
1405 3665 1537 3750 Erlingo
1553 3686 1637 3750 pro-

226 3799 229 3815 ·
315 3769 477 3856 potiendi,
519 3771 599 3837 haud
637 3772 729 3840 facile
757 3770 942 3859 quisdicat,
998 3775 1088 3834 misas
1119 3769 1277 3849 ridentur,
1315 3783 1347 3836 et
1377 3784 1485 3858 postes
1510 3772 1634 3834 nnllssn

314 3878 341 3940 si
359 3879 484 3956 nesciat,
505 3881 627 3946 Vilisru
642 3881 833 3966 provinciem
851 3879 943 3962 hujus
998 3877 1124 3940 omnino
1159 3878 1221 3941 vim
1257 3879 1437 3943 habuerunt.
1495 3876 1561 3943 Cir.
1592 3881 1632 3942 8.

314 3982 449 4048 foederis
472 3985 540 4070 lege
563 3983 606 4049 its
628 3985 830 4054 Waldemsro
848 3983 943 4047 tradi-
997 3982 1151 4046 ‘I'horlncii
1173 3983 1285 4048 noted
1303 3983 1511 4070 Noregsllon.
1524 3969 1634 4068 Sigus·

315 4103 481 4170 tumesco,
512 4104 547 4155 ut
565 4092 632 4175 ejus
653 4089 838 4178 praeleeturs
857 4087 941 4152 leudi
999 4091 1059 4152 vol.
1087 4093 1128 4152 ill
1152 4097 1184 4176 p.
1203 4085 1274 4154 446.
1318 4091 1431 4172 (Panlo
1459 4105 1531 4178 post
1562 4091 1632 4178 leg.

313 4197 422 4260 Dsnici
459 4199 551 4261 titulo
567 4197 714 4282 .Erlingo
746 4195 941 4260 mundaretur
998 4197 1192 4259 dcicedeutem
1214 4195 1292 4288 Msst)

314 4301 387 4379 (cfr.
410 4325 503 4388 euprs
524 4326 594 4389 pag.
624 4301 710 4387 793).
750 4303 859 4368 Noluit
877 4299 942 4364 for·
1043 4302 1202 4368 ²0ddom
1219 4303 1417 4391 provinciam]
1445 4307 1470 4370 l.
1498 4325 1525 4368 e.
1546 4303 1636 4368 Odr-

313 4421 391 4472 tssse
408 4411 490 4474 Saxo
512 4412 604 4496 hujus
622 4412 790 4497 provincie
812 4407 942 4476 Wslde·
996 4406 1330 4493 itsrred‚”paeninsulem
1349 4432 1368 4474 s
1390 4409 1634 4499 septentrionali

313 4535 399 4577 maro
430 4515 552 4579 tradite
582 4517 771 4580 mentionem
802 4514 941 4599 injicere,
996 4515 1170 4578 Saellsndiae
1190 4537 1244 4579 ora
1263 4530 1485 4580 metuentem.

311 4639 351 4683 ne
369 4621 499 4704 gloriam
523 4623 607 4688 bello
625 4623 799 4707 Norsegieo
820 4635 940 4707 partem
1035 4623 1055 4666 ν’
1078 4623 1209 4686 Insulam
1230 4623 1351 4707 Syram]
1375 4625 1455 4687 Haec
1476 4623 1572 4686 insule
1596 4623 1635 4686 ἰιι

310 4729 452 4792 minuere
471 4728 592 4811 potius,
614 4750 706 4814 quem
727 4746 839 4811 sugere
859 4726 939 4789 ride·
996 4727 1076 4792 libro
1101 4728 1235 4792 censuali
1254 4727 1450 4796 Wsldemsri
1474 4731 1511 4795 11.
1534 4745 1636 4794 tocs-
1762 4763 1763 4788 t

309 4849 417 4916 retur,
452 4833 600 4919 siquidem
631 4835 698 4898 luce
723 4834 833 4898 clarius
861 4846 938 4912 eret,
994 4846 1046 4898 tor
1061 4837 1147 4920 Syro,
1170 4833 1263 4900 hodle
1282 4837 1406 4900 seuere.
