3582 5466
408 1556 632 1668 Saxonis
668 1551 1015 1671 Grammalici
1046 1549 1291 1662 Historiae
1325 1547 1552 1658 Danicae

613 1765 777 1851 Liber
813 1761 1031 1848 Tertius
1070 1757 1331 1844 Decimus.

319 2057 442 2196 Igitur
457 2099 809 2199 Nicolaus,suscepto
823 2125 944 2202 reguo,
956 2097 1048 2172 adeo
1064 2099 1219 2170 animum
1236 2095 1285 2168 eb
1300 2097 1397 2170 omni
1411 2095 1504 2170 lustu
1517 2121 1628 2173 ever-

320 2243 402 2293 sum
424 2219 583 2315 habuit1,
617 2239 657 2295 ut
680 2221 766 2296 nihil
784 2247 827 2296 ex
849 2224 997 2322 pristina
1021 2215 1289 2308 mansuetudine
1320 2241 1386 2292 sua
1408 2215 1626 2318 decerperet,

320 2343 503 2442 totumque
526 2347 711 2442 praeteritae
745 2347 823 2420 vitae
851 2322 1142 2420 consvetudin'em
1170 2343 1341 2431 retinens,
1374 2364 1458 2412 cum
1482 2341 1627 2416 fortuna

318 2467 475 2539 animum
491 2471 617 2540 mutari
633 2492 763 2566 possus
780 2493 852 2541 non
878 2482 947 2554 est,
979 2491 1025 2538 ne
1043 2470 1163 2563 potius
1188 2463 1342 2537 sortuuae
1371 2487 1490 2538 mores
1514 2491 1625 2564 quam

318 2589 481 2664 moribus
495 2591 673 2663 fortunam
683 2590 861 2688 subjicere
876 2588 1067 2664 videretur.
1093 2593 1277 2679 Praeterea,
1293 2612 1338 2660 ne
1351 2588 1502 2686 petriam
1517 2612 1624 2662 sum·-

318 2728 450 2810 ptuosa
465 2711 625 2786 clientela
652 2737 695 2785 ac
710 2712 902 2786 voracibus
917 2727 1080 2784 oneraret
1099 2713 1278 2810 impensis,
1292 2709 1536 2809 quotidianam
1550 2713 1625 2784 mi-

319 2833 429 2906 litiam
444 2857 545 2908 suum
567 2849 780 2906 sextantum
808 2851 872 2907 aut
895 2850 1031 2933 septem
1056 2830 1226 2930 clypeis2,
1247 2834 1297 2907 ob
1319 2831 1542 2908 exturbanda
1563 2833 1625 2906 ln-

317 2959 478 3047 trocinio‚
504 2970 704 3031 contentam
719 2953 863 3050 habuit3
894 2981 962 3030 nec
976 2954 1249 3054 petulantiorem
1268 2981 1391 3056 regem
1414 2983 1526 3055 quam
1549 2963 1624 3030 mi·-

317 3077 412 3149 litem
437 3079 518 3176 egit
569 3079 677 3152 Duxit
702 3095 819 3152 autem
843 3081 1116 3177 Margaretam³,
1137 3093 1237 3176 patre
1273 3082 1420 3176 ingone,
1442 3080 1624 3154 Sveonurn

316 3223 414 3300 rege,
435 3217 546 3274 matre
560 3225 648 3276 vero
665 3198 801 3276 Helene
816 3219 952 3293 natam,
977 3204 1081 3302 cujus
1102 3204 1294 3276 castitatem
1310 3225 1370 3274 rex
1395 3204 1624 3300 Norvegieu-

365 3509 523 3572 ¹Am'mttm
543 3509 580 3570 ab
606 3513 686 3568 omni
692 3507 784 3591 fastu
799 3493 938 3568 'aversum
981 3479 1181 3567 'nominibus'
1201 3505 1333 3588 glutem,
1367 3505 1494 3584 lanceae,
1527 3505 1625 3568 hester

317 3610 430 3690 habuit]
461 3613 636 3694 Anonymus
666 3609 871 3674 Rosltildensis
900 3610 940 3673 de
996 3611 1173 3693 intelligunt
1183 3611 1298 3696 plures,
1310 3632 1338 3673 r.
1347 3629 1373 3672 c.
1390 3622 1463 3688 tres,
1479 3623 1622 3693 quatuor,

316 3717 441 3780 Nicoluo
457 3717 523 3778 hoec
537 3717 643 3780 scribit
654 3715 779 3800 (Script.
794 3737 853 3780 rer.
859 3721 938 3782 Dan.
996 3718 1130 3804 quinque
1143 3715 1254 3796 (Sulrm
1268 3718 1346 3780 Hist.
1359 3714 1394 3780 ul
1401 3719 1511 3780 Dsnm.
1528 3715 1623 3780 rol5

315 3823 376 3885 rol.
394 3827 408 3886 l
423 3847 455 3908 p·
468 3807 564 3904 379)='
580 3825 830 3912 Dant'Nicoloum
849 3829 879 3885 in
895 3849 940 3888 re·
994 3847 1025 3909 p.
1049 3817 1123 3904 147)
1141 3823 1196 3888 suls
1222 3822 1315 3886 ductu
1333 3822 1422 3885 unius
1444 3821 1620 3900 militantes,

312 3953 377 4011 gem
394 3947 574 4002 statuerunt,
598 3936 692 3992 virum
712 3945 889 3992 mansuetum
909 3947 939 3992 et
996 3931 1038 3994 ito
1052 3931 1174 4016 clypeos
1191 3927 1558 4015 quoqueestlemrstioue
1575 3929 1623 3992 iu-

311 4039 481 4122 simplr'cem,
502 4042 615 4098 minente
630 4055 776 4100 rectorem.
995 4049 1206 4120 terpretamur.
1229 4039 1382 4098 Praetetea
1398 4033 1624 4100 observandum

356 4143 445 4204 ²See
467 4158 583 4206 tantum
608 4160 661 4204 aut
681 4160 787 4228 septem
812 4140 934 4229 clypeus]
994 4155 1049 4218 est,
1072 4143 1221 4204 saxonem
1242 4143 1326 4228 loqui
1348 4139 1385 4204 de
1413 4142 1521 4206 militia
1544 4163 1623 4226 quo-

311 4245 413 4308 Locus
455 4249 546 4312 nimie
584 4246 733 4309 brevitate
768 4246 936 4312 obscurior.
994 4247 1116 4311 tidisrra.
1129 4252 1224 4333 Igitur
1237 4261 1273 4311 ut
1283 4267 1334 4311 sex
1351 4249 1399 4313 rel
1411 4259 1529 4330 septem
1544 4269 1623 4331 quo-

312 4350 451 4436 Clypeum
466 4355 545 4417 enim
557 4354 606 4416 vix
618 4353 790 4437 intelligere
800 4353 870 4416 licet
879 4354 935 4414 mi·
993 4353 1068 4417 tidie
1082 4354 1221 4418 excubias
1231 4368 1367 4440 egerent,
1394 4373 1537 4416 numerus
1551 4356 1623 4416 lon-

309 4452 395 4518 litem
415 4458 464 4518 rel
484 4461 615 4544 equitem
635 4457 743 4542 clypeo
768 4471 933 4538 urmatum3
992 4480 1031 4544 ge
1045 4462 1145 4544 major
1160 4462 1227 4546 regi
1242 4461 1348 4525 adfuit

309 4580 379 4620 nem
396 4561 506 4624 milites
524 4576 585 4625 tero
599 4563 778 4648 paucihnud
794 4563 933 4628 suffecis·
1038 4566 1281 4652 3Μανὸιακιιυη]
1308 4569 1358 4630 De
1385 4566 1478 4629 hacce
1499 4567 1620 4652 regine,

307 4678 375 4728 sent
388 4679 419 4730 et
435 4669 472 4730 ed
482 4689 584 4753 regem
596 4671 739 4754 presidio
756 4672 929 4736 vellendum
987 4693 1057 4755 quer
1073 4673 1195 4734 nomine
1210 4674 1359 4736 Fridlrolla
1372 4667 1468 4757 (pacis
1490 4673 1622 4736 coucili-

305 4785 337 4835 et
366 4773 405 4836 ed
433 4774 568 4838 latrones
596 4776 808 4840 exturbandos.
864 4778 926 4842 Sed
987 4776 1103 4857 atricis)
1124 4799 1140 4840 e
1160 4780 1309 4864 Norregis
1326 4776 1388 4842 tuit
1412 4792 1534 4856 ornate,
1554 4779 1621 4842 rid.

302 4879 556 4964 quemadmodum
568 4883 733 4966 scriptores
756 4883 846 4946 medii
867 4887 924 4947 aeri
986 4881 1064 4945 Hist.
1082 4901 1143 4968 reg.
1158 4889 1290 4971 Norteg.
1308 4887 1367 4950 rol.
1385 4888 1424 4948 lll
1437 4909 1469 4971 p.
1482 4883 1553 4948 220.
