3524 5460
384 301 458 376 tat
697 297 873 370 fltstott
890 297 995 368 DAN.
1011 297 1151 372 LIBER
1166 296 1260 370 XIV.

328 503 940 597 montemmaranum
962 523 1125 582 recenter
1147 511 1300 608 imperio
1325 507 1498 602 iunctum,
1522 507 1638 584 auxilii

328 633 580 736 imploratione
591 627 766 722 sollicitat,
779 635 997 729 promittens,
1009 653 1050 704 se
1065 636 1192 730 patrias
1208 633 1496 729 procurationem
1513 633 1550 704 in
1563 633 1637 730 ejus

328 755 502 834 beneficio
515 754 766 852 repositurum,
814 756 1031 852 Imperator,
1060 761 1116 826 cui
1132 767 1170 826 et
1184 775 1327 828 summa
1342 769 1479 828 naturae
1496 753 1636 830 callidi-

328 899 384 956 tas
407 896 443 954 et
469 881 622 950 maxima
637 875 846 975 proferendi
861 875 998 974 imperii
1015 874 1193 974 cupiditas
1205 893 1308 968 esset,
1335 893 1470 950 mutum
1484 875 1587 951 alieni
1603 882 1636 950 in

328 1004 496 1090 ditionem
510 1025 614 1075 suam
627 997 938 1098 redigereavidus,
951 999 1162 1092 Svenonem,
1172 1001 1298 1074 ve'teria
1312 1003 1519 1077 amicitiaeet
1530 1025 1637 1074 com·-

328 1126 439 1202 militil
460 1125 653 1215 monitum,
675 1123 854 1220 promisso
873 1121 1022 1196 honoris
1043 1126 1272 1214 incremento,
1293 1122 1340 1194 ad
1357 1121 1638 1221 colloquendum

328 1249 397 1325 silai
418 1243 641 1322 'simulatione
670 1243 823 1318 caritatis
851 1246 1009 1332 invitat2,
1030 1247 1191 1317 eximiam
1212 1244 1281 1320 sibl
1303 1243 1440 1331 uisendi
1467 1248 1546 1344 ejus
1565 1271 1637 1318 cu·-

328 1371 488 1474 pidiuem
501 1369 686 1442 incessisse
700 1366 921 1466 significans,
946 1365 1011 1442 sed
1029 1371 1200 1442 Romanae
1217 1370 1410 1467 majestatis
1424 1367 1638 1467 amplitudi-

328 1520 423 1586 nem,
449 1517 524 1592 quo
539 1495 655 1564 minus
670 1515 754 1564 eum
769 1489 935 1582 accedat,
960 1488 1143 1562 obsistere.
1193 1495 1339 1590 Quippe
1354 1494 1483 1582 Saeuo,
1506 1490 1638 1564 adole·-

328 1618 469 1694 scentiae
486 1631 649 1711 tempore
668 1612 828 1686 militaris
843 1617 892 1686 rei
909 1610 1153 1710 perdiscendae
1184 1614 1297 1712 gratia
1329 1611 1486 1686 Conradi
1511 1617 1638 1686 Cesa-

329 1743 401 1816 ris³
420 1716 617 1812 clientelam
630 1737 829 1836 ingressus,
853 1761 937 1810 cum
954 1732 1146 1827 Friderico,
1166 1735 1287 1850 adhue
1302 1739 1449 1832 privatae
1474 1734 1639 1824 fmtunoe,

330 1887 442 1964 quem
459 1877 495 1936 et
509 1874 613 1934 aetate
625 1874 661 1930 et
673 1859 817 1956 iugenio
833 1857 1012 1956 aequabat,
1036 1855 1099 1932 diu
1122 1858 1318 1932 sodalitatis
1336 1857 1451 1931 ossicia
1469 1873 1638 1956 gesserat

328 1989 453 2083 ltaque
474 2007 547 2056 non
568 1979 670 2080 quod
693 1979 907 2054 fallacissimi
932 1979 1086 2054 hominis
1109 1983 1337 2055 commentis⁴
1365 1980 1544 2074 crederet,
1575 1998 1639 2054 aut

329 2106 461 2183 aemulo
476 2104 618 2204 asylum
632 2102 775 2176 demere
787 2102 903 2196 vellet,
929 2101 1050 2178 sedat
1074 2102 1152 2177 sola
1169 2129 1209 2178 se
1233 2107 1420 2178 Germanis
1443 2103 1540 2176 sama
1568 2127 1639 2178 co-

328 2235 467 2331 gnitum
490 2229 593 2301 etiam
614 2224 851 2327 spectandum
874 2225 1105 2344 subjicerem,
1131 2243 1418 2326 praesentemque
1433 2227 1541 2302 famae
1562 2249 1640 2302 mae

376 2539 589 2622 wedunam]
603 2542 750 2626 intelligit
765 2539 954 2604 Fridericum
1010 2542 1212 2626 permitteret.
1242 2547 1360 2608 Interea
1375 2565 1447 2612 vero
1461 2521 1539 2610 obiit
1558 2526 1637 2609 C'on

328 2647 394 2732 ejus
421 2633 552 2710 nominis
578 2650 720 2734 primum,
748 2625 966 2732 cognomento⁸
1011 2643 1110 2710 radus.

327 2755 560 2832 Barbarossam‚
587 2775 667 2816 anno
685 2750 765 2814 1152
790 2753 955 2838 imperato·
1058 2755 1224 2818 ³Conradi
1249 2751 1388 2836 Ceasar-ts]
1412 2761 1549 2822 Numero
1577 2747 1639 2820 lt'r·

328 2881 392 2924 rent
418 2865 590 2924 Romanum
618 2857 800 2942 Aquisgrani
826 2877 954 2922 corona·
1008 2859 1056 2942 til,
1077 2862 1217 2926 avunculi
1231 2861 1381 2926 Friderici
1398 2865 1504 2929 Priml.

327 2977 402 3030 tum.
423 2965 473 3046 (S)
834 2997 839 3011 ¹
1055 2973 1068 3005 ⁴
1085 2971 1282 3031 Fallacisst'mt'
1306 2971 1430 3034 homnis
1451 2970 1637 3050 Διιιιιιιιιιιιείι]

373 3074 586 3134 ²Stinulntziane
603 3074 738 3132 caritatis
750 3067 870 3148 invitat]
892 3071 953 3132 Rc·
1011 3077 1095 3136 Dura
1111 3071 1234 3156 quidem
1251 3073 1353 3152 verba,
1375 3074 1428 3138 sed
1450 3077 1481 3138 in
1509 3099 1565 3142 ore
1581 3079 1638 3142 lto·

328 3191 378 3242 cte
392 3173 475 3242 hand
492 3175 582 3238 dubie
597 3177 708 3238 Noster
722 3185 861 3237 tenorem
883 3176 951 3240 lite·
1011 3177 1099 3241 minis
1115 3177 1205 3256 Dani,
1227 3180 1417 3246 Fridericam
1430 3204 1466 3246 ex
1486 3184 1545 3246 hac
1560 3186 1637 3248 acti·

326 3305 429 3349 aarum
438 3281 704 3366 imperatoriarum
717 3277 821 3342 retulit
828 3301 838 3360 3
856 3279 950 3344 haud·
1008 3303 1067 3345 one
1081 3281 1285 3364 dijudicantis,
1305 3285 1384 3349 haud
1402 3311 1419 3351 a
1442 3309 1515 3352 vero
1529 3291 1639 3354 aliena.

326 3409 477 3476 quaquam
494 3387 666 3452 Fridericus
688 3387 876 3463 Sucronem,
894 3405 949 3448 ceu
1010 3389 1140 3452 Fallacia
1162 3389 1240 3452 enirn
1260 3403 1304 3454 est
1329 3391 1477 3474 hominis,
1503 3397 1637 3462 amicum

326 3495 474 3560 vasallum
507 3493 544 3556 ad
574 3494 742 3558 hominium
778 3488 950 3552 laciendum
1009 3489 1146 3579 pulchris
1164 3495 1265 3560 verbis
1284 3499 1406 3564 allicere
1418 3503 1508 3583 velle,
1529 3517 1566 3567 ut
1583 3503 1637 3568 de·

326 3597 481 3678 evocavit,
505 3598 558 3664 sed
577 3599 719 3662 invitavit
739 3617 795 3662 ceu
815 3595 952 3659 amicum.
1008 3599 1079 3664 inde
1101 3602 1139 3666 ab
1159 3621 1196 3667 eo
1222 3605 1337 3683 invito,
1369 3607 1519 3694 quidquid
1548 3611 1638 3688 telis,

324 3707 430 3792 Neque
443 3725 514 3770 sane
529 3705 708 3790 imperatori
725 3703 883 3770 commoda
898 3703 950 3770 de·
1009 3722 1198 3792 extorqueas.
1248 3712 1350 3775 Sveno
1370 3727 1471 3794 certe,
1492 3715 1547 3802 qni
1563 3737 1640 3783 mcx

324 3811 534 3879 inaccessio.
589 3813 666 3878 Nam
690 3833 768 3876 anuo
788 3809 949 3896 superiori,
1008 3813 1041 3874 in
1061 3816 1191 3898 patriam
1211 3818 1306 3882 redux
1328 3820 1493 3884 amicitiam
1520 3823 1638 3886 Caesari

323 3939 393 3982 cum
424 3922 567 3998 canutus,
598 3919 694 3984 missis
720 3917 846 3994 litteris,
862 3913 949 3994 ¹(trid.
1008 3921 1202 3999 renutrtiavit,
1221 3927 1317 3990 multo
1337 3927 1448 4008 minus,
1469 3927 1640 3994 rabuscula

322 4029 460 4088 Murteae
477 4027 705 4112 Vetat-‚Script
719 4025 949 4088 Collect'l'om.
1006 4023 1103 4088 adhuc
1124 4024 1314 4110 florentibus,
1335 4032 1431 4095 hocce
1450 4032 1511 4098 iter
1534 4053 1643 4100 anses-

322 4126 391 4214 912.
403 4123 531 4206 495-96,
553 4125 626 4210 518,
643 4127 718 4214 673)
736 4151 785 4194 rcs
804 4149 871 4193 snas
884 4131 945 4214 jam
1005 4132 1115 4217 pisset,
1145 4135 1171 4198 sl
1207 4158 1309 4202 venam
1332 4137 1529 4223 imperatoris
1548 4161 1645 4204 men-

323 4231 494 4324 desperatas
510 4236 689 4322 imperatori
709 4235 853 4300 Conrado
870 4241 946 4301 'I'er-
1005 4250 1067 4301 tem
1079 4238 1233 4307 habuisset
1250 4245 1413 4330 cognitam.
1464 4247 1565 4310 Actor
1584 4247 1646 4310 lti-

322 4335 367 4402 tin
384 4340 598 4421 commisisset,
627 4341 717 4408 etiam
739 4345 841 4408 sveno
862 4345 945 4409 litte·
1004 4348 1108 4410 atoriae
1130 4350 1366 4434 llnytlingorunr
1385 4353 1420 4415 in
1444 4351 1647 4438 imperatore

321 4446 488 4510 cassidem
510 4449 688 4533 imperatori
711 4449 849 4530 miserat,
878 4470 946 4514 eum
1005 4450 1200 4536 dijudicando
1213 4459 1646 4524 amitinocumSaxooecou-
1749 4495 1750 4502 ι

321 4569 385 4613 non
415 4564 452 4615 ut
477 4555 607 4617 vasallus
631 4553 804 4638 dominum,
837 4556 892 4620 sed
912 4568 946 4621 tat
1003 4559 1095 4624 scntlt
1110 4561 1153 4645 (p.
1173 4557 1258 4642 ³56).
1380 4549 1382 4552 ⁵

321 4655 401 4720 lilin'e
417 4671 538 4743 patrem
559 4681 679 4745 rogans,
706 4677 751 4744 ut,
774 4661 844 4728 dato
862 4685 946 4730 com·
1050 4667 1114 4730 ‘Ut
1127 4693 1158 4730 se
1183 4672 1373 4755 spectandum
1393 4673 1547 4734 &amonis
1563 4673 1654 4735 aab·

321 4778 442 4846 meatu,
463 4763 502 4830 ad
521 4785 553 4830 se
572 4767 641 4830 loco
655 4771 821 4837 constituto
843 4770 945 4836 venire
996 4770 1117 4854 Ji'ceret]
1134 4775 1211 4840 Haec
1232 4775 1407 4841 observatio
1423 4777 1502 4842 lame
1517 4767 1656 4842 conre-
