3524 5460
374 289 448 370 70⁴
686 288 1132 370 nordemannos
1148 292 1239 370 XlV.

321 504 439 580 landae
457 503 642 602 negotium
657 499 733 576 luit.
785 505 949 597 Quorum
965 507 1192 602 praesentiam
1206 503 1340 578 Stercu
1355 519 1452 582 tanta
1466 505 1635 584 affectio-
1750 549 1751 566 ι

320 655 367 705 ne
381 627 604 726 amplexatus
618 640 681 718 est,
706 641 757 716 ut,
771 627 955 725 praeteritis
971 624 1104 718 liberis,
1129 627 1259 702 sumre
1273 624 1447 705 affinitatis
1465 646 1535 731 spe
1550 632 1635 708 bre-
1750 613 1751 618 Ἰ

319 752 426 829 redes
444 753 508 824 eos
525 771 732 846 nuncupare
754 765 982 848 proponeret.
1040 747 1149 843 Quod
1172 763 1296 824 votum
1320 755 1354 826 ei
1378 741 1453 828 sive
1474 753 1635 830 liliorum
1750 729 1751 742 ἵ

318 878 441 949 inertia
465 877 540 945 sive
569 869 770 946 excellentis
786 877 887 970 proci
912 869 1078 946 nobilitas
1093 863 1336 949 inseminnbat.
1394 861 1542 951 Reversi
1562 877 1635 949 ita-
1750 919 1751 980 3

320 1023 394 1100 que
421 997 493 1071 hoc
517 993 698 1070 invisiores
727 997 820 1091 regi,
852 1016 928 1091 quo
954 993 1049 1068 hosti
1072 995 1267 1070 concordia
1289 997 1495 1096 junctiones,
1522 997 1634 1071 fuere.
1750 1037 1751 1040 ¹

320 1126 459 1195 Canuto
475 1113 605 1192 deinde
621 1116 656 1187 in
671 1115 803 1188 Jutiam
819 1101 999 1215 digresse,
1033 1117 1264 1192 Waldemaro
1282 1143 1369 1194 vero
1384 1114 1634 1218 Ringstadium
1750 1181 1751 1216 ,

318 1247 501 1333 invisente,
527 1243 644 1314 Sveno
663 1255 744 1338 post
764 1261 847 1312 eum
867 1238 1065 1314 contentius
1088 1247 1222 1340 pergit,
1257 1257 1547 1342 conventumque
1570 1241 1634 1316 diu
1750 1229 1751 1242 ¹

319 1365 478 1467 perfidiae
496 1379 532 1435 et
545 1361 752 1461 proditionis
768 1362 911 1460 probris
932 1361 1129 1438 everberat.
1196 1365 1342 1464 Neganti
1368 1363 1539 1438 confictas
1555 1389 1577 1441 a
1596 1357 1636 1440 ab

319 1490 436 1562 literas
454 1485 569 1579 tradit,
585 1501 757 1584 tanquam
776 1485 824 1558 ab
844 1487 966 1558 amicis
983 1502 1183 1582 porrectas,
1200 1487 1265 1560 sed
1280 1487 1383 1560 titulo
1397 1487 1445 1562 de
1458 1477 1635 1564 industria

319 1625 504 1702 vacantes,
529 1635 614 1708 quae
638 1609 717 1708 ejus
733 1633 775 1680 ac
797 1610 922 1680 Canuti
945 1609 1065 1680 initam
1092 1627 1175 1683 cum
1200 1613 1378 1684 Svercone
1403 1607 1634 1688 concordiam

318 1734 537 1810 nunciarent.
596 1733 678 1823 Quo
700 1745 898 1804 commento
918 1729 1187 1824 Waldemarus,
1225 1759 1435 1832 quanquam
1456 1735 1519 1810 irae
1541 1755 1635 1832 par-

259 1837 261 1841 *
319 1859 597 1944 cissimusesaet‚
624 1851 893 1952 supramodum
909 1876 1088 1946 accensus,
1112 1854 1270 1955 linguam
1284 1862 1395 1930 nimio
1411 1854 1634 1957 indignatio-

254 1987 258 1998 '
318 1983 372 2055 nis
386 1979 519 2072 haustu
534 1975 708 2075 repletam
726 1979 761 2047 in
776 1973 1029 2048 contumeliam
1051 1979 1230 2077 arguentis
1254 1977 1438 2054 effundere
1458 2005 1533 2058 non
1556 1977 1635 2054 du·

318 2102 450 2178 bitarit.
498 2098 661 2174 Perfidiae
678 2121 827 2198 quoque
841 2100 878 2170 io
893 2123 977 2172 eum
997 2099 1272 2198 exprobratione
1292 2085 1440 2201 rejecta,
1463 2127 1538 2178 non
1559 2104 1635 2204 jam

317 2225 579 2326 redargutione,
603 2221 669 2298 sed
686 2223 848 2296 convicio
866 2221 1006 2322 agebat,
1033 2225 1198 2322 egregios
1219 2249 1374 2323 operum
1388 2211 1549 2300 ¹suornm
1571 2225 1632 2301 la·
1750 2207 1751 2216 ἵ

317 2355 426 2431 bores
442 2353 571 2451 nugaci
586 2343 855 2420 mendaciorum
874 2344 1019 2445 objectu
1036 2351 1177 2445 pensari
1197 2347 1405 2421 vociferans.
1455 2346 1635 2448 Adeoque

317 2501 441 2578 regem
470 2471 635 2572 responsi
655 2473 708 2544 sui
736 2466 899 2542 libertate
923 2459 1172 2567 permorerat,
1209 2485 1246 2544 ut
1264 2485 1382 2544 tentus
1399 2469 1451 2543 ab
1466 2493 1511 2544 ec
1528 2487 1635 2563 esset,
1750 2535 1751 2542 ,

226 2642 232 2697 ·.
317 2601 384 2676 nisi
408 2596 533 2674 milites
554 2607 702 2692 operam
724 2612 826 2664 suam
849 2595 886 2662 iu
909 2594 989 2690 ejus
1013 2594 1213 2691 captionem
1236 2603 1443 2692 negassent,
1474 2613 1635 2692 quorum

318 2723 423 2800 favor
446 2721 643 2815 impensius
666 2721 787 2812 ipsum
812 2737 922 2810 quam
946 2739 1068 2814 regem
1090 2713 1277 2788 excoleret.
1329 2707 1448 2808 Quam
1465 2718 1635 2816 injuriam

294 2839 296 2844 ’
317 2862 442 2947 postea
459 2837 558 2939 apud
580 2840 711 2913 lutiam
728 2837 948 2934 querimonia
964 2855 1193 2942 prosecutus,
1226 2862 1356 2937 graves
1378 2829 1455 2939 regi
1473 2842 1635 2916 iniunct-

223 3013 227 3024 .
317 2971 383 3045 fias
396 2963 545 3064 peperit
603 2957 689 3032 lude
703 2983 787 3033 cum
803 2961 943 3034 Canuto
964 2984 1095 3061 magna
1110 2967 1218 3037 totius
1235 2964 1338 3034 lutiae
1355 2959 1469 3036 classe
1491 2963 1529 3038 in
1548 2965 1637 3038 Sia-

316 3089 473 3166 landiam
493 3060 744 3173 recessic'uon
760 3080 861 3181 quod
874 3081 1013 3158 bellum
1039 3087 1117 3188 regi
1146 3085 1276 3158 inlerre
1293 3097 1536 3182 proponeret,
1566 3087 1639 3162 sed

318 3227 360 3288 nt
373 3209 477 3285 noris
496 3203 757 3280 conditionibus
775 3207 939 3278 tutiorem
955 3210 1034 3307 ejus
1049 3213 1143 3284 circa
1156 3232 1196 3282 se
1213 3204 1324 3280 fidem
1340 3205 1505 3280 efficeret.
1549 3211 1641 3304 Quo

318 3333 420 3436 apud
430 3327 617 3428 Sundby¹,
633 3328 847 3400 maritimum
865 3329 993 3420 vicum,
1007 3355 1089 3404 cum
1106 3331 1249 3404 armatis
1266 3327 1389 3421 obvio,
1413 3327 1496 3402 diali
1507 3329 1642 3408 collo-

320 3464 408 3560 quio
426 3455 472 3532 de
487 3445 680 3526 concordia
696 3463 835 3526 actum..
881 3452 1090 3551 Conrposita
1109 3475 1218 3553 pace,
1239 3477 1303 3526 rex
1327 3448 1504 3528 concubia
1525 3469 1643 3527 noete
1750 3491 1751 3554 3

318 3575 541 3656 Roskildiam
560 3577 713 3648 revertit.
1750 3569 1751 3592 ¹

449 3703 584 3772 Interea
600 3694 810 3770 sclavorum
829 3694 1008 3796 expeditio
1038 3693 1086 3770 ad
1108 3695 1297 3772 orientales
1312 3693 1513 3770 'sialandiae'
1537 3716 1644 3796 par·-

317 3845 371 3902 tes
383 3825 556 3897 inusitatae
574 3816 807 3893 multitudinis
824 3819 938 3894 classe
952 3820 1140 3893 nunciatur
1151 3820 1321 3918 ingressa.
1371 3823 1440 3913 Qui
1456 3822 1646 3918 qnoniam
1750 3885 1751 3920 ,

306 3973 382 4050 vrus
398 3961 479 4018 ante
492 3945 705 4032 vastaraut²,
725 3957 849 4014 cuncta
858 3941 992 4040 praedae
1010 3965 1123 4015 vacua
1139 3943 1394 4041 praetergressi,
1410 3948 1648 4045 inopinatam
1750 4013 1751 4058 ζ

317 4067 468 4172 aggredi
485 4061 704 4140 ttoskildiam
721 4077 887 4136 statuunt.
939 4067 1061 4164 Igitur,
1077 4063 1220 4138 nefumi
1232 4061 1364 4138 indicio
1381 4063 1651 4164 proderentur,

317 4188 482 4268 incendio
496 4193 637 4290 penitus
653 4185 884 4260 abstinebant.
943 4183 1147 4260 Accedebat
1165 4211 1292 4262 eorum
1314 4185 1495 4283 audaciae,
1529 4195 1653 4291 quod
1750 4195 1751 4288 i

317 4337 361 4388 ex
379 4309 665 4415 speculatoribus
692 4311 842 4385 otiosam
864 4308 992 4384 urbem
1033 4333 1232 4411 regemque
1260 4308 1393 4408 procul
1411 4333 1456 4386 ex
1473 4335 1516 4386 ea
1534 4341 1653 4412 pro-

317 4435 448 4512 sectum
464 4450 682 4536 acceperant.
734 4437 816 4529 Quo
833 4434 956 4508 nuntio
974 4434 1142 4526 instructi,
1166 4434 1301 4508 intacto
1314 4456 1409 4526 rure,
1429 4459 1512 4510 eam
1533 4461 1655 4516 eon-

366 4682 521 4770 rsuodhy]
534 4687 621 4749 Nunc
637 4687 826 4772 Udesundbs,
846 4709 943 4774 pagus
1003 4683 1102 4748 sinum
1116 4681 1356 4747 Rosltildeusem.
1373 4681 1475 4763 (Cnir.
1489 4685 1659 4773 linytlin-
1750 4669 1751 4736 3

318 4811 418 4880 propa
450 4787 598 4879 oppidum
630 4791 870 4858 Frederiltasund
905 4783 943 4858 ad
1004 4811 1113 4877 gasaga
1134 4811 1165 4874 p.
1186 4785 1273 4868 358.)

1053 4899 1167 4976 ²(Erat
1181 4910 1343 4959 uastarent.
1360 4891 1428 4979 big)
