3524 5460
694 322 926 396 tttmtntts.
1331 325 1413 400 ott·

140 533 302 612 cuntibus
317 531 463 634 gemlia,
487 531 651 610 fcnebn's
671 535 749 632 ejus
774 531 887 606 lectur
910 533 1130 624 conminuet,
1161 536 1348 636 repentino
1368 537 1457 612 fo*

140 667 184 735 tiu
208 675 293 732 unu
315 655 482 755 signarit.
533 655 621 732 Aliis
644 679 795 756 quoque
819 653 1070 753 compluribus
1093 683 1215 732 rerum
1235 657 1371 734 indiciis
1395 665 1457 736 in·-

139 807 227 884 gms
255 781 450 856 sauciatio
472 781 554 878 ejus
586 777 761 877 splendor
784 779 925 854 eluxit¹.
985 783 1168 859 Facbrutis
1190 784 1286 856 lama
1311 793 1456 882 prorni-

140 929 270 981 ucuum
299 904 424 1001 patric
439 899 633 976 lamentum
666 903 794 974 excivit
830 903 1067 1001 omniumque
1102 919 1248 1002 pentes
1280 909 1458 1011 plangore

140 1025 345 1126 complevit.
405 1023 567 1122 Populus
582 1028 696 1115 enirn,
729 1047 814 1098 curn
836 1023 1080 1098 calamitosum
1095 1024 1142 1098 de
1157 1049 1247 1101 nece
1261 1027 1342 1129 eju's
1356 1057 1456 1107 nun-

140 1152 234 1223 cium
253 1149 459 1246 accepisset,
483 1153 649 1245 protinus
663 1149 932 1240 conviviorum,
965 1171 1048 1247 quae
1065 1171 1108 1221 ea
1123 1164 1330 1248 tempestate
1343 1179 1455 1255 gere-

141 1274 292 1361 bantur,
323 1269 498 1342 hilaritate
526 1269 702 1372 deposita,
726 1287 867 1342 murem
891 1277 1045 1369 tempori
1069 1277 1273 1370 impensum
1299 1301 1457 1354 moerore

142 1397 309 1482 mutavit,
333 1394 446 1490 inque
469 1417 515 1466 eo
544 1391 776 1466 lamentando
818 1407 973 1490 uterque
989 1417 1096 1468 sexus
1122 1398 1226 1470 unius
1240 1399 1457 1497 gemebundi

142 1521 244 1592 ann'ci
262 1541 390 1592 uocem
404 1517 540 1590 babuit.
594 1517 708 1614 Cujus
723 1513 831 1588 sunus
846 1514 997 1614 publico
1014 1515 1110 1590 luctu
1137 1519 1281 1613 elatum,
1302 1541 1457 1622 quantus

142 1647 222 1742 ejus
235 1665 341 1714 amor
356 1642 518 1712 omniurn
533 1640 658 1712 animis
673 1641 799 1712 insitus
813 1651 915 1729 emet,
936 1635 1067 1712 indicio
1081 1639 1159 1712 fuit.
1196 1643 1332 1742 ltaque,
1350 1649 1458 1746 cujus

139 1774 254 1842 mmm
272 1765 382 1861 patria
397 1763 546 1834 caritatb
559 1759 686 1834 officiis
702 1759 924 1854 excoluerat,
956 1763 1061 1834 morti
1083 1787 1234 1864 quoquc
1248 1782 1352 1842 testea
1366 1775 1456 1869 grati

142 1891 253 1962 animi
270 1887 449 1984 lacrymas
475 1884 666 1983 erogabat,
690 1899 733 1956 ut
753 1885 931 1957 Canutum
957 1882 1168 1982 ejulatibus,
1202 1889 1251 1959 ita
1274 1907 1459 1990 raptorem

141 2013 289 2111 spiritns
306 2013 386 2108 ejus
404 2006 631 2082 validissimis
650 2007 938 2081 execrationibus
961 2013 1127 2081 insecuta.

274 2136 427 2232 Magnus
443 2155 531 2206 tem
548 2132 600 2207 ula
616 2133 737 2229 impiae
755 2125 863 2204 caedit
878 2147 1043 2204 eventum
1059 2132 1211 2228 profuso
1230 2133 1462 2233 ingaudium

145 2257 264 2330 aninrc
281 2253 504 2332 Ruubildiam
519 2263 654 2352 repetit,
680 2275 918 2352 regnumque,
935 2259 1035 2353 quati
1054 2253 1201 2326 sublato
1214 2257 1289 2353 jam
1314 2257 1459 2350 amulo,

72 2398 77 2416 ⁵
145 2381 225 2479 spei
236 2378 405 2452 firmitate
426 2376 647 2473 complexus,
664 2374 946 2450 erubescendam
964 2378 1128 2452 facinoris
1142 2379 1321 2454 fununam
1336 2387 1460 2480 tripu-

144 2501 206 2575 diu
221 2500 396 2600 prosequi
411 2498 574 2572 desumo
592 2525 665 2572 nou
685 2498 792 2571 duxi.
848 2501 940 2593 Quin
962 2501 1066 2574 etiarn
1088 2503 1316 2576 sanctissimis
1331 2504 1458 2576 Canuti

143 2623 367 2714 vulneribus,
383 2622 517 2722 quibus
534 2619 659 2720 plenas
677 2623 894 2720 poenitentiae
919 2621 1094 2721 lacrymas
1116 2621 1311 2715 debuerat,
1345 2625 1459 2699 volu-

144 2761 240 2843 ptate
256 2771 299 2818 ex
315 2745 473 2820 facinore
487 2762 668 2843 concepta,
694 2771 761 2844 per
777 2743 975 2818 ludibrium
991 2746 1163 2820 insultare
1178 2747 1353 2821 sustinuit.
1401 2752 1459 2820 ⁴ile

142 2887 262 2942 autem
284 2871 427 2968 sangnis
439 2867 538 2941 coelu
560 2883 729 2967 terraque
743 2870 886 2969 egregie
898 2873 1010 2942 meriti
1028 2875 1229 2968 propagine
1244 2894 1381 2945 naeuus
1396 2873 1459 2944 itt-⁴

141 2999 281 3083 teriret,
308 2989 490 3064 haeredem
508 2991 597 3064 deus
614 2997 765 3064 extincto
780 2990 944 3088 subjecit
1007 2995 1096 3064 Nam
1121 3008 1248 3064 cnara
1274 2992 1459 3090 posthaec

142 3117 224 3190 luce
259 3115 454 3216 ingiburga
476 3118 603 3186 Canuti
632 3129 846 3212 conceptum
869 3137 913 3185 ex
937 3105 980 3186 eu
997 3137 1134 3186 marem
1151 3115 1251 3188 enixa
1272 3115 1460 3214 proditum

142 3241 202 3314 cui
216 3255 253 3312 et
268 3239 416 3312 materni
438 3242 492 3312 avi
513 3261 645 3310 nornen
660 3235 799 3308 inditur.
853 3239 956 3310 Tunc
972 3239 1177 3334 Haquinus,
1213 3261 1323 3336 quem
1340 3262 1458 3338 tupe-

144 3367 218 3437 riuc
237 3365 392 3436 Suunira
407 3375 526 3434 ortum
541 3357 749 3459 signficari,
781 3383 936 3461 cumque
962 3383 1006 3437 uo
1028 3361 1164 3450 Petrus,
1187 3375 1301 3434 matre
1321 3361 1460 3436 Butilrla

144 3492 286 3576 natus¹,
312 3503 346 3560 et
361 3484 422 3556 filii
440 3483 664 3572 Skiulmonis,
688 3481 855 3554 iacinctis
873 3485 1088 3554 atrocitatem
1109 3487 1211 3582 gravi
1233 3484 1461 3583 querelarum

143 3625 313 3682 contextu
329 3611 563 3708 proqequnti‚
595 3605 777 3704 indigeam
799 3607 903 3678 amici
925 3629 1052 3678 neuen
1074 3608 1110 3676 in
1123 3606 1356 3706 popularium
1374 3607 1461 3680 ubi-

141 3753 222 3829 que
252 3729 407 3803 conciliie
423 3728 683 3828 deplorabant,
715 3725 908 3800 adversum
940 3729 1200 3825 iniquissimum
1238 3731 1461 3827 percussoris

139 3868 262 3925 actum
281 3853 382 3952 vulgi
397 3855 486 3925 iram
501 3857 637 3952 erigere
653 3847 845 3948 cupiendo.
871 3851 964 3942 Quin
980 3855 1085 3922 ctiam
1104 3855 1261 3923 tunicam
1279 3854 1359 3951 ejus
1375 3877 1461 3925 cte-

140 3976 219 4049 bria
239 3976 479 4050 foraminibus
495 3977 723 4073 absumptam
740 3950 899 4045 omnium
913 3970 1028 4044 oculis
1044 3979 1078 4045 iu
1096 3979 1269 4074 conciope
1285 3973 1461 4072 subjicie-

136 4098 240 4172 bant
294 4103 368 4172 Nec
384 4125 512 4198 parurn
529 4100 731 4174 luctuosam
747 4121 873 4170 eurum
900 4102 1074 4169 actionem
1093 4096 1219 4172 lacerae
1245 4103 1351 4173 vestie
1376 4100 1462 4170 irri-

137 4237 343 4294 tamentum
357 4220 505 4321 adjuvit
568 4224 713 4320 Quippe
729 4219 983 4318 cumpluribus
997 4221 1174 4319 ingentem
1192 4198 1332 4294 ultionis
1347 4222 1461 4318 cupi·-

138 4343 294 4420 ditatem
310 4361 383 4419 tam
400 4344 504 4418 iadau
525 4344 750 4419 lacerationis
772 4341 1016 4442 spectaculum
1039 4344 1268 4441 ingenerauit.
1327 4341 1400 4416 Sed
1427 4360 1463 4416 et

187 4582 392 4644 ¹Scnctr'tatt's
415 4582 554 4668 splendor
580 4576 687 4660 eluxit]
714 4581 779 4642 lto-
827 4569 836 4596 ⁸
884 4579 1132 4648 venusinam
1147 4572 1403 4657 Botlr'ldanctua]
1416 4579 1464 4640 De

136 4687 252 4751 bactra
269 4687 412 4770 mgni·
428 4687 510 4752 racia
523 4697 723 4752 amourcrat
740 4687 780 4748 ai·
837 4701 876 4746 ec
897 4679 958 4746 rtt.
987 4694 1054 4746 not.
1078 4684 1265 4769 brcpbelii
1290 4685 1323 4748 ia
1348 4683 1463 4768 script.

136 4815 209 4879 gne
227 4805 361 4858 mortem
382 4793 492 4857 Canuti
515 4805 626 4858 aeonia.
667 4781 779 4880 θοή(
838 4795 990 4856 nnllam
1005 4792 1068 4857 rel.
1082 4787 1221 4876 iptio.

134 4922 205 4965 rer.
226 4904 305 4964 Dan.
322 4899 385 4966 rol.
405 4901 449 4968 tv
464 4921 495 4984 p.
510 4895 580 4961 260.
