3582 5466
720 287 935 366 Clausus
978 359 983 369 ,
1357 287 1432 364 teo

164 495 293 573 abaco
312 493 494 594 quidam¹,
507 497 659 592 minam
673 496 784 592 ipsius
800 493 1065 573 familiaritatem
1084 497 1248 596 adeptus,
1263 495 1329 574 aed
1344 495 1491 575 nibilo·'

164 625 282 698 miuus
298 645 383 694 eum
396 615 534 693 occulte
550 641 713 716 pernam,
726 617 900 696 simulatae
916 617 1000 696 fidei
1021 620 1170 698 consilio
1188 617 1359 710 bortatur,
1384 619 1481 718 tuga

163 758 308 840 parcat,
332 739 557 819 othoniensis
577 743 661 840 pagi
677 739 839 838 praesidia
857 759 1006 840 expetat,
1039 769 1105 818 nec
1121 743 1290 820 foemineo
1306 768 1406 820 more
1420 743 1480 820 la·-
1591 841 1593 850 Ι
1656 734 1659 744 ’

165 863 305 940 tebram
330 866 613 963 circumspiciam
637 889 676 936 se
692 865 829 939 interim
845 865 962 962 plebis
981 881 1056 942 acta
1080 864 1348 962 speculaturum
1368 865 1480 942 blan-

164 985 341 1084 ditiasque
369 995 431 1064 irae
451 989 529 1087 ejus
543 993 795 1086 oppositurum
814 989 990 1084 promittit.
1018 987 1127 1080 Quod
1144 991 1173 1062 si
1189 987 1305 1085 plebis
1323 991 1481 1062 animum

163 1111 326 1210 mitigare
350 1114 547 1208 nequisset,
584 1127 679 1186 tanto
706 1125 786 1186 aute
801 1108 837 1184 id
855 1113 929 1207 regi
955 1113 1283 1206 pronunciaturam,
1308 1127 1481 1208 qnantum

162 1231 260 1330 lagae
283 1233 503 1331 occupanda
536 1247 589 1309 sat
609 1249 709 1308 essee
771 1231 926 1308 Consilio
951 1233 1234 1330 obtemperatum
1260 1247 1320 1307 est.
1380 1237 1481 1311 Tunc

163 1355 317 1446 lllacco,
338 1359 469 1432 aranea
484 1356 679 1454 legatione,
703 1357 847 1432 sinistris
865 1353 1010 1454 plebem
1026 1357 1164 1431 monitis
1183 1353 1369 1453 palpitans,
1384 1381 1479 1430 con-

161 1475 326 1556 ciliandae
351 1479 472 1579 madae
502 1477 586 1552 loco
626 1477 747 1552 odium
789 1481 863 1575 regi
893 1480 1088 1576 impensius
1120 1481 1228 1556 struit.
1300 1481 1480 1564 Hortatur,

161 1623 276 1696 quarn
300 1599 484 1678 celerrime
501 1600 688 1677 calumniae
704 1615 885 1672 auctorem
901 1617 1091 1698 occupent,
1117 1627 1182 1674 nec
1202 1599 1368 1700 fugacem
1385 1601 1481 1682 elabi

162 1724 384 1820 permittant3
413 1727 688 1822 oppressionum
705 1720 860 1798 vindices
877 1739 1077 1820 tyranuum,
1092 1750 1162 1798 non
1182 1751 1303 1824 regem
1326 1723 1480 1801 fastidire

163 1865 443 1938 commemorat;
467 1871 588 1922 carere
603 1834 720 1943 culpa,
741 1845 846 1942 qnod
862 1843 1052 1919 honestatis
1071 1847 1293 1924 aemulatione
1309 1851 1480 1924 commit-

161 1971 245 2040 titur
252 1997 266 2065 5
297 1970 421 2065 patriae
447 1985 579 2044 tutores
600 1969 747 2066 perinde
767 1994 809 2042 ac
832 1968 965 2064 pietatis
987 1969 1162 2044 ministros
1176 1969 1365 2066 parricidio
1381 1973 1480 2060 exui;

161 2093 344 2188 priamum
365 2091 492 2168 abesse
518 2094 664 2184 crimen,
689 2091 751 2166 ubi
770 2089 925 2189 publicae
938 2088 1103 2166 libertatis
1120 2092 1270 2169 vindicta
1291 2099 1481 2194 peragitur.

163 2217 339 2289 Praeterea
374 2217 590 2292 miserrimos
622 2216 729 2311 coepti
753 2215 891 2300 irritos,
923 2231 1108 2310 compotes
1149 2215 1366 2290 felicissimos
1391 2216 1480 2295 fore.

163 2340 228 2411 His
247 2354 357 2435 atque
372 2339 612 2414 consentaneis
632 2335 747 2410 modis
765 2335 933 2414 solicitata
951 2338 1085 2434 inregis
1101 2362 1222 2412 necem
1242 2337 1392 2436 populo,
1407 2338 1480 2412 ad-

163 2485 308 2537 vemum
328 2462 538 2535 immerentis
560 2474 669 2556 caput
691 2459 851 2536 funestos
875 2461 1031 2533 omnium
1060 2477 1206 2534 conatus
1221 2467 1338 2552 ereait,
1364 2487 1481 2560 eaque

164 2585 302 2656 actione
329 2597 586 2658 consternatam
609 2582 760 2657 arneutia
784 2579 926 2678 plebem
955 2579 1059 2656 veluti
1086 2582 1201 2656 furiali
1226 2583 1383 2680 quadam
1402 2585 1480 2660 iace

162 2706 366 2798 succendite
390 2711 579 2802 statimque
592 2705 746 2801 impetus
762 2705 879 2793 crevit,
906 2703 968 2778 ubi
984 2703 1195 2779 hortatorem
1212 2705 1347 2778 babere
1362 2709 1479 2805 coepit

162 2833 289 2926 Neque
302 2833 394 2902 enim
411 2831 594 2904 temeritati
610 2831 687 2926 ejus
707 2831 936 2903 constantiam
956 2852 1057 2902 suam
1076 2825 1215 2925 objecit,
1241 2829 1303 2903 sed
1323 2829 1478 2926 publicae

160 2979 245 3027 sese
261 2951 449 3026 dementiae
466 2969 647 3026 auctorem
662 2953 829 3049 ascripsit.
881 2953 990 3047 igitur
1006 2952 1175 3025 incientior
1192 2949 1370 3029 seditionis
1385 2979 1477 3050 pro-

162 3074 256 3150 cella
283 3074 446 3173 pestifera
464 3077 543 3172 ejus
559 3077 730 3148 concione
748 3073 920 3166 efferbuit,
944 3075 1157 3172 graviorque
1181 3079 1394 3171 tempestatis
1417 3079 1479 3150 in-

161 3214 347 3272 centorem
365 3215 478 3272 nactae
497 3197 670 3272 tumultus
689 3201 813 3295 erupit.
875 3197 960 3272 lade
983 3221 1149 3272 reversam
1170 3200 1386 3294 pacatiorem
1404 3225 1480 3296 po-

162 3321 244 3422 puli
258 3325 415 3396 animum
429 3323 591 3416 nunciat3
614 3321 717 3394 larcile
731 3320 1021 3394 consternationis
1048 3317 1242 3416 procellam
1266 3324 1479 3420 acquiesce-

161 3471 217 3534 re,
233 3450 262 3518 si
279 3471 341 3518 rex
354 3449 443 3518 iram
464 3460 588 3518 mutuo
615 3443 796 3542 deponere
821 3447 962 3539 reisque
983 3467 1127 3540 poenam
1144 3448 1317 3520 remittere
1338 3443 1479 3520 voluis-

162 3583 230 3641 set.
282 3571 399 3660 Quem
416 3593 477 3642 rex
492 3566 607 3640 fidum
628 3566 810 3664 legationis
826 3567 1024 3638 ministrum
1040 3582 1155 3656 ratus,
1189 3565 1317 3664 regalis
1335 3574 1480 3666 magni-

160 3689 314 3764 fioenaae
336 3692 500 3764 cousinio
522 3691 668 3786 excipit,
698 3687 966 3787 malignumque
990 3715 1065 3764 sues
1089 3690 1224 3786 pietatis
1255 3693 1479 3788 interpretem

161 3811 270 3886 donia
295 3815 533 3912 prosequitur.
587 3813 789 3910 Utrobique
815 3815 927 3908 gratia
950 3812 1110 3910 perfidiae
1135 3813 1255 3889 habita
1278 3829 1340 3886 est.
1389 3817 1480 3887 Nam
1513 3787 1519 3800 .

162 3933 306 4028 Blacco,
320 3933 452 4010 alterna
468 3951 586 4034 partes
602 3937 678 4009 vice
694 3933 850 4024 sabiane,
860 3953 1030 4032 corrupto
1053 3934 1234 4036 legationis
1247 3935 1388 4028 allido,
1412 3961 1479 4032 pro

160 4059 358 4132 mediatore
385 4058 603 4158 proditorem
629 4083 733 4157 agere
749 4056 867 4151 empit,
889 4071 998 4153 atque
1019 4083 1061 4134 ex
1087 4060 1312 4159 speculatore
1337 4035 1496 4135 sceteus‘

158 4183 327 4256 hortator
349 4185 472 4270 erasit,
495 4183 631 4256 sinistre
653 4183 767 4280 regis,
797 4175 887 4253 salso
905 4177 1020 4276 plebis
1041 4189 1198 4258 animum
1225 4183 1480 4282 interpretatus·
1561 4271 1566 4280 Ι

158 4311 216 4381 lta
230 4305 376 4404 pellacis
393 4309 459 4378 viri
476 4303 711 4392 mendacium,
722 4300 905 4400 legationis
921 4303 1023 4378 titulo
1039 4306 1252 4398 insolutum,
1267 4332 1388 4406 regem
1406 4332 1479 4405 pa-

158 4435 252 4504 riter
269 4455 311 4502 ac
328 4428 506 4530 populum
521 4425 651 4516 lesellit,
673 4423 779 4514 hune,
793 4449 839 4496 ne
853 4426 1093 4500 imminentem
1121 4432 1260 4522 vitaret,
1287 4431 1388 4504 illum
1401 4451 1420 4519 ,·
1434 4453 1479 4502 ne

211 4741 340 4800 'Blasco
353 4733 484 4822 quidam]
501 4737 547 4796 De
559 4751 689 4818 musana
705 4729 864 4794 Blaccouia
881 4729 939 4791 rid.
954 4745 1006 4794 not
1025 4732 1108 4800 uber.
1216 4725 1220 4732 ⁹
