3524 5460
5 389 7 466 p
687 313 849 385 affictis
866 315 921 384 lll.
1323 319 1398 392 titia

5 533 6 608 j
137 521 343 607 meroem&
369 517 470 615 apud
485 517 670 616 improbos
690 545 835 617 poeoam
851 529 1031 618 persensit.
1082 529 1234 624 Magnus
1251 551 1346 614 vero,
1372 551 1444 601 ooo

84 632 94 655 ”
136 657 210 714 tam
229 641 338 714 animi
353 641 481 714 virtute
511 665 625 738 quam
660 648 822 740 corporis
847 642 1030 727 debilitate
1052 649 1274 725 continentiae
1294 647 1445 749 religio-

133 787 216 836 nem
232 761 430 860 amplexus,
455 762 502 835 de
513 781 694 864 sceptrato
708 765 909 842 cucullatus
924 773 1044 842 evasit.

266 889 401 958 interea
424 888 562 978 Ericus,
584 890 771 986 quaesitam
795 891 903 964 armis
926 915 1053 987 pacem
1074 893 1216 988 justitiae
1231 901 1446 970 ornamentis

134 1007 298 1082 excolere
323 1010 485 1108 cupiens,
509 1009 671 1084 conditas
694 1035 716 1082 a
741 1011 941 1109 majoribus
962 1011 1061 1112 leges
1086 1037 1128 1086 ac
1149 1030 1235 1088 tunc
1256 1041 1361 1112 paene
1383 1023 1444 1091 in-

133 1131 227 1230 genti
242 1129 424 1205 bellorum
448 1148 656 1230 tempestate
682 1134 876 1209 subversas
902 1133 950 1206 ad
973 1136 1105 1232 pristini
1130 1137 1262 1234 vigoris
1284 1135 1445 1212 habitum

133 1255 327 1344 revocavit,
353 1269 465 1352 utque
481 1253 684 1328 sortiardine
708 1255 842 1348 luerat,
873 1258 921 1330 ita
943 1257 1075 1354 justitia
1100 1259 1245 1356 insignis
1270 1262 1445 1358 apparuit.

132 1381 312 1475 Irrogatas
333 1377 532 1454 minoribus
555 1379 702 1476 injurias
718 1380 946 1476 superiorum
962 1377 1145 1478 suppliciis
1167 1379 1362 1478 pensabat,
1384 1383 1445 1454 ni-

134 1501 260 1598 hilque
277 1499 503 1574 familiaritati
524 1515 586 1574 aut
608 1500 855 1576 necessitudini
879 1525 1048 1598 parcens,
1081 1518 1144 1576 aut
1171 1503 1267 1575 lerro
1299 1521 1361 1576 aut
1383 1503 1444 1576 la-

134 1647 232 1722 queo
246 1621 485 1699 inconsultam
503 1625 684 1721 majorum
700 1626 880 1698 avaritiam
895 1621 1101 1723 castigabat.
1170 1627 1251 1718 Quo
1269 1625 1389 1700 studio
1411 1642 1446 1698 et

135 1747 339 1844 principum
355 1742 440 1818 odia
464 1761 500 1818 et
515 1744 635 1843 plebis
653 1745 828 1844 obsequia
841 1749 1026 1836 contraxit,
1042 1750 1245 1844 evenitque,
1262 1763 1302 1820 ot
1319 1765 1355 1820 ct
1371 1774 1446 1845 po-

5 1889 7 1916 t
136 1869 291 1942 tentibus
307 1866 564 1942 formidolosus
591 1885 626 1940 et
653 1867 892 1966 popularibus
906 1893 1078 1967 percarus
1092 1871 1287 1944 existeres.
1347 1868 1446 1942 ldem
1556 1917 1561 1932 ·

132 2017 256 2066 rerum
274 2015 294 2062 a
312 2015 352 2067 se
367 2005 549 2088 gestarum
564 1991 731 2064 virtutem
746 1994 850 2066 tantis
869 1990 1039 2066 laudibus
1059 1995 1230 2090 prosequi
1244 2018 1446 2068 consveve-

135 2133 200 2204 rat,
224 2131 267 2190 ut
295 2119 367 2188 ueri
383 2111 561 2186 interdum
578 2112 685 2188 fidern
705 2113 901 2188 excederet.
963 2112 1080 2188 Semel
1097 2140 1245 2213 qnoque
1269 2119 1366 2189 Erici
1381 2141 1445 2190 sa-

133 2239 189 2313 lus
212 2237 370 2312 satellitis
387 2238 467 2333 ejus
490 2239 629 2310 somnio
653 2253 794 2312 smvata
819 2234 994 2334 proditur.
1069 2241 1159 2310 Nam
1181 2261 1266 2311 cnm
1290 2263 1333 2312 ex
1356 2239 1446 2314 freto

136 2361 345 2436 Slesvicensi
367 2359 582 2434 Sialandiam
604 2376 725 2458 petere
755 2369 951 2451 statuisset,
992 2360 1141 2458 quidam
1165 2377 1355 2435 nautarum
1379 2385 1447 2458 per

134 2487 296 2582 quietem
311 2485 531 2575 existimavit,
555 2509 622 2580 per
645 2481 780 2556 inculta
805 2484 976 2558 montium
991 2484 1077 2584 juga
1094 2482 1229 2558 lascivo
1248 2481 1446 2558 admodum

134 2633 232 2708 equo
246 2633 286 2682 se
300 2605 472 2705 provehi,
498 2631 618 2705 eoque
642 2608 789 2689 cursauit
803 2608 940 2697 citante,
954 2612 1043 2678 inter
1057 2606 1200 2680 vallium
1216 2630 1329 2704 opaca
1343 2631 1445 2704 prae-

133 2733 322 2830 cipitaturn
340 2729 474 2805 crebris
496 2745 711 2806 noctuarum
727 2727 912 2827 unguibus
928 2726 1062 2802 laniari.
1122 2728 1229 2824 Quod
1243 2754 1326 2802 cum
1341 2753 1446 2800 mane

134 2879 203 2952 per
217 2857 343 2952 jocum
360 2850 547 2930 sodalibus
572 2851 763 2944 retulisset,
795 2855 931 2940 Ericns,
955 2875 997 2924 ea
1015 2853 1151 2926 visione
1172 2851 1280 2926 veluti
1297 2849 1447 2948 periculi

134 2977 390 3075 praemonitus,
414 2999 460 3048 nc
482 3001 567 3050 enm
589 2981 822 3076 navigationis
846 2981 1010 3048 comitem
1032 2973 1202 3064 haberet,
1227 2979 1262 3046 in
1283 2971 1380 3046 aliud
1404 2995 1446 3046 ae

134 3101 317 3198 navigium
332 3097 490 3188 contulit,
510 3123 631 3196 coque
643 3114 753 3184 tutus,
773 3103 879 3172 sociis
892 3097 1080 3197 naufragio
1095 3095 1340 3194 pereuntibus,
1354 3119 1445 3196 per-

136 3225 275 3312 mansit,
301 3220 512 3319 lactatosque
530 3236 594 3312 est,
606 3220 708 3320 quod
723 3221 876 3296 salntem
891 3245 995 3296 suam
1010 3218 1133 3294 alienae
1146 3225 1208 3294 rati
1223 3241 1336 3318 quam
1351 3245 1446 3318 pro-

136 3351 223 3443 priae
242 3342 388 3418 credere
405 3343 596 3420 maluisset
693 3397 705 3406 -

183 3617 192 3650 ¹
206 3615 306 3697 Quum
318 3617 427 3676 nirenta
445 3615 657 3674 venerationem
670 3637 764 3675 meru·-
822 3617 938 3676 macerat
944 3637 957 3686 ,·
968 3615 1125 3696 flentibus,
1141 3620 1170 3677 si
1180 3617 1253 3700 quid
1273 3617 1446 3678 videbantur

137 3714 206 3798 erit]
216 3716 434 3780 Crudelitatem
442 3737 513 3800 erga
521 3696 664 3802 Magnum
676 3739 761 3784 exer·
820 3720 936 3790 labere,
950 3722 1259 3794 adstulit,ltcdcntr'bns
1270 3740 1299 3784 et
1315 3726 1389 3784 orale
1406 3728 1446 3784 νὶ-

137 3823 227 3886 οῖιιω
249 3823 376 3886 historia
395 3843 504 3906 regum
522 3827 762 3910 Nnrregicorum
823 3827 1087 3912 &attbmsparsic
1129 3826 1258 3918 Quaado
1279 3825 1446 3890 ndioEricl

137 3942 278 3994 accurate
300 3927 460 4008 describit,
486 3929 540 3994 sed
556 3929 594 3994 de
609 3934 764 4016 magnani-
819 3943 926 3996 muira
942 3933 1067 3996 emulos
1087 3931 1137 3996 hic
1155 3934 1307 4018 leguntur,
1326 3931 1446 4016 conspi-

138 4037 242 4100 tnitate
257 4036 361 4099 militis
374 4047 464 4100 tacet.
821 4052 891 4102 rant
912 4061 980 4101 cum
1004 4039 1177 4101 narratione
1201 4039 1343 4117 Saxonis3
1376 4039 1445 4100 ulti-

183 4145 413 4230 ²P⁰ptdnrabus
439 4169 582 4230 percarus
614 4143 764 4222 existeret]
823 4169 871 4208 ma
885 4165 957 4208 vero
979 4145 1017 4208 de
1038 4145 1103 4230 ejus
1125 4145 1282 4228 iprannide
1305 4145 1368 4208 sire
1390 4167 1445 4230 po·

138 4255 244 4334 longe
266 4249 355 4315 aliam
369 4248 413 4324 ‚de
440 4249 659 4334 gubernatione
682 4250 764 4312 lirici
822 4253 880 4314 tius
900 4251 938 4314 de
959 4252 1056 4316 omnis
1085 4253 1209 4336 justitia
1227 4251 1371 4334 despectu
1392 4249 1447 4315 ali-

135 4357 320 4422 seoteatiarn
339 4355 461 4439 profert
484 4359 659 4436 Ancus-mus
684 4359 765 4420 Ros·
822 4377 877 4419 ena
892 4355 1034 4421 ridentur
1051 4359 1089 4420 ab
1104 4348 1137 4422 ea
1148 4357 1307 4422 seueritate
1322 4357 1437 4440 ingenii

140 4463 282 4529 bildensis
296 4463 345 4526 bia
358 4462 457 4527 serbis
473 4461 599 4546 (Script.
614 4481 672 4524 rer.
685 4465 764 4526 Dan.
822 4484 882 4546 qna
894 4463 1041 4546 praeditos
1058 4479 1122 4529 erat
1136 4466 1253 4530 Ericut.
1300 4463 1446 4549 Superbi-

142 4565 350 4655 vol.‚1p·385):
361 4574 547 4656 Hericusper
555 4572 690 4630 omniunt
700 4570 762 4630 Coe-
822 4592 870 4633 anr
884 4571 965 4654 regis
982 4583 1013 4632 et
1026 4569 1218 4638 ferocitatem
1235 4593 1308 4658 erga
1324 4593 1446 4656 magna·

142 4679 320 4762 acrsoetur,
335 4680 432 4741 omnib
449 4677 599 4740 obstacula
611 4697 766 4761 supernas,
822 4687 868 4738 tes
882 4675 1035 4758 voluntati
1055 4675 1121 4760 ejus
1136 4677 1216 4740 baud
1233 4678 1444 4762 obtemperan-

141 4785 370 4870 muoparon,
380 4783 491 4844 uallum
504 4783 562 4844 ribi
570 4787 700 4868 priorum
713 4805 764 4844 ao·
823 4794 868 4844 tes
896 4771 978 4846 taxat
1002 4781 1129 4848 historia
1151 4784 1384 4868 Iluytliogorum
1413 4805 1444 4864 p.

140 4889 212 4962 lens,
213 4893 374 4976 peremnia
387 4889 621 4962 asrielitarum
625 4890 766 4973 salmuris
822 4884 891 4952 3⁴6.
