3524 5460
269 294 271 300 ·
306 291 454 364 sveno
472 292 532 362 rm
559 290 767 364 canorus
785 289 825 362 v.
857 291 1184 364 wauouuaaus
1210 265 1238 360 1.'
1307 293 1383 382 ¹ros
1479 311 1481 316 ¹

128 518 221 577 tantae
236 503 315 600 ejus
341 499 534 600 dignationi
556 501 687 597 gratias
709 497 867 592 habens,
893 499 972 576 aede
994 499 1147 594 excedit,
1172 525 1192 572 e
1215 500 1436 598 vestigioque

15 681 16 692 ,
126 647 298 722 regressus
322 625 452 724 exiguo
474 623 599 720 capitis
624 638 724 696 motu
753 625 954 696 Sveuonem
979 623 1136 696 accersit.
1208 627 1323 718 Quem
1346 623 1437 723 signi

15 789 17 860 ᾖ
125 765 188 820 tam
201 745 339 820 latentis
364 747 530 846 ignarum
560 748 769 837 Canutus,a
793 743 967 819 Tbetlevo
983 761 1161 836 vocatum,
1180 745 1317 820 edocet
1368 749 1436 820 Cui

15 889 16 950 ξ
125 894 198 942 eum
229 865 424 942 Thetlevus
455 869 678 966 exsurgenti¹
715 864 905 964 paululum
935 869 1206 956 insusurrasset,
1255 886 1437 967 quotquot

15 1049 17 1064 s
124 993 369 1068 Srcnoniarom
395 991 549 1087 partium
562 987 715 1078 affuere,
743 992 793 1064 eis
811 991 847 1062 in
864 988 1087 1086 colloquium
1108 989 1271 1082 admixti,
1297 990 1435 1066 collatis

124 1115 154 1187 in
175 1114 300 1202 orbem
326 1110 522 1210 capitibus,
565 1112 692 1184 nemini
726 1113 955 1186 remotiorum
981 1110 1203 1184 exaudienda
1228 1112 1436 1186 tractabant

125 1241 218 1310 'lunc
235 1239 406 1326 Canutus,
421 1231 569 1333 perinde
584 1257 626 1306 ac
642 1231 848 1308 insidiarum
858 1239 1042 1331 prescius,
1057 1231 1326 1310 Waldemarum
1341 1235 1435 1308 bra-

123 1357 203 1432 chiis
230 1371 447 1432 attrectatum
472 1355 600 1430 osculo
619 1357 753 1454 petivit.
807 1359 959 1430 Causam
980 1353 1231 1448 blandimenti,
1258 1384 1343 1432 oum
1362 1364 1436 1432 mi-

127 1485 213 1556 nime
240 1486 291 1556 sic
303 1505 342 1554 se
360 1475 445 1552 alias
460 1502 584 1580 gerere
601 1481 840 1570 consueverit,
875 1477 924 1552 ab
940 1503 1007 1567 eo,
1042 1479 1101 1552 cui
1118 1477 1280 1554 osculum
1295 1479 1435 1574 tulerat,

119 1607 370 1703 iuterrogatus,
395 1607 599 1698 suppressit.
652 1605 788 1676 Interea
810 1603 941 1690 Saeuo,
958 1599 1088 1674 relictis
1104 1602 1140 1672 in
1161 1601 1241 1676 tede
1255 1601 1435 1694 militibus,

121 1753 183 1827 per
199 1728 375 1825 posticum
392 1727 427 1798 in
441 1723 614 1798 conclave
630 1723 782 1816 divertit,
814 1740 997 1822 praeeunte
1011 1747 1125 1822 puero
1138 1713 1281 1799 luminis
1295 1725 1435 1824 gerulo.

118 1855 197 1924 Mox
212 1851 251 1922 iu
265 1851 442 1920 Canuturn
460 1861 494 1920 et
508 1844 777 1920 Waldemarum
794 1871 814 1918 a
830 1845 1033 1922 subornatis
1052 1844 1187 1920 ferrum
1199 1845 1437 1947 destringitur.

119 1971 186 2044 Sed
206 1969 455 2044 waldemarus
473 1993 585 2068 ocyus
601 1966 686 2044 sede
709 1967 855 2042 exiliens
880 1993 1026 2042 manum
1050 1968 1204 2043 amiculo
1224 1968 1433 2044 obvolutam

117 2121 188 2168 non
204 2091 321 2170 solum
337 2089 522 2190 applicatis
535 2092 642 2190 capiti
656 2113 724 2182 suo
742 2089 869 2191 gladiis
893 2091 1047 2192 objecit,
1079 2089 1262 2166 sedetiam
1281 2091 1435 2168 Thale,

118 2243 203 2292 vum
236 2218 356 2290 acrius
386 2221 423 2288 in
446 2239 486 2288 se
514 2231 678 2288 ruentem
703 2218 857 2312 pectoris
882 2211 1042 2313 impulsu
1064 2212 1166 2288 humi
1191 2216 1435 2312 praecipitarit.

121 2345 214 2416 Cutu
236 2366 311 2438 quo
327 2339 460 2436 pariter
477 2338 604 2434 etipse
633 2335 815 2436 collapsus
848 2335 968 2410 lemur
985 2361 1095 2435 quam
1112 2337 1319 2438 gravissime
1344 2362 1434 2412 sau·-

116 2465 231 2538 ciatus
248 2467 334 2538 est².
393 2465 439 2534 At
453 2459 518 2534 ubi
531 2462 687 2558 primurn
707 2458 863 2560 pedibus
879 2484 918 2534 se
937 2463 1094 2559 excepit,
1128 2463 1262 2560 recepti
1275 2459 1434 2538 vulneris

166 2733 260 2800 'Cal
284 2759 348 2798 eum
382 2733 539 2796 'listleuas
564 2729 749 2816 exsurgenti]
806 2727 887 2792 vallo
905 2726 1123 2796 waldemarus
1150 2729 1256 2794 ludum
1278 2731 1433 2798 schacohi·

115 2845 197 2906 Haee
217 2851 306 2904 autor
337 2837 483 2902 Historiae
510 2835 746 2922 lluytllugorunt
805 2831 873 2900 datu
887 2833 1053 2920 inceperat.
1094 2837 1221 2900 Dixerat
1238 2835 1361 2922 quidem
1379 2844 1433 2904 Sa·

113 2947 223 3032 paullo
239 2943 363 3009 brerius
384 2944 427 3008 ita
448 2956 570 3008 enarrat
587 2943 633 3030 (p.
652 2939 748 3024 366):
803 2961 855 3022 xo,
867 2940 1037 3006 tabulatum
1062 2939 1223 3007 adludunt
1246 2945 1433 3010 calculorum

116 3055 193 3117 Cura
218 3056 353 3140 plerique
385 3054 520 3114 comitum
551 3051 673 3114 duorum
701 3075 747 3114 re·
805 3046 886 3111 haud
902 3045 1032 3112 adluisse
1058 3049 1089 3112 iu
1108 3048 1257 3130 triclini03
1278 3047 1338 3114 boc
1360 3071 1432 3116 tero

110 3183 186 3244 gum
203 3160 361 3222 triclriu'um
384 3159 578 3240 reliquissent,
599 3160 748 3240 ingressus
804 3175 867 3218 non
889 3151 1035 3238 impedit,
1057 3175 1118 3242 quo
1140 3156 1239 3220 minus
1262 3156 1432 3222 tabulatum

113 3283 159 3328 ess
187 3265 339 3328 listleuus
358 3265 467 3326 Edlari
481 3260 647 3342 (Etheleri)
664 3263 748 3346 filias
802 3259 1023 3342 schacchicurn,
1044 3261 1082 3327 ab
1096 3263 1183 3330 alreo
1205 3265 1319 3330 lusorio
1335 3264 1434 3330 direr-

112 3393 182 3438 cum
200 3369 458 3443 intaminatis,
477 3385 507 3434 et
531 3372 647 3453 st'grtum
666 3369 748 3430 dedit
805 3387 882 3448 sum,
909 3367 1002 3432 luerit
1020 3369 1051 3430 in
1065 3383 1200 3454 promtu.

111 3477 254 3538 &enati
266 3477 322 3538 Jtte
335 3499 458 3560 surgens
470 3501 534 3539 cum
548 3481 586 3538 it's
596 3477 750 3563 paulaltott
851 3479 980 3539 ²Femur
1001 3481 1152 3540 sauciasse
1182 3474 1240 3559 est]
1260 3477 1360 3540 butor
1387 3475 1433 3539 bi·

109 3585 232 3646 locutas
245 3600 289 3646 est
302 3605 371 3644 uoce
393 3581 558 3660 submissae
574 3580 749 3644 &audeone
788 3580 912 3656 ,stortae
947 3581 1182 3666 llnytlingorum
1226 3582 1269 3646 ita
1314 3584 1432 3668 pergit:

108 3713 183 3751 cum
207 3693 244 3751 iis
255 3691 329 3750 exiit
346 3705 376 3750 et
403 3691 434 3749 in
454 3689 537 3750 domo
555 3689 681 3772 quadam
699 3687 748 3750 de·
806 3687 879 3750 Cum
897 3689 1048 3751 Tlrstleuas
1065 3706 1095 3749 et
1113 3694 1188 3750 socii
1207 3695 1313 3752 ostiam
1338 3695 1433 3753 sistro·

20 3789 23 3792 ¹
106 3795 209 3857 litut.
239 3791 301 3856 sed
313 3793 478 3868 Pletletrus,
494 3793 563 3856 Tolo
580 3795 751 3876 Hernmiugi
803 3809 920 3863 uerunt,
942 3793 1076 3856 canutus
1095 3795 1138 3856 ad
1147 3796 1373 3858 Waldemarnm
1388 3818 1433 3857 re·

96 3899 218 3980 filius,
244 3899 393 3984 lagonas
418 3899 524 3964 liver‘sa
549 3901 656 3982 aliique
678 3899 748 3962 Soe-
801 3905 898 3986 spexit
914 3919 1031 3984 sumque
1050 3901 1234 3962 deosculatas
1249 3917 1304 3962 est.
1341 3901 1432 3962 Wol-

102 4007 206 4066 rsonis
219 4004 359 4068 satellites
377 4005 524 4068 adierunt
537 4009 567 4066 in
582 4007 749 4068 triclinium.
805 4005 961 4077 demotus,
987 4007 1086 4068 ocrrlos
1106 4033 1126 4070 a
1147 4009 1216 4070 ludo
1238 4005 1320 4068 laud
1345 4007 1432 4082 delle·

99 4111 160 4175 Ibi
170 4109 390 4174 Watdemarus
407 4111 477 4174 ludo
501 4109 666 4174 schocelico
683 4135 747 4172 cum
804 4128 897 4182 cretes,
914 4117 1031 4194 rogavit
1048 4137 1126 4186 euru,
1147 4137 1200 4174 cur
1218 4113 1291 4174 adeo
1308 4113 1432 4176 blandus

97 4219 173 4281 alio
190 4217 311 4280 ludebat
317 4245 329 4291 ,-
342 4217 389 4280 iili
398 4239 466 4280 uero
478 4219 522 4280 od
534 4220 613 4280 lotas
630 4213 747 4278 sedebat
805 4213 887 4280 esset.
931 4211 1064 4282 Corratas
1082 4219 1244 4305 respondit,
1265 4239 1328 4278 eam
1347 4219 1432 4282 hocce

94 4325 264 4390 canutus.
307 4324 385 4386 Haee
398 4321 500 4388 omnia
518 4339 587 4386 oum
598 4321 746 4386 relatione
805 4347 872 4384 moe
886 4327 1104 4386 intellecturam.
1157 4325 1227 4384 Tam
1241 4325 1347 4386 milites
1361 4325 1430 4386 Soe-
1554 4397 1558 4408 ,

91 4424 249 4495 Saxonis
259 4425 336 4490 bene
344 4427 431 4514 jungi
438 4439 575 4514 possunt.
601 4429 679 4490 Nam
693 4427 749 4489 bo·
804 4432 889 4488 aonia
911 4433 1079 4514 irruperunt
1104 4433 1232 4502 armati,
1259 4431 1432 4514 gladiosque

88 4557 133 4599 ra
165 4514 234 4596 bel
254 4529 371 4618 integra
396 4534 445 4598 rel
470 4533 594 4598 dimidia
619 4531 747 4598 fortasse
805 4555 872 4594 moa
891 4538 1080 4618 strinxerunt.
1136 4535 1209 4596 Cum
1229 4539 1281 4598 ltoo
1304 4555 1432 4600 cerneret

86 4635 305 4725 praetet‘iita
325 4637 458 4704 discessu
482 4639 631 4706 &retronis
654 4659 748 4724 usque
805 4639 1030 4710 Woldemnras,
1044 4643 1198 4726 prosiluit,
1219 4643 1431 4726 cllamydt'que,

86 4745 141 4810 od
163 4741 343 4808 adtentum
362 4743 549 4826 carnificum,
572 4769 633 4836 quo
655 4746 748 4810 inter·
804 4767 860 4830 que
882 4745 1002 4806 indutus
1021 4764 1099 4818 erat,
1118 4751 1296 4835 complicato
1317 4771 1432 4810 monam

161 4865 239 4914 ω
252 4863 450 4918 ommni...
464 4871 523 4918 o...
809 4837 810 4842 '
1162 4853 1239 4948 (to)
