3524 5460
463 327 611 398 st'ssuo
635 327 691 397 lll.
742 329 1067 400 WALDEMARUS
1083 331 1107 400 l.
1317 331 1390 402 727

135 535 362 609 declinatione
381 513 627 636 percussorem
647 539 793 628 evitans,
814 543 942 628 tunica,
968 564 1041 636 qua
1066 541 1158 614 latus
1181 543 1262 638 ejus
1278 543 1440 638 proxime

132 651 328 756 tegebatur,
348 659 455 732 telum
470 663 617 757 excepit.
678 665 741 752 lta,
759 687 805 732 ne
822 663 966 734 Danieaa
985 663 1215 761 reparationis
1228 687 1313 760 spes
1327 669 1436 761 peni-

131 799 183 854 tue
203 777 417 874 elaberetur,
443 782 604 855 futurum
623 788 746 881 patriae
764 781 930 858 columen
957 785 1098 858 fortuna
1124 788 1289 858 serravit.
1350 785 1438 860 Inde

130 902 319 1003 digressus,
334 929 418 978 cum
432 907 467 976 io
479 909 609 978 llamsd
631 906 747 980 vicum
766 921 945 979 nocturno
961 908 1083 978 itinere
1098 909 1325 1004 pervenisset,
1339 925 1436 980 atto-

129 1031 236 1098 nitum
254 1023 413 1099 solitario
437 1029 516 1123 ejus
540 1027 697 1100 adventu
714 1026 891 1118 villicum,
917 1032 1110 1122 nunciatis,
1136 1055 1218 1126 quae
1244 1027 1436 1102 Roslrildiae

129 1147 326 1240 inciderant,
352 1173 457 1248 paene
469 1151 664 1222 exanimem
688 1149 851 1222 reddidit.
913 1153 942 1222 A
960 1177 1034 1248 quo
1052 1154 1231 1249 uegetiore
1244 1175 1342 1248 equo
1361 1147 1435 1220 do-

128 1289 237 1361 natus,
255 1275 411 1368 primum
427 1295 597 1364 sororem,
623 1297 733 1370 quam
750 1277 874 1346 Petrus
893 1272 1041 1370 quidam
1058 1275 1094 1347 in
1117 1275 1343 1346 matrimonio
1361 1269 1435 1343 ha-

93 1415 96 1420 ·
129 1395 244 1484 hebat,
269 1394 398 1467 deiude
415 1411 560 1468 matrem
582 1400 711 1492 petivit.
772 1399 862 1487 Quae
891 1423 972 1468 cum
997 1423 1039 1468 er
1068 1423 1111 1470 eo
1134 1403 1311 1470 Canutum
1333 1402 1434 1467 occi-

127 1543 214 1608 sum,
239 1517 507 1590 waldemarum
526 1543 612 1590 vero
628 1523 783 1618 graviter
798 1517 964 1590 allectum
981 1534 1180 1617 cognosset,
1195 1517 1277 1615 plus
1290 1541 1434 1592 moero-

128 1646 169 1712 ris
190 1657 235 1712 ex
251 1663 375 1712 eorum
394 1639 497 1712 clade
523 1665 633 1739 quam
651 1669 693 1714 ex
731 1643 792 1714 lilii
809 1639 1051 1715 incolumitate
1079 1639 1269 1738 voluptatis
1287 1657 1434 1712 coutra-

126 1764 176 1832 xit.
231 1765 366 1834 Interea
385 1759 646 1858 Waldcmarus,
671 1763 762 1838 duos
777 1763 948 1839 duntaxat
965 1791 984 1836 e
1008 1767 1081 1837 suis
1105 1791 1192 1838 casu
1208 1765 1353 1836 comites
1369 1787 1432 1836 as-

126 1899 281 1972 secutus,
322 1908 500 1983 gressum,
525 1885 668 1958 lemoris
697 1884 877 1960 debilitate
911 1905 1095 1988 negatum,
1142 1889 1222 1958 vitae
1244 1883 1434 1984 cupiditate

124 2011 292 2102 provexit.
345 2007 455 2104 Igitur
479 2006 661 2079 incedendi
681 2035 804 2096 usum,
823 2001 970 2082 'vulnere
985 2009 1227 2096 debilitatum,
1256 2035 1275 2078 a
1303 2029 1435 2080 neces-

125 2129 225 2202 sitatis
240 2125 407 2200 violentia
431 2145 611 2204 mutuatus
628 2149 691 2204 cst.
755 2133 855 2204 Adeo
879 2135 1041 2230 corporis
1063 2131 1208 2204 dolores
1230 2133 1335 2202 animi
1352 2154 1434 2202 me-

125 2269 174 2324 tus
192 2266 371 2333 eutcnoat.¹
422 2251 561 2324 Deinde
585 2257 793 2352 sequacium
821 2283 892 2354 ope
921 2281 1018 2354 equo
1045 2259 1250 2352 impositus,
1283 2257 1317 2322 in
1350 2276 1432 2323 eum

124 2375 209 2446 sorte
230 2375 350 2445 vicum
368 2397 451 2444 casu
470 2371 637 2448 ductante
656 2383 830 2476 pervenit,
856 2376 903 2448 ad
930 2403 1040 2476 quem
1056 2377 1209 2450 lurtuuae
1233 2377 1310 2473 ejus
1333 2401 1432 2446 nun-

123 2501 192 2570 cius
207 2493 369 2568 Absalon
392 2493 503 2592 paulo
523 2517 604 2570 unte
622 2515 862 2596 praecesserat.
932 2505 1049 2592 Quem
1063 2515 1255 2598 postquam
1273 2524 1316 2571 ex
1332 2479 1431 2568 villi—

122 2643 162 2690 co
184 2635 348 2692 recenter
364 2616 411 2688 ad
427 2635 575 2690 matrem
588 2599 797 2695 ⁴discessisse
823 2624 1003 2720 cognovit,
1021 2623 1162 2720 praeviis
1181 2619 1342 2693 locorum
1359 2641 1431 2716 pe-

121 2745 211 2830 ritis,
247 2747 431 2839 post'eum
456 2741 643 2814 contendit.
711 2741 812 2816 aueo
847 2769 1068 2842 corpoream.
1081 2747 1191 2842 ipsius
1218 2737 1432 2816 debilitatem

121 2859 275 2935 duratrix
290 2861 497 2937 infirmitatis
515 2861 683 2937 humanae
704 2870 889 2940 necessitas
901 2867 1135 2941 confortabat.
1188 2847 1273 2954 lllic,
1292 2889 1431 2962 procu·-

119 3002 191 3058 rato
210 2983 358 3060 volnere
388 2987 595 3086 femoreque
617 2989 726 3062 lascia
745 2989 1000 3088 circumligato,
1022 2992 1134 3066 noctis
1155 2989 1323 3088 reliquias
1342 3015 1432 3060 exe-

118 3112 199 3206 git¹.
255 3107 425 3184 Diluculo
437 3113 564 3204 Sveno,
572 3110 726 3185 collectis
742 3113 892 3207 civibus,
919 3115 1098 3188 nocturnis
1115 3111 1327 3186 aemulorum
1343 3111 1433 3186 insi-

120 3229 183 3304 diis
199 3234 404 3328 appetitum
421 3259 459 3306 se
478 3238 593 3332 queri,
619 3234 826 3326 amiculum,
841 3237 942 3336 quod
961 3235 1007 3310 de
1022 3235 1194 3309 industria
1212 3233 1431 3324 conluderat,

120 3353 326 3448 ostendere,
375 3360 554 3432 Canutom
585 3375 620 3431 et
656 3353 922 3432 Waldemarum
955 3357 1202 3460 hospitalitatis
1231 3355 1433 3446 violatores,

121 3480 310 3577 perjuros,
345 3477 516 3572 latrones,
551 3480 748 3580 parricidas
770 3481 975 3580 appellare,
1000 3487 1130 3582 gratias
1149 3483 1228 3552 Deo
1245 3479 1431 3579 replicare,

159 3798 167 3830 ¹
181 3797 291 3856 Nocto
308 3797 446 3880 reliquias
460 3792 571 3880 eregit]
584 3795 684 3858 Autor
699 3795 745 3858 hi·
808 3817 876 3880 rup,
899 3815 1014 3882 pagum
1027 3793 1087 3858 duo
1105 3793 1243 3856 milliaria
1265 3817 1281 3857 a
1300 3795 1430 3855 llamsoa

112 3897 217 3961 sturiae
240 3899 485 3984 lluytlingorum,
503 3903 744 3966 commemoratis
807 3899 1432 3984 distantem,)equitaruutiliquenonnullas

112 4005 197 4088 equis
227 4027 243 4064 a
276 4008 370 4069 Petro
396 4006 512 4069 'l'ltenia
543 4008 745 4090 Walderpero
806 4031 923 4070 suorum
955 4015 1038 4070 nacti
1065 4024 1133 4068 suut
1169 4009 1293 4067 caunites.
1352 4007 1431 4066 Hinc

110 4108 362 4192 subministratis3
375 4113 552 4200 vid.supr.),
566 4115 607 4178 ita
622 4115 744 4201 pergite
806 4119 979 4199 Fressmosa
994 4114 1089 4194 (nunc
1106 4115 1277 4188 Fciamose,
1290 4111 1431 4196 paludem
1494 4185 1500 4194 .

112 4218 248 4280 Ramsooe
268 4215 365 4297 (nuuc
384 4222 596 4306 Ramedmagle
621 4223 653 4284 iu
667 4245 743 4320 par·
804 4222 1006 4305 iuterhldrup
1021 4233 1051 4284 et
1065 4217 1232 4295 Steeulille,
1244 4239 1306 4280 nou
1322 4218 1432 4300 procul

111 4321 201 4386 achia
238 4323 395 4412 Gadetrup
431 4339 463 4390 et
502 4327 534 4389 in
583 4327 742 4412 toparchia
804 4326 953 4410 epraedio
969 4327 1141 4404 Fiuuesler,
1159 4322 1243 4408 quod
1254 4321 1431 4408 possederat

109 4429 236 4512 Remuli,
252 4452 346 4494 unum
365 4431 539 4496 milliarium
560 4431 742 4497 aRoaltildia
804 4443 891 4518 pater
909 4428 1090 4508 Absalonis,l
1107 4435 1282 4517 petiverunt.
1318 4433 1430 4494 Hiceis

107 4548 256 4616 remotae3
265 4535 427 4602 vidSuhm
438 4541 457 4602 l.
468 4559 494 4602 c.
505 4562 538 4626 p.
550 4535 625 4624 251)
636 4541 742 4602 aderat
803 4541 916 4600 odviam
931 4543 1009 4602 veuit
1029 4539 1190 4603 Ardt'oruus
1207 4537 1313 4607 Suasa,
1326 4537 1432 4621 stater

106 4643 242 4706 Adedou
264 4667 330 4708 curn
349 4649 460 4719 Petro,
495 4649 604 4710 sororis
620 4648 741 4718 marito,
802 4647 969 4716 Absuloois,
985 4647 1036 4728 qui
1049 4667 1159 4706 suturae
1174 4667 1222 4704 eos
1237 4642 1432 4706 dettedoleutict

22 4775 25 4792 ν
105 4751 151 4810 ita
183 4768 220 4812 ut
249 4751 295 4814 tic
324 4777 343 4815 a
371 4757 530 4816 carissimae
551 4756 741 4839 exequeretur.
800 4753 912 4836 excepit
932 4767 960 4814 et
982 4773 1066 4834 quam
1079 4753 1179 4838 potuit
1198 4754 1325 4813 maximo
1345 4753 1431 4812 auet'·

105 4855 223 4920 Omnes
238 4857 340 4923 demde
358 4861 401 4924 ad
411 4861 563 4946 Buatltorp
576 4853 741 4942 (ηιιῐιοΒο-
802 4859 841 4919 1ιό
851 4858 942 4940 juvit.
