3524 5460
382 311 459 388 644
711 307 886 381 HISTOR.
903 305 1009 377 DAN.
1024 305 1162 380 LIBER
1176 309 1266 382 Xlll.

331 531 622 622 cessu'pacatam
646 517 762 594 reditu
779 518 975 593 concitavit.
1033 521 1226 595 Enimvero
1248 521 1373 593 Ericos
1397 542 1440 592 ac
1458 517 1641 596 Haraldus

330 645 528 739 Nicolaum,
553 644 610 716 cui
626 657 771 714 eatenus
790 639 1053 716 indemnitatem
1076 639 1292 736 detulerant,
1324 657 1450 742 utpote
1465 666 1557 716 voce
1571 667 1646 717 sa-

331 771 516 870 crilegum,
540 763 685 840 consilio
703 763 936 862 parricidam,
968 762 1167 838 detestabili
1187 763 1264 838 filio
1289 761 1523 838 damnationis
1543 791 1640 839 con-

331 893 485 970 sortione
498 892 710 988 junxerunt,
735 886 871 962 scelere
895 913 1002 985 pares
1031 911 1140 986 poena
1163 883 1359 985 aequandos
1392 885 1641 962 existimantes.

329 1021 454 1114 Neque
469 1011 563 1085 enim
579 1009 728 1083 ulterior
745 1012 912 1108 jurationi
937 1011 1016 1107 ejus
1030 1007 1122 1082 fides
1135 1007 1258 1084 habita
1271 1025 1333 1100 est,
1359 1015 1421 1108 qui
1444 1011 1519 1108 jam
1533 1035 1639 1108 prae-

328 1161 483 1238 propera
502 1133 565 1206 filii
581 1112 806 1206 relocatione
830 1134 1064 1230 conspicuum
1089 1137 1222 1204 cunctis
1242 1135 1443 1232 perjurium
1460 1130 1639 1208 edidisset.

329 1265 526 1350 Verum,ne
540 1255 700 1354 populus
717 1255 816 1354 regio
832 1251 943 1327 ductu
957 1248 1227 1353 vacuusregem
1242 1256 1443 1345 incesseret,
1462 1253 1534 1328 sub
1552 1279 1638 1328 oer-

329 1391 374 1460 tis
398 1384 508 1481 signis
533 1377 682 1453 militare
704 1383 902 1467 constituit,
935 1373 1077 1475 fragiles
1095 1393 1246 1451 conatus
1268 1394 1303 1450 et
1326 1384 1499 1476 propositi
1522 1378 1639 1452 irritos

328 1504 504 1608 judicans,
521 1525 614 1601 quos
627 1500 727 1572 nulla
741 1497 843 1572 ducis
860 1500 1039 1597 auspicia¹
1060 1515 1321 1596 procurassent.
1372 1505 1498 1600 ltaque
1512 1525 1654 1600 regem·

329 1655 371 1703 cx
392 1640 556 1701 consveta
570 1629 794 1722 potissimum
808 1621 938 1695 familia
955 1628 1142 1722 petiturus,
1163 1625 1343 1720 praeterito
1363 1621 1532 1716 Haraldo,
1548 1627 1639 1696 Eri-

330 1779 386 1841 co,
406 1745 507 1848 quod
521 1745 607 1819 huic
620 1705 721 1844 dirpt
742 1745 854 1819 affinis
872 1760 972 1835 esset,
987 1761 1021 1817 et
1037 1769 1167 1818 nomen
1192 1761 1228 1817 et
1252 1747 1367 1844 regias
1390 1752 1485 1820 vires
1500 1745 1637 1822 suflra-

331 1879 396 1978 giis
413 1871 548 1946 detulit.
580 1937 583 1944 ,
598 1865 780 1965 Siquidem
797 1867 938 1940 facilem
953 1893 996 1942 ex
1012 1867 1068 1941 his
1082 1867 1290 1944 electionem
1309 1893 1451 1942 morum
1467 1869 1636 1966 inaequa-

268 1987 270 1990 ’
328 2000 408 2072 litas
422 1993 582 2069 faciebat.
632 1993 711 2062 Non
728 1989 844 2064 solum
862 1993 956 2063 enim
974 1992 1119 2064 avaritia
1134 1989 1289 2083 Haraldi,
1313 1988 1378 2063 sed
1400 1993 1503 2064 etiam
1520 1988 1636 2062 libido

217 2161 221 2182 ι
328 2121 468 2220 flagitiis
491 2115 660 2188 obsitas
682 2137 796 2212 regno
823 2113 945 2211 repelli
971 2113 1109 2185 meruit.
1172 2115 1282 2206 Huic,
1305 2112 1511 2212 conjugalia
1533 2135 1636 2185 sacra

329 2245 521 2341 spernenti,
552 2236 721 2332 frequens
746 2237 953 2309 concubinis
977 2235 1187 2309 cubiculum
1212 2238 1331 2310 extitit.
1389 2241 1532 2334 Quippe
1551 2260 1635 2308 ma-

326 2369 491 2440 trimonio
507 2383 579 2433 non
602 2373 803 2452 contentus,
835 2359 1009 2458 genialem
1029 2375 1147 2432 torum
1170 2358 1339 2458 pellicum
1362 2385 1430 2433 usu
1453 2358 1634 2458 pollutum

326 2485 462 2559 habuit.
512 2487 671 2576 Quarum
689 2497 812 2578 partus
828 2481 974 2581 singulis
987 2481 1211 2556 incunabulis
1227 2487 1360 2578 excepti
1378 2484 1469 2554 etin
1484 2482 1565 2557 aula
1581 2480 1632 2552 li-

327 2609 424 2681 heris
446 2622 600 2678 matrum
637 2601 761 2676 officiis
786 2603 927 2677 educati
964 2608 1062 2678 triste
1093 2623 1215 2702 nuptae
1240 2603 1489 2702 spectaculum
1520 2605 1630 2678 fuere.

316 2735 436 2829 ¹igitur
455 2727 504 2801 ob
518 2732 647 2799 invisos
666 2731 820 2822 parentis
837 2751 955 2800 mores
981 2745 1148 2825 suspecta
1174 2751 1322 2825 quoque
1336 2729 1521 2824 posteritas
1545 2741 1630 2816 erat,

323 2877 392 2939 nee
409 2847 527 2949 solum
544 2872 702 2946 praesens
717 2849 837 2946 patris,
862 2847 926 2921 sed
944 2852 1048 2922 etiam
1063 2849 1181 2924 futura
1195 2850 1388 2924 liberorum
1408 2847 1631 2921 metuebatur

323 2975 496 3070 impietas,
522 2971 623 3070 quod
641 2970 797 3044 filiorum
814 2971 962 3044 affectus
976 2975 1132 3069 paternis
1148 2971 1285 3046 soleant
1309 2974 1455 3072 ingeniis
1473 2995 1629 3068 respon-

324 3095 418 3166 dere.
479 3097 681 3192 Eapropter
703 3095 818 3166 cuncti
842 3095 889 3167 ab
906 3092 1063 3168 Haraldo
1079 3095 1202 3168 oculos
1225 3111 1436 3184 avertentes,
1467 3093 1631 3192 benignis

285 3197 290 3204 ἱ
322 3211 467 3292 Eri‘cum
484 3219 607 3314 animis
625 3219 801 3314 respicere
815 3215 1025 3289 maluerunt.
1058 3222 1152 3316 lpse
1169 3245 1267 3310 vero,
1280 3219 1363 3316 plus
1378 3217 1537 3316 propriae
1544 3241 1628 3288 mo-

323 3338 496 3412 derationi
514 3363 624 3436 quam
641 3337 755 3411 alieno
775 3338 890 3412 favori
904 3338 1162 3440 indulgendum
1177 3346 1395 3430 existimaus,
1420 3340 1580 3413 oblatum
1605 3363 1629 3412 a

232 3447 235 3455 Δ
322 3461 561 3560 popularibus
576 3459 751 3533 honorem
770 3486 909 3534 sumere
927 3465 1112 3555 recusavit,
1128 3481 1375 3537 ornamentum
1393 3467 1472 3562 ejus
1490 3461 1626 3536 viribus

323 3607 486 3684 quaerere
501 3609 726 3684 regnumque
742 3586 846 3658 armis
865 3611 1085 3683 praecurrere
1099 3589 1256 3684 cupiens.
1327 3587 1436 3685 Igitur
1450 3595 1485 3658 et
1500 3585 1626 3658 ultioni

320 3705 538 3781 studendum
565 3721 600 3778 ct
625 3707 774 3806 imperio
793 3725 872 3780 ante
895 3727 1033 3808 partam
1049 3712 1231 3784 victoriam
1250 3707 1498 3783 abstinendum
1514 3725 1628 3808 puta-

320 3834 381 3904 vit.
459 3834 511 3902 Ac
542 3834 697 3927 primum
713 3832 840 3906 lutiam
870 3835 1053 3934 imparatae
1085 3831 1336 3929 expeditionis²
1351 3831 1497 3906 ¹uiribus
1526 3835 1625 3928 petit.

320 3955 435 4045 Quem
452 3965 611 4024 contexta
627 3954 700 4025 acie
720 3955 975 4051 procedentem
991 3952 1150 4046 Thor0³,
1165 3956 1338 4054 Riparum
1348 3960 1501 4046 antistes,
1517 3970 1625 4028 'com-

318 4076 443 4172 positis
458 4071 619 4172 perfidiae
646 4080 853 4152 commentis
877 4079 1032 4176 excepit,
1063 4102 1240 4152 summam
1268 4079 1361 4178 regis
1385 4080 1627 4151 innocentiam

319 4195 530 4294 praedicans,
555 4221 713 4295 eumque
729 4199 913 4296 jurationis
930 4225 1005 4274 suae
1025 4198 1370 4296 tenorem'deinccps
1388 4217 1626 4274 executurum

318 4321 534 4415 promittens.
586 4317 714 4394 Verbis
730 4317 859 4392 deinde
881 4347 1049 4424 magnam
1062 4349 1138 4423 prae
1156 4349 1194 4399 se
1208 4326 1469 4395 excusationem
1483 4321 1626 4422 praele-

363 4556 477 4620 ιΝιιὶἱα
492 4559 575 4622 ducis
594 4559 739 4649 auspicia]
754 4561 937 4648 stephanius
1043 4562 1175 4646 whom]
1190 4541 1295 4628 Thero
1314 4563 1368 4627 ille
1387 4565 1469 4645 slve,
1494 4577 1530 4628 ut
1550 4561 1627 4628 alibi

316 4660 528 4746 perspicuitati
542 4667 701 4730 consulens
713 4667 829 4732 addidit
846 4671 937 4733 duca.
995 4671 1149 4750 scribitur,
1172 4669 1310 4749 Thurho,
1331 4671 1363 4732 in
1385 4670 1494 4756 praello
1515 4674 1629 4738 Furri-

363 4769 758 4858 ²Imparatoeexpedciiomb]
772 4775 938 4863 Apudste-
997 4778 1078 4840 censi
1091 4775 1243 4842 occubuit.
1285 4780 1344 4841 ⁴De
1363 4793 1399 4842 tto
1415 4775 1485 4844 ride
1507 4780 1630 4865 script.

316 4872 461 4958 pharium
475 4875 587 4962 legitur
601 4881 756 4968 imperate.
997 4881 1424 4970 rer.Dau.vol.Vllp.187.
1509 4873 1512 4884 '
