3508 5460
606 275 933 350 WALDEMARUS
951 279 975 348 l.
1292 347 1297 361 ,
1318 274 1392 352 827

7 489 9 494 ’
134 483 271 558 bellura
288 481 482 558 adversum
500 483 656 584 aliquam
671 488 894 584 provinciam
907 485 1041 582 suscipi
1056 481 1258 582 placuisset,
1284 502 1366 559 ante
1382 486 1445 558 fa-

136 633 221 680 nnm
237 605 364 705 triplex
386 605 569 680 hastarum
594 607 684 682 ordo
715 611 955 680 ministrorum
980 631 1092 704 opera
1110 606 1250 705 disponi
1273 606 1446 702 solebat1,
1472 593 1477 600 ⁶

136 737 170 803 in
187 728 527 830 quorumquolibet
552 730 645 802 binae
664 757 685 803 e
704 747 902 804 transverso
917 732 1067 830 junctae,
1099 735 1280 804 conversis
1305 734 1341 803 in
1366 750 1445 806 ter-

134 879 211 926 ram
228 851 450 952 cuspidibus,
475 835 689 951 figebantur,
714 852 842 950 aequali
863 855 1062 950 spatiorum
1085 852 1326 950 magnitudine
1341 854 1446 928 ordi-

135 995 200 1050 nes
215 976 426 1075 disparente.
477 973 535 1047 Ad
558 999 652 1073 quos
675 973 991 1072 equusductandae
1016 973 1246 1072 expeditionis
1271 993 1446 1076 tempore,

135 1100 274 1174 solenni
290 1099 498 1197 precatione
517 1099 718 1196 praemissa,
745 1122 766 1168 a
784 1096 970 1170 sacerdote
991 1122 1013 1169 e
1032 1095 1211 1171 vestibulo
1236 1123 1319 1170 cum
1344 1099 1446 1174 lora·-

136 1225 262 1295 mentis
278 1221 487 1319 productus,
512 1224 539 1295 si
557 1222 763 1318 propositos
779 1219 922 1292 ordines
945 1236 1026 1292 ante
1055 1217 1181 1293 (lextro
1217 1247 1327 1320 quarn
1352 1223 1446 1299 laevo

136 1343 231 1444 pede
255 1343 537 1436 transcenderet,
577 1343 731 1416 faustum
765 1341 909 1442 gerendi
935 1341 1021 1416 belli
1050 1367 1157 1415 omen
1187 1345 1447 1442 accipiebatur;
1504 1376 1508 1386 ·

135 1470 190 1542 sin
203 1468 333 1541 laevum
359 1467 418 1541 vel
433 1466 543 1542 semel
558 1465 679 1539 dextm
700 1463 929 1564 praetulisset,
954 1466 1118 1562 petendae
1140 1468 1334 1564 provinciae
1352 1495 1446 1568 pro-

137 1597 295 1688 positum
328 1589 542 1664 mutabatur.
606 1591 681 1661 Nec
709 1590 808 1686 prius
839 1605 934 1662 certa
966 1594 1146 1688 navigatio
1177 1589 1447 1689 praefigebatur,

137 1738 248 1808 quam
263 1718 328 1786 tria
345 1719 510 1788 continue
524 1714 844 1814 potiorislincessus
858 1711 1001 1812 vestigia
1018 1729 1253 1784 cernerentur.
1306 1712 1360 1786 Ad
1377 1739 1447 1788 va-

136 1841 188 1906 ria
207 1861 356 1934 quoque
371 1839 511 1934 negotia
528 1834 720 1934 profecturi
756 1860 799 1907 ex
824 1837 943 1934 primo
973 1832 1133 1910 animalis
1156 1861 1309 1909 occursu
1336 1853 1447 1910 voto-

137 1981 218 2028 rum
244 1962 404 2056 auspicia
428 1959 626 2058 capiebant.
679 1962 767 2051 Quae
788 1960 816 2030 si
840 1957 921 2032 laeta
939 1955 1103 2050 fuissent,
1129 1976 1286 2055 coeptum
1310 1958 1447 2036 alacres

139 2085 202 2152 iter
217 2081 430 2179 carpebant,
455 2087 508 2156 sin
528 2083 648 2173 tristia,
669 2081 802 2154 reflexo
819 2106 925 2154 cursu
941 2082 1088 2179 propria
1101 2083 1320 2178 repetebant.
1372 2089 1448 2158 Nec

138 2205 288 2276 sortium
311 2211 359 2278 eis
381 2228 468 2278 usus
492 2206 635 2304 ignotus
659 2209 782 2292 extitit3
815 2201 993 2303 siquidem
1023 2203 1134 2278 tribus
1152 2203 1237 2302 ligni
1255 2207 1447 2302 particulis,

139 2341 240 2422 parte
258 2325 369 2399 altera
395 2326 505 2416 albis,
537 2323 645 2401 altera
665 2329 794 2426 nigris,
819 2329 855 2398 in
882 2330 1057 2425 gremium
1084 2329 1233 2402 sortium
1253 2329 1334 2404 loco
1351 2359 1447 2406 con-

137 2451 251 2546 jectis,
276 2449 437 2524 candidis
451 2473 638 2550 prospera,
663 2450 775 2524 furvis
797 2448 945 2523 adversa
967 2450 1165 2548 signabant.
1218 2452 1349 2530 Sedne
1370 2454 1447 2529 loe-

137 2573 243 2644 minae
268 2571 414 2672 quidem
437 2572 484 2645 ab
507 2572 578 2646 hoc
604 2576 751 2648 scientiae
778 2597 909 2671 genere
935 2577 1111 2647 immunes
1138 2575 1248 2648 luere.
1306 2577 1448 2676 Quippe

137 2695 220 2768 loco
236 2695 432 2770 assidentes
446 2693 584 2792 absque
599 2699 852 2794 supputatione
868 2695 1032 2770 lortuitas
1049 2698 1083 2768 in
1100 2700 1217 2771 cinere
1240 2698 1351 2773 lineas
1376 2699 1448 2774 de-

132 2817 346 2892 scribebant.
399 2819 496 2910 Quas
521 2819 551 2890 si
575 2842 680 2916 pares
707 2836 966 2914 numerassent,
992 2843 1177 2919 prosperae
1203 2826 1253 2894 rei
1278 2800 1447 2920 praescias

138 3145 200 3206 dem
226 3145 486 3227 delr'geatr'ssriaum.
537 3143 639 3208 Etiam
661 3145 763 3206 Lenti·
820 3144 954 3208 busbaat
974 3141 1016 3228 (a.
1038 3147 1175 3226 Gruber,
1196 3145 1338 3232 Origines
1358 3150 1449 3215 Livo-

138 3251 195 3326 cii,
232 3263 309 3313 teste
333 3251 493 3314 Ditlrmaro
522 3251 764 3335 Mersebnrgensi
823 3252 883 3312 niae
901 3273 970 3336 pag.
994 3249 1035 3335 7).
1082 3254 1163 3348 Quin
1182 3254 1249 3318 laeso
1274 3260 1448 3342 superstitio

138 3351 269 3435 (Chaon.
298 3357 349 3420 lib.
377 3352 398 3418 6
425 3359 445 3420 l.
474 3359 533 3434 c.),
570 3358 607 3420 ed
636 3359 764 3422 eundem
823 3357 945 3441 populis
973 3359 1099 3422 Slavicis
1130 3383 1198 3424 cum
1229 3363 1386 3426 Germanis
1418 3377 1449 3426 et

138 3481 225 3524 mum
248 3483 369 3546 equum,
393 3465 444 3548 qui
466 3466 600 3527 omnium
621 3467 765 3528 maximus
823 3463 1019 3527 Scandiaavis
1049 3469 1215 3531 communis
1245 3466 1337 3531 luisse
1368 3469 1450 3533 vide·

137 3567 318 3647 habebatur,
344 3569 472 3633 Rhetrae
502 3569 623 3633 alebant
650 3585 681 3635 et
701 3585 767 3634 tan·
825 3582 885 3632 tur.
945 3571 1034 3665 Quod
1065 3569 1103 3634 ad
1135 3575 1301 3637 Germanos
1331 3577 1449 3650 attinet,

135 3697 229 3758 quarn
252 3695 370 3738 sacrrtm
395 3676 624 3740 venerabantur.
667 3680 765 3774 Quem
825 3675 946 3736 Tacitus
982 3675 1058 3739 illud
1092 3677 1203 3743 diserte
1239 3692 1368 3742 testetur
1397 3679 1449 3764 (dc

132 3782 342 3858 Burcbardus,
369 3783 461 3867 episc.
491 3783 766 3862 Helberstadensis,
824 3803 901 3845 mor.
923 3784 1025 3845 Germ.
1043 3803 1114 3868 cap.
1138 3783 1198 3862 10).
1245 3783 1449 3846 Scandinavos

133 3901 252 3951 terram
270 3889 474 3952 Lenticiorum
487 3890 662 3975 populatus,
682 3889 762 3954 exin·
824 3885 1169 3978 eademxsnperstitione
1194 3885 1325 3952 inlectos
1346 3889 1449 3966 fuisse,
1478 3895 1482 3904 '

130 3993 297 4056 desectam
318 3993 420 4075 duxit,
442 4007 473 4056 et
492 3994 602 4078 ’'saper
628 4015 696 4058 enm
719 4017 765 4061 se·
823 3996 887 4064 reri
905 3996 1012 4058 saltem
1028 3996 1126 4058 simile
1140 4007 1185 4058 est
1195 3993 1236 4076 (v.
1245 3997 1307 4058 Jac.
1323 3993 1450 4070 Grimrn,

129 4099 213 4162 dens
234 4099 266 4162 in
287 4099 447 4164 saxoniam
473 4095 584 4162 rediit”
600 4101 641 4178 (v.
654 4101 767 4165 Chron.
823 4103 977 4166 Deutscbe
997 4101 1124 4184 Mythol.
1145 4123 1213 4186 pag.
1232 4095 1294 4164 376
1314 4099 1403 4188 sqq.).

125 4211 328 4290 Augustense
349 4204 387 4269 ed
408 4229 433 4269 a.
447 4202 528 4269 1068
541 4207 621 4268 iuter
636 4208 765 4271 Frcheri

121 4317 207 4376 Rer-
240 4313 343 4374 Germ.
369 4315 433 4375 Ser.
465 4315 478 4374 1
509 4335 539 4395 p.
566 4309 654 4390 349).·
704 4312 765 4378 Sed
876 4317 885 4348 ¹
908 4313 1026 4400 Triplex
1048 4313 1199 4372 hastarum
1234 4309 1306 4370 ordo
1336 4353 1362 4370 ..
1391 4311 1450 4372 dis-

122 4421 203 4480 haec
227 4417 415 4480 consvetudo
433 4437 493 4479 non
505 4419 619 4484 Venalis
637 4421 765 4504 propria
819 4423 897 4506 poni
919 4413 1041 4492 solebat]
1070 4415 1183 4478 Omnes
1211 4414 1373 4481 slavorum
1395 4437 1451 4500 po·
1476 4473 1479 4490 ,

116 4536 210 4590 erat.
248 4523 349 4584 Etiam
367 4521 471 4584 Prussi
491 4534 522 4586 et
541 4525 682 4602 Livones,
703 4523 768 4588 for·
824 4523 891 4607 puli
911 4523 978 4584 haec
999 4520 1136 4597 oracula,
1164 4531 1310 4604 quantum
1330 4522 1450 4600 solutus,

116 4647 215 4696 tasse
242 4631 347 4693 caeteri
368 4649 490 4715 quoquo
518 4630 626 4714 populi
643 4631 764 4709 Sisaioi,
824 4627 976 4692 hastarum
1002 4646 1062 4710 ope
1083 4624 1368 4711 supersedebant,
1396 4625 1450 4692 sed

109 4755 229 4824 equos
248 4755 351 4799 sacros
377 4735 453 4817 (albi
474 4748 504 4798 et
532 4736 612 4820 nigri
638 4735 764 4818 coloris)
824 4734 963 4818 capiendi
998 4733 1077 4796 ratio
1104 4732 1184 4818 apud
1215 4733 1292 4797 alios
1317 4733 1449 4819 populos

107 4841 274 4920 alebant,
302 4841 399 4926 iisque
422 4829 605 4907 vaticinandi
625 4844 686 4910 ritu
707 4845 762 4907 tri·
822 4841 878 4905 alia
899 4839 989 4906 faisse
1011 4839 1131 4906 videtur
1139 4863 1148 4922 5
1169 4841 1238 4904 side
1260 4841 1292 4903 tt.
1313 4857 1356 4901 cc.
