3538 5460
611 295 942 372 wannnttsttus
967 295 991 370 t
1324 231 1408 372 'aas

137 521 324 608 samaeas
339 507 525 602 ,babeeu
560 509 708 611 utrique
734 529 776 582 se
794 508 962 608 patanae
985 503 1210 584 uoluntatis
1241 509 1459 588 uocemue

139 628 334 722 daturum,
354 631 553 708 subornata
569 631 762 734 legatione,
785 631 977 731 promittit,
1010 631 1213 729 provincias
1224 683 1236 723 ,
1269 656 1362 731 quas
1383 633 1459 710 ha·-

142 767 269 830 ctenus
284 753 439 830 obscure
456 771 490 830 et
509 757 585 829 sine
599 753 782 828 honorum
797 749 1000 854 insignibus
1015 755 1204 853 gesserint,
1233 769 1460 856 satraparum

136 875 288 952 nomine
301 878 507 977 recepturis.
557 875 723 952 iucunda
739 877 891 952 Caesaris
906 877 1007 951 toties
1024 874 1072 949 ab
1088 877 1242 950 Henrico
1257 875 1349 953 laesis
1363 905 1461 980 pro-

140 1003 267 1076 missio
295 1005 423 1094 extitit,
443 1027 515 1074 non
537 999 835 1101 intelligentibus,
865 998 934 1074 sibi
960 997 1032 1072 sub
1058 999 1179 1096 specie
1199 997 1365 1076 beneficii
1386 1000 1460 1078 de-

142 1120 259 1195 forme
277 1121 456 1196 servitutis
468 1122 600 1222 jugum
616 1122 763 1196 intendi.
812 1125 951 1196 Interea
965 1119 1218 1198 Waldemarus
1233 1120 1348 1198 classe
1369 1123 1459 1200 luxu

141 1267 254 1342 qaam
264 1245 372 1320 armis
388 1247 568 1320 ornatiore
575 1244 764 1320 L'ubecunr
782 1245 977 1342 profectus,
992 1243 1263 1318 occurrentibus
1280 1246 1459 1322 sibiGer-

141 1391 331 1440 manorum
348 1367 549 1464 equitibus,
580 1369 799 1466 eximiasque
816 1368 897 1467 ejus
911 1365 1080 1440 adventui
1096 1382 1212 1467 grates
1229 1365 1461 1462 habentibus,

140 1491 409 1590 navigationem
416 1487 537 1564 medio
553 1488 811 1589 amne,quuad
828 1493 952 1591 possit,
966 1488 1131 1589 proferre
1139 1487 1366 1588 deposcitur,
1382 1517 1461 1592 quo

141 1611 289 1688 brevius
298 1614 512 1712 interipsum
527 1637 569 1686 ac
577 1615 756 1688 Caesarem
764 1613 831 1688 iter
844 1629 1002 1688 restaret.
1033 1615 1116 1707 Quo
1125 1611 1382 1713 faeto‚p0stero
1392 1615 1461 1708 die,

141 1757 190 1808 an
214 1737 393 1810 Caesarem
407 1732 530 1810 medio
550 1736 675 1808 itinere
699 1733 851 1842 obviarn
875 1735 1074 1830 affectaret,
1108 1735 1276 1836 elegatis
1299 1753 1460 1837 rogatus,

142 1875 259 1932 castra
285 1859 367 1956 ejus
392 1875 515 1958 petere
544 1859 779 1958 praeoptavit,
818 1861 971 1934 Romani
999 1860 1138 1958 imperii
1156 1875 1332 1934 rectorem
1355 1862 1393 1933 in
1419 1885 1461 1936 rc

142 1979 287 2056 modica
307 1981 457 2082 fatigare
478 2005 742 2080 supervacuum
772 1981 1018 2060 existimando.
1074 1987 1147 2058 Nec
1168 1983 1286 2056 minor
1307 1983 1460 2061 Caesaris

142 2107 179 2176 in
195 2102 404 2203 excipiendo
418 2095 648 2178 Waldemaro
677 2102 851 2178 calliditas
873 2129 984 2205 quam
998 2104 1220 2178 Waldemari
1242 2109 1279 2178 in
1303 2106 1462 2206 petendo

142 2227 284 2300 Caesam
308 2207 654 2301 moderatio'exttttt
724 2226 910 2326 Siquidem
942 2233 979 2300 in
1013 2229 1140 2327 primis
1175 2251 1260 2300 eum
1288 2229 1459 2328 amplexu

140 2363 253 2448 atque
282 2348 409 2424 osculo
437 2349 682 2428 decentissime
704 2370 915 2440 veneratus,
946 2373 1031 2424 mox
1056 2347 1180 2438 dextra
1199 2347 1462 2428 honorabiliter

142 2470 392 2572 apprehensa,
413 2471 578 2574 deposito
593 2473 748 2578 amiculo
763 2499 831 2575 per
853 2472 972 2548 media
994 2487 1108 2548 matra
1130 2469 1316 2572 perduxit,
1354 2497 1461 2574 prte-

144 2599 246 2670 conis
265 2619 367 2670 mure
391 2614 536 2672 cunnus
557 2601 590 2670 ei
612 2599 670 2672 via
695 2597 822 2673 cedere
843 2592 1018 2698 jubendo.
1069 2596 1278 2670 Tenturium
1297 2620 1459 2695 quoqne,

144 2719 256 2793 nimio
270 2717 505 2794 multitudinis
520 2718 761 2820 conspiciendi
787 2723 881 2826 regis
902 2717 1018 2795 avidae
1039 2741 1221 2793 concursu
1243 2717 1461 2820 collapsum,

142 2841 295 2943 planum
312 2847 430 2941 campi
447 2841 607 2943 petendo
634 2842 812 2942 deseruit;
846 2842 911 2918 ubi
928 2838 1098 2917 sedandae
1122 2865 1302 2942 pressurae
1325 2847 1459 2943 gratia,

144 2964 297 3041 distenta
313 2971 432 3064 virga,
454 2991 566 3066 quam
581 2985 721 3066 poterat
735 2968 829 3043 celsa
842 2989 949 3056 voce,
972 2981 1121 3040 cunctos
1140 2962 1246 3057 locis,
1268 2964 1305 3038 iu
1324 2963 1460 3064 quibus

143 3091 395 3182 consisterent,
436 3087 632 3166 consedere
662 3097 843 3193 precepit
902 3087 972 3165 Sed
994 3086 1247 3162 Waldemarus
1271 3113 1357 3163 cum
1380 3090 1461 3189 ejus

144 3209 348 3311 dignatione
363 3211 513 3311 perinde
517 3239 573 3310 ac
591 3214 751 3314 quadam
776 3210 1028 3288 moderationis
1055 3209 1283 3285 emulatione
1305 3225 1461 3286 conten·

144 3333 254 3429 dens,
280 3334 405 3409 sellam
422 3359 524 3410 suam
541 3361 581 3412 se
598 3355 885 3440 exspectaturum
901 3331 1104 3434 respoudit,
1123 3357 1189 3428 ne,
1215 3331 1371 3433 probatu
1395 3357 1461 3408 se·

145 3455 256 3531 dendi
280 3482 367 3550 usu,
413 3459 606 3557 imperialis
647 3459 826 3536 cathedre
850 3459 1028 3534 honorem
1058 3479 1237 3557 usurpare
1267 3455 1460 3534 videretur.

144 3583 331 3680 Magnates
356 3580 555 3658 honoribus
579 3584 772 3658 eminentes
804 3608 879 3658 non
899 3579 1027 3654 ordine
1052 3595 1117 3652 aut
1139 3565 1277 3655 ratione
1302 3578 1461 3656 diseretis

143 3701 458 3806 sedenditspatiis,
491 3704 556 3782 sed
578 3719 617 3782 ut
641 3728 827 3808 quemque
850 3701 1016 3783 violentae
1046 3703 1243 3802 pressionis
1266 3725 1373 3780 casus
1393 3703 1460 3803 ja-

143 4163 179 4228 iu
200 4180 235 4228 rc
254 4171 339 4226 certe
360 4157 441 4224 band
458 4153 659 4244 spernendae,
684 4165 771 4222 tacto
837 4153 887 4234 tis,
907 4147 1084 4234 auctoritati
1102 4148 1272 4218 concedere
1289 4151 1403 4241 placat,
1425 4151 1462 4220 il·

143 4269 266 4336 l'aciliaa
293 4267 353 4330 hoc
375 4264 508 4330 dandum
535 4263 671 4343 videtur,
699 4281 772 4326 eun-
836 4259 1048 4340 lum,rnorbo
1071 4256 1200 4323 formose
1221 4259 1347 4326 velulis
1372 4277 1461 4324 musa

145 4377 217 4444 deta
250 4377 384 4463 quinque
421 4373 468 4437 ael
509 4391 561 4434 aex
593 4369 772 4454 septimania
836 4364 1036 4450 impeditum,
1059 4386 1123 4430 non
1148 4366 1180 4429 in
1198 4365 1305 4430 castris
1323 4363 1463 4451 ‘impers-

142 4497 228 4572 poat,
247 4503 342 4569 quom
363 4482 429 4544 hec
447 4478 579 4543 Lobeeu
597 4488 772 4562 agerentur,
836 4470 925 4541 teriia
937 4469 1165 4556 praesentemab
1176 4471 1360 4556 imperatore
1368 4469 1463 4538 leudo

141 4590 245 4658 adhoc
272 4589 306 4652 in
333 4586 409 4653 viris
434 4583 542 4664 luisse,
573 4583 690 4649 etiarnsi
711 4585 770 4647 hr-
837 4580 958 4648 solenni
977 4579 1041 4646 ritu
1060 4577 1207 4646 donatum
1227 4577 1328 4644 tutae.

142 4695 248 4780 notit,
268 4716 306 4764 ec
326 4708 466 4782 tanpm
484 4691 615 4758 nutes
632 4687 771 4756 habitan·
1172 4789 1269 4886 (6οἢ
