3538 5460
366 255 443 328 ιιι
699 253 877 324 noros.
893 199 1001 334 nan.
1020 212 1160 328 annu
1174 250 1252 325 xv.

313 462 370 542 lus
392 464 512 551 Snno,
536 462 614 538 sive
636 462 768 565 ¹strtttnii
792 461 929 538 monitu
953 464 1030 540 sive
1053 459 1128 538 alio
1145 461 1287 540 mentis
1315 459 1468 541 ansata
1495 461 1635 560 donus,

312 584 456 666 fatalem
473 582 567 658 banc
590 589 665 686 regi
680 583 821 664 febrem
828 583 1106 686 augurabatur,
1129 607 1292 684 quonam
1305 584 1419 662 modo
1433 583 1496 662 filii
1510 586 1635 678 rebus,

312 707 507 786 decedente
523 724 637 808 patre,
650 709 811 785 succurri
825 721 1021 807 oporteret,
1035 705 1302 808 providendum
1319 705 1494 788 bortatur.
1530 715 1635 791 Tan-
1747 786 1748 810 ,

312 849 385 912 tarn
400 828 579 929 siquidem
594 834 631 906 in
645 835 739 938 regis
756 830 882 906 funere
896 829 1013 914 luctus
1034 831 1265 908 acerbitatem
1280 831 1452 924 suturam,
1479 848 1520 912 nt
1535 859 1633 912 con·

312 954 430 1036 silium
448 953 565 1030 ullum
587 953 725 1030 adverti
743 958 913 1052 'nequeat
961 952 1104 1032 Eodem
1125 970 1288 1056 tempore
1304 958 1459 1034 loannes
1482 956 1633 1058 quidem

311 1077 483 1178 religione
505 1075 642 1166 abbas,
668 1073 852 1150 medicine
874 1083 1200 1178 praesumptuosior
1224 1103 1337 1178 quam
1360 1081 1510 1178 peritior
1537 1105 1630 1180 prn-

311 1202 441 1293 lessnr,
465 1199 569 1298 cnjus
586 1201 648 1299 opi
663 1196 862 1297 plurimum
877 1198 1103 1295 caedebatur,
1127 1227 1149 1276 c
1165 1203 1293 1278 Soanta
1306 1205 1501 1280 arenatius
1513 1203 1634 1280 adve-
1748 1172 1749 1196 Χ

310 1330 375 1403 nit.
432 1323 522 1418 Qui,
555 1319 686 1397 morbo
716 1344 848 1419 parum
880 1321 1078 1419 prudenter
1106 1326 1290 1424 inspecto,
1321 1331 1534 1426 sospitatem
1558 1333 1631 1428 regi

310 1448 527 1529 constantius
553 1469 665 1546 quam
694 1448 814 1520 verius
834 1446 1073 1543 promittebat.
1127 1450 1243 1542 Quem
1265 1471 1349 1522 eum
1376 1447 1460 1526 cibo
1477 1446 1632 1526 medici-

197 1597 200 1614 ι
309 1572 385 1648 nali
411 1577 487 1644 a'rte
507 1567 669 1644 conlecto
694 1563 927 1644 reficiendum
943 1587 1121 1661 curasset,
1146 1571 1284 1648 cunetis
1308 1567 1483 1648 cubiculo
1497 1572 1632 1672 ejecti&

310 1697 468 1798 quietem
484 1717 616 1791 capere
635 1689 749 1790 jubet.
800 1690 980 1786 Eundem,
999 1693 1114 1794 paulo
1130 1709 1215 1794 post
1227 1693 1304 1767 sine
1319 1717 1412 1773 voce
1429 1717 1509 1772 osse
1524 1718 1633 1771 mm-

311 1835 475 1919 pertum,
499 1830 538 1892 ut
553 1815 717 1889 artuatim
741 1813 877 1892 sudore
891 1815 1068 1892 sullusum
1088 1821 1242 1908 invenit,
1274 1818 1478 1894 accuratius
1497 1817 1630 1916 operiri

309 1941 501 2044 precepit,
523 1938 645 2014 laetum
665 1935 703 2010 id
720 1936 890 2036 profluvii
907 1963 1022 2040 genus
1041 1964 1083 2014 nc
1102 1938 1259 2016 salutare
1283 1955 1440 2018 testatus.
1489 1943 1632 2019 Utinam
1750 1944 1751 1976 ¹

310 2063 632 2162 Sunooempntins
647 2063 773 2141 mentis
787 2067 991 2162 augurium,
1013 2087 1125 2163 qnam
1143 2061 1325 2142 medicum
1338 2069 1423 2142 artis
1437 2086 1514 2140 sne
1528 2087 1630 2164 prve-

308 2193 452 2290 sagium
466 2181 662 2268 fefellisset!
689 2187 805 2288 cujus
819 2185 1038 2284 promissum
1050 2188 1147 2288 regis
1162 2186 1632 2288 obtm²tnaeoutnaquam

310 2445 589 2533 aanplefreliqoire
603 2456 691 2511 eram
710 2439 844 2512 nondum
864 2441 937 2506 alie·
1002 2438 1077 2528 ipsis
1104 2441 1229 2523 relicta,
1262 2456 1314 2510 ant
1340 2442 1524 2510 liberalitate
1550 2443 1632 2527 repis

309 2569 390 2625 aare
398 2553 738 2622 terrarnmincnltarnm
739 2571 936 2636 ,numqaum
1001 2561 1139 2636 recepta,
1157 2571 1289 2636 quorum
1306 2549 1456 2634 reditibus
1473 2571 1569 2635 qaum
1590 2551 1631 2614 ri·

309 2685 358 2746 rea
376 2662 486 2728 nullius
510 2671 627 2735 essent,
655 2657 721 2742 regi
743 2655 816 2720 olim
840 2656 936 2720 vindi·
1001 2667 1062 2719 tam
1077 2669 1142 2719 tum
1161 2655 1356 2743 splendorem
1375 2655 1499 2721 familie
1516 2667 1631 2732 susten·

309 2783 386 2836 eatae
410 2769 540 2832 inerant.
583 2769 713 2829 (ὶοιοιιιιι
735 2763 831 2848 igitur
847 2775 935 2826 erant
1001 2773 1067 2825 tare
1087 2776 1224 2850 possent.
1272 2765 1349 2825 Eaee
1376 2759 1491 2846 predia
1519 2761 1630 2846 princi·

305 2865 423 2966 praedia
446 2872 571 2962 proprie
593 2871 636 2935 sic
664 2871 744 2933 dicta
773 2865 844 2966 (cir.
864 2867 934 2932 diss.
1000 2885 1066 2952 pes,
1084 2866 1122 2930 ad
1137 2867 1286 2933 thronum
1302 2868 1411 2948 erecti,
1427 2887 1566 2930 seorsum
1581 2866 1632 2928 ad-

308 3006 374 3050 mea
394 2985 432 3048 de
451 2983 543 3047 instit.
567 2978 652 3041 milit.
682 2979 760 3040 Dan.
783 2997 852 3062 pag.
874 2972 933 3039 131
1002 2977 1199 3040 ministranda
1219 2975 1381 3053 curabant,
1413 2984 1446 3038 nt
1466 2975 1632 3037 morientes

307 3113 354 3177 sq.
376 3086 521 3163 tto-tta,
540 3087 704 3150 lliehelaen
723 3087 935 3158 etalsmussen,
1001 3084 1105 3146 eadem
1131 3082 1234 3146 liberis
1255 3083 1316 3144 sois
1346 3079 1467 3146 tradere
1493 3091 1633 3166 possent,

308 3195 422 3262 Arebir
452 3194 475 3256 l.
503 3195 618 3268 Strata·
644 3211 673 3252 n.
698 3189 934 3272 liircbeagescb.
999 3211 1040 3255 na
1058 3210 1139 3252 noro
1161 3185 1443 3274 regenatorum
1459 3207 1570 3270 param
1586 3183 1634 3248 ia-

307 3317 367 3369 etc.
382 3307 418 3382 tt,
433 3298 496 3366 566
512 3299 602 3386 amp).
622 3295 845 3362 Patrimonium
861 3315 941 3388 rern¹
999 3297 1095 3376 venti,
1111 3296 1199 3372 nimis
1213 3295 1337 3365 obnoxii
1350 3295 1467 3358 tierent.
1496 3297 1540 3358 tta
1558 3313 1633 3358 enn-

307 3412 389 3484 bom
415 3421 503 3474 etant
522 3406 626 3494 stirpis
651 3403 745 3490 regie
773 3399 935 3479 allodialia,
999 3416 1076 3483 ctat,
1102 3403 1227 3466 Ericnm
1247 3401 1381 3479 bonnm,
1408 3417 1532 3486 regem,
1561 3399 1633 3464 liliis

306 3517 351 3582 nti
373 3528 498 3593 vocant,
526 3535 596 3600 quae
617 3508 801 3576 emtionibus
822 3508 934 3574 sensim
1000 3510 1133 3596 amplum
1161 3508 1319 3594 reliquisse
1346 3506 1566 3592 patrimonium
1587 3501 1631 3586 (r.

306 3625 349 3687 ita
376 3634 464 3686 aucta
491 3633 580 3695 sunt,
609 3631 643 3681 ut
674 3616 765 3699 longe
785 3613 933 3700 plurimos
999 3638 1091 3703 supra
1109 3638 1142 3700 p.
1164 3609 1245 3693 693,
1274 3609 1337 3677 627
1357 3609 1433 3698 etp).
1463 3611 1551 3695 cpjns
1574 3611 1630 3695 igi·

306 3729 421 3795 reditns
440 3747 526 3812 reges
545 3725 614 3788 inde
630 3721 797 3787 traherent.
829 3727 933 3815 Quare
997 3737 1051 3787 tur
1081 3742 1189 3805 magna
1219 3739 1292 3805 pars
1318 3717 1357 3782 ad
1385 3719 1632 3792 waldemarum,

307 3837 346 3901 tle
366 3835 489 3900 dimidia
517 3847 604 3918 parte
633 3829 811 3912 amplissimi
842 3827 933 3911 hujus
998 3829 1121 3892 unicum
1141 3825 1238 3889 lilium
1258 3824 1313 3889 lilii
1341 3824 1422 3890 unici
1443 3826 1572 3912 legitimi
1594 3825 1633 3888 il·

306 3941 484 4031 patrimonii
511 3937 647 4002 ecclesire
672 3933 799 4020 leganda
821 3953 933 4018 nequa·
1000 3934 1059 3998 lius
1074 3934 1166 4019 regis,
1185 3933 1357 3997 devenerat.
1377 3937 1453 3996 Hmc
1468 3943 1525 4010 est,
1537 3953 1631 4017 quarn

304 4074 396 4136 qnam
417 4069 519 4114 sermo
540 4065 604 4110 esse
627 4052 738 4126 potest,
764 4061 863 4124 neqne
882 4039 933 4104 bic
999 4059 1099 4120 nune,
1129 4037 1313 4105 emtionibus
1333 4039 1441 4125 procul
1463 4035 1560 4100 dnbio
1577 4058 1630 4098 an·

305 4174 367 4238 est3
388 4179 456 4222 nam
473 4155 553 4220 idem
572 4163 618 4218 est
638 4149 703 4212 aine
722 4149 827 4226 dnbio,
848 4146 932 4236 quod
1000 4159 1092 4225 ctam,
1111 4145 1192 4208 inter
1212 4146 1326 4211 liberos
1337 4165 1409 4210 snos
1422 4157 1453 4208 et
1472 4143 1630 4210 ecclesiam

305 4267 418 4350 excipit
442 4267 539 4338 saxo,
568 4271 677 4345 utpote
697 4254 735 4322 ad
756 4255 862 4318 fiscnm
886 4275 934 4320 re·
1000 4274 1038 4318 ex
1066 4275 1156 4338 aeqno
1186 4251 1299 4316 divisit.
1349 4255 1581 4316 Testamentum
1604 4250 1633 4312 i-

164 4359 166 4364 .
306 4373 388 4458 pum
415 4371 583 4456 pertinens.
642 4364 702 4432 Sed
730 4361 959 4431 Waldemsro·
999 4382 1090 4449 psam
1110 4379 1173 4426 non
1195 4369 1345 4444 superest.

305 4478 365 4546 alia
384 4496 506 4562 quoqne
525 4486 613 4540 erant
635 4473 734 4550 bona,
753 4489 844 4536 sensu
863 4487 933 4553 spe·
1046 4469 1162 4552 ‘Regis
1181 4461 1290 4546 obrius]
1312 4466 1403 4528 Anno
1424 4459 1507 4528 1182
1520 4485 1549 4525 a.
1566 4459 1633 4526 tt

303 4583 423 4652 meliori
443 4581 661 4668 patrimonium
681 4577 818 4646 dicenda.
860 4574 933 4640 sia·
999 4573 1070 4638 ldns
1088 4571 1185 4657 idajae
1204 4570 1422 4640 Waldemaros
1447 4571 1529 4642 diem
1550 4567 1635 4636 obiit

303 4692 384 4781 polis
411 4690 491 4754 enin
516 4687 643 4754 familiar
666 4685 761 4774 regim
786 4681 932 4749 membris
998 4699 1190 4768 supremum
1219 4701 1246 4744 v.
1275 4677 1400 4766 disquis.
1426 4677 1465 4744 de
1488 4675 1634 4745 oboaot

302 4821 356 4870 aaa
377 4809 465 4865 erant
485 4793 612 4882 pinita,
639 4789 931 4880 anteponentibus
997 4788 1080 4856 iuter
1100 4800 1167 4856 not.
1189 4783 1322 4852 nbcrion
