3536 5462
369 271 442 344 mr
721 258 1285 358 ars'ronntu.tttttnxrv.

313 501 383 574 tus,
409 485 599 582 cognitioni
619 505 659 562 ss
675 477 824 580 quidem
842 479 998 573 affinem,
1024 479 1125 566 secla
1141 504 1321 570 eoumusu
1342 487 1540 564 immunem
1561 505 1623 558 as·

314 609 435 699 seruit,
460 627 527 678 nec
551 620 623 678 tum
648 604 734 679 odio
761 607 868 704 regis,
909 631 1020 705 quam
1046 604 1234 683 delationis
1259 601 1400 703 pudore
1425 601 1623 702 prodendi·-

315 761 387 834 que
410 730 591 806 commissi
613 726 829 802 verecundia
853 725 932 804 ltaec
955 727 1092 804 fecisse.
1145 731 1260 821 Quem
1283 725 1521 802 contestanis
1539 753 1623 802 mu-

313 859 402 930 dum
419 853 573 928 diuturni
599 848 831 950 postmodum
854 847 945 922 exilii
962 875 1108 930 causam
1126 847 1265 926 habuit
1327 851 1443 947 Hujus
1470 847 1624 948 legatio-

313 983 369 1054 nis
397 989 641 1074 contempmm
664 991 735 1048 tam
753 997 852 1071 tegre
871 970 1029 1044 Eskillus
1046 970 1133 1060 tulit,
1160 989 1210 1066 ut,
1235 973 1341 1050 variis
1368 975 1528 1070 corporis
1552 997 1624 1072 pe-

313 1103 428 1178 stibus
445 1106 642 1188 cnntractis,
658 1095 829 1195 gravibus
850 1094 1004 1168 hiemem
1029 1093 1161 1174 morbis
1178 1099 1349 1194 exigeret,⁴

446 1225 527 1315 Qua
549 1219 682 1310 finita1,
716 1216 986 1309 waldemarus,
1021 1221 1145 1292 Daniae
1184 1218 1383 1315 svetiaeque
1405 1216 1625 1314 primoribus

239 1435 241 1442 Ι
315 1347 502 1435 accersitis,
526 1341 665 1440 regales
684 1339 759 1414 filio
778 1348 921 1440 nuptias
937 1345 1117 1417 exornat2.
1171 1336 1311 1432 Quibus
1329 1345 1493 1438 peractis,
1519 1337 1626 1414 Wal-

314 1470 500 1546 demurum
522 1464 679 1542 Eskillus
695 1481 828 1542 secreta
845 1463 1059 1538 allocutione
1076 1468 1223 1562 petitum
1243 1463 1344 1536 enixe
1358 1461 1534 1560 deposcit,
1559 1486 1624 1534 ar-

313 1597 402 1683 cani,
427 1589 528 1691 quod
549 1591 581 1662 ei
603 1567 822 1663 committere
841 1586 934 1679 velit,
958 1587 1243 1683 intempestivam
1268 1585 1530 1661 confessionem
1553 1609 1625 1661 non

312 1730 447 1816 urgunt.
501 1716 622 1810 tquo
642 1709 820 1808 postulata
841 1733 987 1808 sperare
1005 1710 1145 1807 jussus,
1176 1706 1394 1808 jampridem
1418 1708 1626 1810 deponendi

214 1829 216 1836 ’
313 1835 541 1937 pontificatus
560 1832 704 1906 allatam
722 1833 788 1908 sibi
811 1831 1016 1932 cupidinem
1036 1827 1135 1921 dicit,
1169 1857 1279 1928 quem
1304 1847 1402 1904 tanto
1425 1837 1525 1906 oneri
1552 1837 1625 1906 im-

203 1959 206 1966 '
312 1983 439 2060 parem
461 1972 545 2030 oetas
567 1956 704 2032 viribus
732 1954 897 2029 defuncta
919 1959 1117 2028 constituat.
1168 1957 1293 2052 Neque
1316 1959 1409 2028 euim
1432 1957 1468 2028 iu
1485 1955 1627 2056 fastigio

312 2107 370 2172 se,
385 2079 450 2156 sed
467 2081 642 2179 privatum
661 2103 704 2175 ac
720 2079 971 2176 procuratione
986 2075 1138 2153 liberum
1156 2075 1332 2154 decedere
1352 2075 1455 2168 velle,
1469 2095 1628 2177 preter-

271 2289 275 2311 Ι
313 2211 372 2280 itae
404 2203 681 2280 conversationis
715 2200 877 2275 habitum
900 2201 1094 2278 monastica
1118 2215 1345 2278 mutaturum.
1405 2204 1522 2294 Quem
1541 2229 1628 2281 cum

314 2353 378 2403 rex
395 2325 515 2400 verbis
537 2326 714 2398 ceritatem
735 2321 985 2396 simulantibus
1008 2324 1195 2420 proposito
1218 2321 1439 2420 prohiberet,
1464 2323 1577 2424 idque
1593 2329 1637 2402 ei·

312 2457 388 2528 sine
413 2453 574 2524 Romana
598 2447 805 2524 auctoritate
826 2443 1022 2543 exequendi
1047 2443 1100 2518 fas
1122 2467 1200 2518 esse
1221 2461 1390 2545 negaret,
1426 2445 1629 2524 baberese

358 2773 570 2862 'Quofim'ta]
595 2773 728 2860 Nuptiae,
756 2784 790 2835 nt
809 2771 940 2851 ridetur,
993 2768 1066 2843 dum
1087 2783 1190 2854 putes,
1220 2769 1413 2836 Gheisrnerus
1437 2775 1551 2838 Hannti
1571 2797 1629 2842 no·

311 2901 413 2946 mense
437 2881 606 2945 Februario
627 2903 653 2941 a.
677 2874 757 2943 1178
779 2867 939 2943 delebratae
994 2874 1199 2962 menaddidit.
1241 2877 1313 2940 Ideo
1334 2900 1396 2942 non
1407 2878 1543 2944 dubitari
1559 2885 1630 2961 filio

310 2999 381 3050 sunt
402 2987 445 3067 (r.
471 2987 547 3071 disq.
569 2985 606 3049 de
624 2983 774 3058 chronol.)
815 2987 940 3050 Rectius
993 2981 1155 3046 intextum
1173 2985 1321 3070 recipere.
1350 2985 1456 3050 Lectio
1465 2991 1541 3072 filt'oe
1561 2986 1631 3052 for·

311 3093 382 3156 ideo
407 3105 512 3156 unctor
535 3092 605 3156 bist.
628 3093 727 3174 linyti.
751 3111 778 3156 c.
809 3089 868 3155 115
886 3094 939 3155 ires
994 3100 1072 3152 tasse
1087 3089 1274 3172 conjecturae
1290 3092 1419 3159 debetur
1438 3093 1556 3158 librarii
1574 3113 1632 3158 cn·

311 3197 433 3283 nuptias
453 3197 567 3288 hyemis
585 3211 724 3282 ternpore
743 3196 839 3263 tarrae
859 3199 942 3262 dicit.
994 3193 1132 3277 jusdam,
1169 3197 1239 3282 qui,
1274 3219 1368 3282 quum
1391 3201 1502 3278 sciret,
1533 3199 1634 3266 iilic·

994 3299 1146 3387 quandem
1166 3299 1349 3386 (Ricbizam)
1368 3307 1562 3380 Woldeaasri
1577 3327 1634 3372 re-

356 3411 653 3492 martianumque
672 3452 692 3470 ..
709 3405 846 3490 exornat]
857 3407 939 3476 Edit.
993 3408 1040 3495 gis
1061 3420 1187 3492 nuptam
1208 3406 1301 3493 fuisse
1319 3413 1434 3486 sveciae
1453 3414 1519 3498 regi
1541 3415 1633 3494 (Eri-

235 3510 243 3518 ’
311 3513 659 3610 ρτ.ειὸῑερ1ι.1αδοηι
670 3515 754 3596 filie.
795 3516 939 3578 Attamen
993 3515 1162 3577 collocuti
1188 3505 1538 3604 filio),ne'sciretrero,
1566 3519 1634 3585 hoe

310 3643 374 3684 non
395 3619 520 3684 dubium
537 3633 598 3699 est,
618 3620 692 3706 quin
713 3620 877 3704 legendum
898 3623 938 3685 sit
994 3641 1074 3683 enno
1101 3619 1222 3684 deinum
1244 3619 1325 3686 1210
1353 3621 1469 3688 facturn
1496 3645 1561 3690 esse
1582 3629 1634 3707 (v.

300 3729 372 3814 filio
393 3729 603 3813 r-ſstiirmm
621 3725 659 3790 de
679 3728 791 3813 nuptiis
817 3729 938 3792 [lanuto
993 3727 1097 3788 Gram.
1123 3727 1155 3788 in
1183 3729 1294 3793 Meum.
1319 3729 1379 3792 col.
1408 3727 1486 3808 377,
1513 3735 1635 3818 Leger-

309 3831 373 3903 filio
390 3834 652 3899 exornetissermo
673 3847 727 3899 est.
769 3834 862 3926 Quod
876 3836 938 3918 jam
992 3829 1095 3915 bring,
1114 3833 1193 3918 ¹Svea
1213 3835 1252 3895 tt.
1276 3833 1355 3898 tttst
1368 3839 1404 3915 tt,
1416 3833 1478 3900 311
1499 3838 1571 3924 ιφ),
1592 3841 1635 3904 de

310 3953 417 4004 auctor
441 3939 512 4004 bist.
538 3942 641 4024 Ilnytl.
673 3939 837 4008 admodum
865 3963 940 4026 pro·
993 3935 1042 4000 tte
1058 3938 1172 4022 nuptiis
1192 3938 1245 4017 bic
1262 3940 1459 4028 egiputebet,
1477 3945 1637 4030 quies„-

309 4045 412 4118 btbils
441 4045 553 4130 reddit,
585 4046 639 4112 ubi
664 4044 761 4112 refert
788 4047 830 4128 (c.
856 4046 942 4132 195),
997 4048 1046 4108 tio
1064 4043 1216 4128 primores
1242 4045 1364 4113 invitati
1384 4061 1481 4118 eraut.
1534 4052 1637 4144 Quod

308 4153 463 4232 mooun
484 4153 545 4238 boc
567 4154 634 4240 ipso
655 4165 794 4238 ternpore
815 4153 942 4218 Gertru-
995 4149 1087 4236 etiam
1110 4150 1269 4222 Submium
1296 4167 1435 4246 nostrum
1463 4155 1501 4236 (Ι.
1524 4176 1552 4222 c.
1575 4161 1639 4226 Vll

310 4259 380 4324 dem
408 4281 533 4323 uxorem
554 4259 679 4323 duxisse.
720 4260 846 4323 Certum
866 4279 941 4325 tero
995 4245 1071 4330 482)
1093 4254 1136 4318 ite
1168 4253 1321 4340 offendit,
1352 4273 1386 4324 ut
1409 4265 1549 4352 Socratis
1570 4287 1640 4354 pro

311 4386 348 4430 eo
370 4365 415 4448 fit,
434 4365 517 4452 quod
533 4378 563 4430 et
579 4365 791 4450 Gbeysuterus,
811 4367 864 4452 qni
880 4385 942 4452 με·
964 4357 965 4362 ’
994 4362 1381 4452 Svetioelegendumputet.
1402 4369 1474 4449 Sed,
1486 4392 1642 4458 quecun·

311 4491 350 4534 ne
371 4473 437 4556 ipsa
457 4471 548 4535 rerba
569 4473 697 4564 Sasonis
715 4474 838 4560 repetit,
861 4467 941 4554 (Sor.
996 4466 1222 4552 quefuitcuusa
1239 4469 1330 4556 hujus
1349 4473 1642 4558 inrimtionmsae·

309 4579 348 4642 tt.
366 4579 446 4640 Dan.
464 4581 501 4658 ll,
522 4575 598 4661 382)
621 4591 652 4643 et
669 4579 834 4644 lirantcius
852 4578 944 4660 (Dan.
995 4577 1184 4660 tioegeouima
1196 4595 1260 4640 este
1280 4578 1371 4646 lectio
1388 4581 1520 4664 videtur,
1536 4603 1644 4670 quum

309 4685 345 4748 L
368 4685 422 4762 Vi,
450 4703 479 4745 c.
507 4679 564 4767 41)
574 4688 645 4772 filio
667 4685 790 4751 babent.
841 4686 943 4770 Atque
996 4681 1247 4766 Ghsysnerneet
1263 4685 1425 4760 Erunmiu's
1442 4689 1474 4752 in
1497 4690 1562 4753 eois
1583 4710 1648 4758 eo·

310 4810 350 4856 ne
367 4791 429 4857 buc
455 4787 653 4862 iuratorum
679 4793 778 4861 enos
805 4790 943 4858 tributo·
995 4787 1113 4867 dioibnt
1129 4787 1258 4867 eandm
1275 4811 1385 4864 rotem
1400 4793 1585 4862 habuerint.
