3508 5460
374 263 449 340 786
679 259 978 334 alsmantia
1003 259 1142 332 LIBER
1160 259 1252 332 xtv.

322 473 366 547 tis
390 475 572 570 specimen
596 469 795 571 majoribus
825 471 1072 568 experimentis
1107 493 1218 568 quam
1250 471 1435 570 promissis
1464 469 1640 564 exhibuit,

322 597 473 697 geminae
498 594 772 694 pernoctationis
790 597 960 691 impensis
988 594 1127 692 regium
1147 594 1213 668 iter
1237 595 1432 693 excipiensae
1476 598 1518 668 ln
1532 597 1640 668 Hen-

322 722 402 794 rico
425 741 593 816 quoque,
619 713 753 790 crebris
780 739 904 815 regem
925 711 1183 790 commeatibus
1209 732 1469 814 prosequente,
1499 716 1641 792 clarum

322 841 557 916 amicitiarum
590 835 762 910 indicium
798 841 922 936 patuit.
997 836 1209 913 Ludovicus
1240 854 1376 926 autem,
1430 838 1639 940 Thuringiae

322 967 502 1066 princeps,
524 986 597 1034 non
614 959 733 1034 solum
749 957 958 1034 liberalitate
973 985 1118 1055 vacuus,
1142 958 1325 1034 sedetiam
1343 958 1500 1034 habendi
1522 971 1638 1062 cupi·
1740 1043 1741 1046 Ἴ

323 1087 431 1162 ditate
451 1083 613 1172 refertus,
637 1081 836 1180 impudenti
857 1090 1065 1181 precatione
1093 1082 1222 1175 effecit,
1246 1099 1287 1156 ut
1308 1107 1424 1180 equus
1448 1088 1544 1184 regis
1568 1087 1636 1160 sibi

324 1209 479 1286 daretur.
529 1211 614 1281 Post
635 1205 714 1280 haec
739 1203 943 1304 Adolphus,
959 1203 1199 1280 Holsatiorum
1214 1205 1424 1303 preelectus,
1448 1205 1639 1280 Absalonis
1740 1219 1741 1230 ¹

322 1333 438 1410 officio
455 1336 610 1428 primum
633 1333 768 1404 amicus
782 1331 892 1428 regis,
917 1353 1000 1402 mox
1015 1327 1117 1402 miles
1132 1327 1267 1404 solenni
1289 1326 1371 1402 fidei
1388 1327 1530 1402 datione
1543 1330 1638 1404 effe—
1740 1401 1741 1414 ,

322 1474 413 1548 ctus,
438 1454 697 1550 obsequiorum
719 1453 933 1549 principium
959 1451 1082 1526 ciliciis
1104 1449 1350 1550 hospitalitatis
1375 1451 1538 1550 explevit.
1586 1455 1640 1526 lta

322 1581 448 1682 patrioe
465 1600 606 1675 parens,
630 1598 847 1672 prosperum
863 1575 1014 1650 reditum
1031 1597 1214 1668 ernensus,
1240 1583 1439 1673 exoptatam
1459 1573 1637 1648 adventus

322 1705 378 1780 sui
395 1701 537 1799 copiam
561 1694 752 1770 ovantibus
766 1698 898 1770 civium
922 1699 1047 1770 animis
1062 1695 1201 1769 obtulit.
1252 1699 1429 1796 Insignem
1453 1696 1552 1770 hunc
1566 1723 1637 1770 au-
1740 1711 1741 1720 ³

321 1850 411 1900 num
425 1821 490 1896 filii
505 1823 585 1919 ejus
602 1821 729 1926 Canuti
746 1843 788 1891 ex
811 1818 943 1916 Sophia
968 1820 1120 1917 suscepti
1143 1818 1269 1894 natalis
1288 1819 1416 1914 effecit,
1444 1820 1508 1918 qni
1529 1825 1634 1892 etiam
1740 1837 1741 1840 ’

322 1941 515 2048 pontificali
534 1941 724 2016 Absalonis
758 1941 947 2016 ministerio
981 1959 1073 2017 stato
1096 1942 1230 2017 lavacri
1254 1958 1417 2040 tempore
1438 1965 1635 2040 regenera-

322 2070 426 2146 tionis
441 2081 658 2140 sacramenta
675 2067 843 2162 suscepit.
902 2064 1011 2157 Quod
1034 2065 1206 2165 religiosae
1233 2065 1445 2138 executionis
1476 2063 1637 2136 officium
1740 2123 1741 2126 ,

326 2183 507 2268 Sveouutn
521 2186 623 2264 ducis
639 2161 841 2280 (iuthormi,
857 2192 919 2285 qui
939 2205 1082 2286 neptem
1102 2185 1331 2276 Waldemari,
1345 2183 1545 2260 eorundem
1560 2189 1637 2288 regi

324 2312 455 2390 Carolo
472 2309 723 2409 desponsam¹,
739 2308 945 2383 abducendi
965 2335 1072 2413 causa
1087 2310 1300 2412 legationem
1317 2308 1500 2401 attulerat,
1534 2335 1636 2409 prae·

322 2437 434 2514 sentia
452 2435 672 2510 venustabat.

371 2605 374 2612 ·
455 2561 523 2632 Per
535 2558 630 2632 idem
648 2557 740 2632 sorte
755 2574 899 2656 tempus
916 2559 1210 2657 Norvagiensium
1228 2555 1336 2656 legati
1350 2581 1474 2660 regem
1489 2558 1634 2656 petive-

322 2699 412 2776 rant,
436 2682 673 2775 obsecrantes,
698 2697 739 2756 ut
760 2684 946 2782 Norvagiae
963 2683 1135 2780 regimen,
1154 2696 1208 2756 tot
1230 2679 1394 2758 civilibus
1418 2679 1524 2754 bellis
1547 2705 1633 2752 cor-

321 2823 470 2905 ruptum
487 2829 530 2878 ac
551 2810 729 2879 teterrima
742 2820 977 2904 tyrannorum
994 2801 1232 2878 dominatione
1256 2801 1463 2876 distractum
1482 2803 1633 2902 jamque

322 2952 502 3028 exsangue
516 2943 549 2998 et
563 2929 676 3002 ruinae
695 2930 955 3028 propinquum,
969 2928 1048 3026 ejus
1064 2943 1297 3024 occupatores
1319 2923 1526 2999 incessendo
1552 2944 1634 3000 ten-

321 3067 419 3124 taret
479 3055 524 3124 Et
541 3051 711 3148 quoniam
726 3069 869 3126 externa
886 3050 1012 3124 nostris
1032 3047 1103 3122 hoc
1123 3048 1204 3123 loco
1220 3073 1377 3124 connexa
1392 3063 1491 3138 sunt,
1527 3073 1634 3146 quae-

322 3171 408 3246 dam
424 3171 470 3248 de
487 3197 526 3244 re
542 3174 738 3270 Nervagica
752 3176 955 3247 summatim
969 3196 1146 3272 cognosse
1162 3171 1301 3248 fastidio
1316 3197 1391 3244 non
1406 3174 1461 3244 sit.
1511 3169 1635 3242 Sisar-

323 3293 394 3370 dus
419 3292 566 3394 quidam
591 3318 742 3367 summae
766 3294 943 3386 audaciae,
978 3309 1061 3393 post
1082 3293 1195 3368 multa
1225 3311 1260 3367 et
1282 3291 1455 3394 praeclara
1475 3290 1635 3364 laciuora

323 3416 427 3492 bellis
449 3414 550 3509 edita,
576 3414 624 3488 ab
645 3415 805 3490 Haraldo
828 3416 1099 3517 Hyberuiensi2,
1125 3419 1227 3516 cujus
1246 3416 1356 3491 hostis
1378 3422 1550 3506 extiterat,
1574 3415 1634 3487 in-

323 3555 520 3639 terceptus,
553 3565 637 3613 cum
661 3540 744 3614 navi
768 3543 806 3611 in
829 3539 899 3613 alto
924 3541 1139 3643 mergendus
1161 3537 1365 3632 veheretur,
1397 3543 1500 3636 quasi
1526 3539 1633 3612 funus

322 3688 428 3739 suum
451 3662 581 3736 inferiis
604 3687 867 3761 praecessurus,
901 3683 1022 3764 empta
1042 3664 1088 3738 de
1108 3663 1278 3738 industria
1308 3663 1454 3761 potione
1480 3663 1634 3762 remiges

321 3789 490 3865 oneravit.
530 3785 671 3881 Quibus
687 3784 897 3878 exhilaratis,
915 3786 1141 3888 gubernandi
1159 3801 1369 3888 potestatem
1384 3787 1548 3885 supremi
1561 3783 1635 3859 be-

368 4112 523 4197 ¹Neptem
550 4108 757 4179 Waldemarr',
786 4109 948 4170 eorumdem
1003 4105 1121 4194 potitus
1141 4119 1223 4187 erat,
1245 4103 1296 4168 alil
1321 4100 1440 4166 cuidam
1461 4101 1530 4186 ejus
1551 4121 1635 4166 com·

323 4217 392 4296 rega*
414 4215 521 4278 Carolo
549 4211 732 4301 desponsam]
765 4212 948 4278 christinam
1003 4213 1144 4300 petitori,
1159 4215 1288 4288 Canutm
1303 4209 1359 4298 ¹qui
1381 4221 1503 4293 patrem
1521 4207 1636 4272 habue-

321 4317 485 4404 intelligit,
513 4319 736 4406 Margarethe,
755 4319 950 4392 Waldemari
1003 4332 1053 4386 rat
1067 4320 1192 4382 Ericum
1205 4329 1352 4398 sanctum,
1369 4333 1475 4401 regem
1489 4339 1509 4380 a
1522 4319 1638 4399 Magno

322 4423 453 4502 rororis,
467 4423 560 4489 liliam
582 4425 736 4511 eStigoto
760 4427 949 4508 Eriteleder,
1006 4425 1060 4488 illo
1083 4447 1109 4487 a.
1133 4420 1213 4489 1160
1231 4419 1445 4504 interiectum,
1477 4419 1586 4489 deinde
1607 4442 1637 4484 a.

322 4527 485 4592 Seaniemi.
577 4535 712 4617 Sponsus
741 4533 795 4598 ille
820 4537 948 4602 Cmolus
1009 4528 1090 4597 1167
1106 4529 1325 4596 mccubiturus.
1340 4528 1399 4612 (V)

323 4631 465 4698 Sterlteri
481 4647 548 4700 erat
562 4639 642 4720 regis
653 4639 742 4720 lilius,
759 4642 820 4726 qui,
833 4647 947 4728 Magno

323 4754 407 4822 roge,
422 4741 551 4804 Raurici
563 4743 661 4807 nostri
676 4746 826 4812 Shateleri
837 4747 901 4812 tilio
917 4761 950 4812 at
1059 4745 1230 4810 ‘Horrida
1257 4738 1469 4832 Hylerrar'easr]
1497 4733 1641 4808 nuato

323 4844 436 4912 Borisii
454 4844 562 4930 fratre,
575 4864 696 4934 necato,
710 4875 737 4918 a.
762 4851 841 4920 1161
863 4855 953 4940 regni
1009 4852 1192 4937 cognomine
1207 4851 1296 4919 Gille.
1387 4925 1390 4932 ⁴
