3536 5462
601 305 930 380 WALDEMARUS
956 305 982 378 Ι.
1317 307 1390 380 923

132 516 368 609 otberieclet,
385 505 563 592 evomitus
576 517 609 609 ²,
624 514 759 609 restim,
777 539 889 616 quam
897 513 1173 592 colloinuexam
1183 513 1353 612 habebnt,
1368 541 1445 592 mo·

132 643 252 733 nibus,
266 665 314 714 ne
327 664 490 742 peream
505 637 758 728 attraherem,
782 633 1070 736 complicandam
1097 634 1254 712 curabat
1303 641 1446 714 Mersus

134 764 258 840 denuo
282 767 437 840 visentes
452 761 591 854 eadem,
623 785 697 860 qun
713 760 826 860 prius,
852 759 1083 860 ambiguitate
1113 760 1317 860 complevit.
1374 758 1447 834 Sed
1556 757 1565 768 ‘

133 882 291 987 corpore
311 885 393 986 ejus
405 883 551 962 tandem
575 883 892 981 exanimireperto,
907 879 1099 956 dubietatis
1114 883 1446 982 quievitcontentio.

134 1013 174 1084 ln
204 1023 342 1085 tentum
367 1025 486 1084 antem
509 1007 580 1082 illio
608 1005 784 1080 exercitus
808 1019 929 1078 noster
957 1005 1090 1103 captivi
1111 1008 1254 1105 pecoris
1276 1005 1449 1106 gregibus

135 1131 360 1223 abundabat,
374 1147 415 1206 ut
428 1132 466 1206 in
479 1129 605 1204 iisdem
623 1125 772 1230 agendis
790 1123 999 1226 quotidiana
1024 1143 1209 1226 pastorum
1231 1153 1344 1230 opera
1363 1145 1448 1204 ute-

136 1271 252 1350 retur3
280 1279 439 1356 quorum
453 1251 659 1329 discursum
680 1247 846 1352 periculo
872 1273 1030 1324 vacuum
1051 1249 1227 1350 generalis
1252 1251 1449 1328 earundem

135 1380 296 1478 partium
311 1377 454 1453 vastitas
470 1375 659 1467 efficiebat,
685 1397 796 1474 quam
810 1387 906 1446 unta
923 1371 1235 1450 incendiorumvis
1250 1389 1451 1475 pepererat,

136 1498 552 1600 uthirundinesqnoquc
566 1503 677 1588 tectis,
691 1495 826 1596 quibus
841 1491 1005 1570 habiture
1018 1516 1286 1593 consueverant,
1301 1497 1451 1590 orbotae,

137 1619 869 1726 gubemaculisnariumacprcrie‚soetum
877 1603 1451 1723 procreeturoe,nidosaffigercnt,

138 1745 403 1822 domiciliorum
419 1771 528 1822 usum
545 1743 593 1818 nb
609 1741 775 1818 hostibus
797 1759 1009 1819 mutuantes.
1058 1749 1142 1817 Post
1164 1743 1243 1820 hoec
1260 1771 1327 1820 rex
1347 1747 1451 1819 Hen-

138 1875 269 1960 ricum,
284 1868 422 1944 diutina
441 1869 699 1942 Diminensium
724 1862 913 1940 obsidione
935 1890 1162 1964 suspensum,
1177 1866 1338 1970 alloquio
1351 1872 1450 1969 peti·-

139 1998 292 2080 turns²‚
315 1993 474 2068 terrestri
499 1993 623 2066 itinere
639 2004 802 2087 arrepto,
825 1989 956 2064 urbem
974 1991 1152 2063 Conconrn
1171 2015 1192 2064 a
1213 1992 1355 2066 nemine
1378 1989 1452 2066 dc-

139 2114 279 2190 {ensam
305 2118 377 2218 igni
400 2115 609 2218 implicitam
635 2110 786 2210 reliquit.
859 2113 972 2211 Cujus
1002 2136 1214 2210 processum
1240 2131 1316 2190 turn
1339 2121 1453 2190 amuis

140 2235 334 2334 cujusdam
355 2233 601 2338 profunditate
621 2236 785 2334 insignis,
822 2252 900 2312 tum
924 2233 1134 2310 ulteriorum
1157 2237 1324 2314 locorum
1348 2235 1453 2312 diffi-

139 2357 257 2436 cultas
279 2360 434 2436 indicata
456 2357 630 2436 cohibuit.
679 2361 771 2432 Hinc
787 2360 864 2460 regi
885 2362 922 2430 in
944 2339 1216 2435 Canninensium¹
1230 2361 1455 2462 provinciam

141 2485 311 2562 munitus
328 2483 395 2561 fuit
406 2487 439 2579 ³,
468 2507 579 2584 quam
601 2479 711 2558 rurali
728 2479 841 2582 magis
857 2479 1093 2582 populatione
1108 2506 1218 2582 quam
1236 2481 1311 2560 ulla
1326 2488 1455 2559 muni-

198 2789 399 2870 ¹Eoomrins1
441 2792 485 2853 ita
515 2787 563 2852 ed.
592 2810 639 2873 pr.
683 2785 776 2873 Apud
833 2755 898 2871 ejdr
940 2787 1114 2852 narratione
1146 2787 1361 2855 Waldemarus
1397 2789 1455 2854 ini-

143 2893 256 2982 suph.
274 2907 307 2960 et
326 2895 482 2960 lttorztum
504 2899 645 2958 eoomr'tis.
830 2893 876 2956 tio
905 2891 1107 2978 expeditionis
1126 2893 1261 2958 Julinuru
1294 2895 1327 2958 in
1356 2897 1456 2961 insula

192 3005 367 3088 ’Alioquin
383 2999 546 3092 petituros]
562 3001 681 3065 Auuor
699 3019 775 3086 qno·
830 2997 955 3065 Woiiic
985 3000 1075 3063 ritum
1101 3002 1246 3084 vastarit,
1287 2999 1396 3066 deinde
1424 3002 1468 3064 iu⁴

143 3127 211 3194 qno
231 3107 302 3174 bist
329 3107 435 3192 linytt.
454 3109 476 3172 i.
498 3126 526 3172 c.
551 3105 699 3192 colloquii
725 3125 778 3170 cu·
830 3101 1033 3188 Cireipanism
1069 3105 1208 3189 transiit,
1262 3109 1365 3195 ibique
1405 3109 1460 3174 eii·

75 3202 78 3208 ’
144 3211 270 3298 jusdam
299 3211 379 3276 inter
409 3232 514 3298 regem
543 3225 574 3276 et
604 3211 713 3279 ducem
744 3211 778 3275 in
830 3211 974 3295 quamdiu
992 3212 1074 3294 bello
1094 3226 1199 3298 gesto,
1221 3215 1253 3277 in
1269 3213 1460 3301 provinciam

144 3321 281 3388 Graecia
300 3315 334 3397 (i.
356 3338 383 3382 e.
409 3317 441 3382 in
460 3319 618 3405 prusiada
638 3319 716 3384 Pani
736 3321 779 3383 vi·
832 3318 1084 3400 Cemminenaenr,
1103 3321 1208 3386 Julioo
1232 3323 1372 3402 vicinam,
1391 3320 1460 3386 red-

144 3425 221 3490 cina
240 3447 258 3488 a
279 3423 427 3512 meridie,
449 3425 500 3490 nbi
522 3425 613 3490 etiam
632 3447 685 3488 arx
695 3447 779 3510 qua·
833 3424 891 3504 iit,
923 3423 1006 3489 unde
1032 3427 1142 3490 iterum
1167 3439 1241 3512 poet
1269 3427 1345 3493 duos
1376 3449 1461 3494 men·

144 3532 222 3596 dam
237 3530 375 3618 ejusdem
396 3530 528 3594 nominis
558 3531 674 3597 seriore
702 3543 779 3608 tem·
833 3549 881 3594 aes
921 3531 954 3594 in
991 3532 1192 3617 Circipaniam
1230 3519 1369 3598 resersus
1406 3545 1460 3596 eat.

141 3657 229 3728 pore
249 3637 374 3722 cognita
396 3631 456 3720 est)
477 3635 625 3717 habendi,
643 3637 779 3703 absentia
834 3637 965 3718 Saroni,
993 3659 1087 3723 quum
1116 3638 1184 3702 bac
1214 3640 1461 3720 scriberet,'rix

143 3764 228 3812 vero
250 3743 334 3808 ducis
356 3739 496 3828 impediti
522 3742 709 3806 mentionem
736 3739 782 3806 ia·
835 3744 907 3808 retis
923 3741 1081 3829 cognitum
1100 3757 1181 3825 erat,
1206 3745 1275 3810 hac
1302 3747 1370 3809 ioca
1398 3765 1461 3808 nou

144 3848 208 3918 cit.
265 3849 349 3914 idem
381 3860 427 3912 eat
463 3845 613 3928 fortnas,
646 3847 683 3912 de
718 3869 781 3934 quo
835 3871 946 3934 parum
962 3849 1043 3914 inter
1067 3869 1102 3915 ae
1127 3849 1249 3916 distare.
1298 3852 1390 3916 Haud
1415 3853 1462 3914 iu·

143 3961 234 4028 Saxo
252 3956 335 4041 agit,
354 3954 412 4018 etsi
438 3953 505 4019 aliia
532 3956 627 4020 cruris
654 3953 783 4041 impedi·
837 3955 919 4020 vitus
937 3952 1008 4020 iden
1037 3955 1237 4039 crediderim,
1261 3977 1383 4044 regem,
1408 3961 1462 4023 Jn·

143 4077 221 4128 turo
241 4061 362 4127 dicitur.
411 4060 460 4126 td
484 4063 689 4146 posteriorem
707 4081 782 4127 vero
837 4063 900 4127 lino
936 4061 1078 4128 incendio
1116 4063 1235 4145 deleto,
1271 4065 1464 4151 provinciam
1504 4052 1510 4063 ¹

145 4167 358 4254 expeditionis
385 4179 506 4254 partem
537 4167 598 4230 boc
626 4169 783 4254 pertinere
837 4167 1079 4234 camminensem
1097 4183 1168 4238 ante
1183 4173 1366 4258 populatum
1383 4191 1464 4250 esee,

146 4275 288 4356 videtur,
305 4275 377 4360 quia
392 4273 543 4337 isenricus
558 4272 621 4359 jem
642 4293 680 4336 eo
704 4285 783 4374 pem·
837 4299 930 4364 qnam
946 4277 979 4340 in
1001 4277 1204 4363 Circipeniam
1227 4277 1388 4358 transiret,
1411 4277 1465 4341 ubi

145 4401 234 4472 pore
260 4385 377 4446 dictum
404 4377 665 4446 Demminensiom
704 4377 785 4444 obri-
839 4380 1035 4450 '’Heoricum
1081 4383 1197 4450 diutina
1240 4381 1465 4452 Dimioeneium

147 4491 248 4566 diotre
266 4507 427 4574 suspensus
450 4486 571 4566 dicitur.
839 4489 997 4556 obsidione
1006 4489 1203 4577 suspensum''
1218 4488 1466 4562 videbersvirer
1552 4579 1554 4583 ,

204 4601 322 4668 tiliae
354 4633 410 4658 ..··
438 4591 681 4684 transuerseis]
706 4593 786 4656 Saxo
840 4585 1466 4682 anarjungereiiaicrtaaaeinanimoerat,

148 4703 191 4778 in
218 4701 346 4780 historia
368 4696 473 4784 'bajus
507 4697 708 4786 expeditionis
738 4697 787 4760 vix
842 4701 926 4789 quod
947 4715 1050 4768 tamen
1076 4723 1141 4770 non
1162 4703 1363 4787 factumest,
1395 4705 1466 4792 qaia

148 4809 273 4894 juatnra
290 4805 424 4880 servarit
445 4825 549 4872 rerum
566 4804 713 4872 ordinem·
740 4806 788 4878 Ex
842 4809 1005 4892 tierricus,
1024 4810 1132 4876 ruodo
1151 4812 1243 4878 allato
1264 4811 1304 4878 de
1324 4811 1466 4888 Udsltieo
