3508 5460
632 321 969 398 witbertinos.
1332 329 1403 404 801

140 537 233 606 nese
247 527 471 606 emensis
485 531 566 629 ejus
582 545 761 630 tempusa
777 532 945 634 vigilibus
953 531 1141 606 observari
1156 541 1337 634 praecepit.
1363 541 1459 631 Qui-

140 654 210 728 bus
225 657 340 728 somni
361 651 507 726 delicias
525 652 678 752 imperio
694 655 977 754 praeferentibus,
1003 653 1175 748 Absulon,
1201 659 1342 758 absque
1357 665 1461 762 regio

137 778 307 850 comitatu
322 799 548 876 progressus,
573 803 648 851 nun
668 777 789 852 solnm
811 778 1029 878 Zyudram¹,
1054 776 1119 850 sed
1142 781 1245 852 ctiam
1269 805 1378 882 agros
1398 791 1460 859 vi..

138 923 277 997 eosque
294 904 326 972 ei
344 897 504 974 confines
518 901 648 998 partim
663 901 747 1000 igni,
765 903 894 1000 partim
913 900 1007 974 ferro
1025 902 1182 974 vastavit.
1215 905 1329 1002 Cujus
1347 917 1459 1006 equi·-
1571 999 1574 1014 Ι

139 1037 191 1096 tes
210 1019 298 1110 dno,
312 1022 535 1096 contentione
555 1028 656 1120 prius
671 1022 804 1112 habita,
819 1039 901 1096 uter
915 1021 1064 1096 audacia
1082 1043 1285 1121 praestaret,
1311 1053 1393 1104 cum
1410 1031 1456 1104 ad

137 1143 328 1218 militarem
354 1169 504 1243 operam
527 1143 704 1218 edendam
729 1143 940 1218 fortitudinis
967 1144 1192 1218 emulatione
1213 1152 1292 1245 pari
1321 1156 1457 1251 impetn

137 1284 364 1368 raperentur,
383 1267 581 1367 hostesque
595 1266 740 1342 cuidam
756 1266 846 1340 forte
863 1285 989 1366 stagno
1004 1266 1150 1342 adactos
1170 1270 1310 1368 cymbis
1334 1272 1457 1374 iugam

136 1407 261 1490 petere
274 1389 604 1480 animadverterent,
628 1389 712 1488 plus
727 1392 776 1464 eis
800 1389 1057 1490 persequendis
1083 1417 1194 1491 quam
1216 1399 1290 1468 suis
1305 1399 1458 1494 pericu-

137 1513 182 1588 lis
198 1512 424 1612 dispiciendis
441 1515 575 1604 intenti,
600 1537 646 1585 ne
669 1511 759 1587 alter
777 1513 928 1588 altemm
953 1519 1082 1588 virtute
1101 1519 1194 1589 torte
1210 1541 1457 1615 praecurreret,

137 1637 251 1712 ambo
279 1661 365 1710 cum
394 1652 599 1735 contemptu
635 1637 781 1734 spiritus
809 1636 1008 1710 stirnrdatos
1050 1635 1250 1712 calcaribus
1281 1665 1397 1740 equos
1419 1645 1459 1718 in

137 1757 361 1860 profundum
380 1775 540 1858 egerunt,
565 1781 750 1831 armorum
772 1757 872 1832 haud
899 1783 1100 1851 memores,
1139 1785 1298 1858 quorum
1332 1765 1456 1838 obruti

136 1883 300 1984 pondere
315 1881 508 1981 perierunt.
560 1883 610 1952 Ita
638 1884 842 1956 temeritatis
867 1881 994 1956 vindex
1021 1881 1238 1956 elementum
1263 1887 1346 1960 viris
1370 1886 1457 1988 glo-

133 2010 197 2082 riae
223 2029 337 2106 quam
352 2001 472 2078 salutis
499 2001 789 2094 studiosioribus,
807 2004 844 2076 in
870 2006 1011 2078 exitium
1037 2030 1143 2079 suum
1164 2007 1372 2100 ruentibus,
1392 2012 1454 2084 sa-

135 2147 213 2204 tum
230 2130 423 2228 pariterac
450 2124 630 2198 tumulum
654 2129 871 2200 ministravit.
924 2130 1059 2200 interea
1087 2127 1264 2221 Absalom
1299 2139 1455 2230 provin-

137 2254 229 2326 ciam
243 2249 376 2348 rapinis
391 2249 525 2346 pariter
539 2249 783 2348 incendiisque
801 2273 1031 2350 permeasse,
1058 2276 1141 2324 cum
1157 2252 1336 2350 ingentem
1352 2281 1455 2354 prae-

137 2374 225 2450 dam
242 2390 277 2448 et
297 2372 420 2470 opima
442 2368 559 2469 spolia
579 2371 769 2446 referendo
798 2397 910 2446 naves
932 2387 1096 2469 repetere
1117 2379 1311 2467 statuisset,
1343 2403 1455 2481 mag-

136 2525 222 2572 nam
237 2496 395 2572 bostium
411 2518 558 2568 manum
576 2494 749 2593 subsequi
766 2498 1008 2592 conspicatus,
1034 2493 1127 2568 ultra
1149 2495 1234 2568 bina
1264 2499 1356 2572 vada
1380 2503 1455 2577 ad-

135 2619 290 2696 modum
305 2619 455 2694 transitu
474 2615 631 2692 difficilia
649 2617 694 2692 de
708 2615 879 2692 industria
894 2615 1020 2690 cedere
1038 2615 1162 2706 voluit,
1190 2635 1229 2690 ut
1243 2644 1305 2694 eos
1320 2623 1455 2700 sormi..

135 2744 227 2820 dinis
250 2743 474 2820 simulatione
505 2757 705 2842 protractos
740 2740 978 2836 locommque
1012 2737 1155 2843 tandqm
1186 2739 1453 2824 difficultatibus

133 2866 336 2968 implicatos
362 2868 590 2968 opprimeret
663 2867 827 2960 Quorum
855 2865 1012 2960 primum
1047 2863 1168 2936 Sclavi
1187 2863 1304 2940 libero
1332 2873 1453 2948 itinere
1549 2867 1551 2874 ’

135 2996 357 3092 transgressi,
375 2993 468 3064 eben
484 2987 665 3087 reliquum
682 2983 856 3060 redeundi
883 2983 1076 3060 diffidentie
1093 2990 1331 3064 constiterunt.
1372 2997 1453 3069 Eo-

135 3112 221 3188 dem
245 3111 323 3188 iere
348 3113 519 3188 momenti
546 3117 661 3210 spatio
694 3108 769 3182 duo
802 3106 939 3205 pedites
967 3109 1238 3203 Sialarrdenses,
1273 3113 1452 3214 ingentem

133 3235 269 3336 praede
285 3235 419 3312 fascem
436 3249 623 3336 gestantes,
647 3255 768 3306 errore
792 3230 958 3306 iocorum
975 3234 1010 3306 in
1033 3235 1154 3332 ipsum
1179 3241 1281 3333 paene
1298 3237 1451 3314 Sclavo-

44 3401 50 3415 r
132 3385 219 3434 rum
234 3366 428 3434 exercitum
447 3354 652 3430 inciderunt.
710 3359 885 3448 Quicum
910 3354 1242 3432 aduobuseorunr
1268 3357 1452 3454 equitibus

132 3497 400 3582 appeterentur,
426 3503 636 3578 quanquam
652 3493 727 3552 tuto
750 3475 881 3550 vadum
896 3479 1099 3578 transgredi
1115 3499 1290 3579 poterant,
1317 3507 1363 3554 ne
1388 3507 1452 3554 rc-

131 3627 274 3681 cessum
292 3629 359 3704 per
376 3603 553 3703 ignaviam
570 3623 729 3698 quaerere
748 3599 962 3692 viderentur,
975 3603 1141 3678 hostibus
1155 3607 1314 3702 resistere
1341 3627 1453 3703 quam

130 3730 254 3804 socios
277 3724 451 3800 accedere
479 3721 694 3812 maluerunt,
728 3720 891 3796 deforme
909 3727 1161 3817 existimantes,
1188 3726 1235 3800 ab
1265 3727 1324 3816 iis,
1358 3749 1455 3823 quos

129 3875 285 3926 numero
302 3865 498 3948 aequarent,
525 3845 674 3920 audacia
691 3851 862 3944 superari.
915 3849 1056 3945 Itaque,
1082 3873 1154 3944 quo
1172 3853 1284 3946 magis
1298 3846 1452 3946 expedi-

129 3991 191 4048 tos
207 3995 248 4048 se
269 3971 479 4062 redderent,
504 3995 630 4070 presso
663 3970 809 4069 vestigio
844 3969 1081 4068 projectoque
1096 3969 1214 4060 sasce,
1254 3993 1357 4044 enses
1380 3967 1452 4042 de-

127 4097 320 4196 stringunt.
373 4099 536 4188 Quorum
553 4095 758 4166 constantiae
774 4110 809 4166 et
827 4093 945 4166 virtuti
964 4092 1106 4167 fortuna
1134 4092 1290 4166 debitam
1305 4092 1452 4165 incolu-

126 4226 293 4293 mitatem
307 4219 489 4292 cuncessit.
541 4211 724 4320 Siquidem
742 4218 902 4312 equitum
917 4231 1043 4289 neutro
1066 4214 1263 4315 procedere
1285 4212 1451 4306 audente,

124 4356 316 4440 resumpto
332 4340 430 4414 fasce
443 4355 607 4439 coeptum
627 4337 693 4410 iter
712 4355 928 4436 carpserunt.
986 4341 1147 4437 Cumque
1168 4361 1313 4412 rursum
1335 4337 1451 4412 Sclavi

124 4467 239 4542 binos
257 4466 395 4565 equites
413 4462 461 4537 ad
477 4487 539 4538 eos
555 4457 815 4562 opprimendos
831 4467 1015 4553 misissent,
1041 4486 1167 4534 eorum
1181 4463 1363 4536 incursum
1380 4487 1449 4536 ea-

174 4763 364 4854 ⁸Zyndrem]
385 4767 432 4830 its
450 4763 565 4850 legitur
582 4765 616 4827 in
635 4759 693 4826 Ed.
712 4783 761 4850 pr.
819 4763 914 4828 insula
942 4759 1147 4828 meridionalis
1176 4764 1208 4826 in
1228 4775 1316 4850 purte
1338 4763 1447 4848 Regin

120 4873 319 4960 Stspbsniut
333 4872 598 4961 potnitZrirdrum3
617 4869 671 4938 sed
685 4889 760 4958 pen·
818 4869 999 4936 occidentali
1017 4870 1115 4936 adbuc
1133 4869 1245 4936 dieitur
1265 4871 1372 4934 Sudor.
