3508 5460
609 281 940 366 waunnntttus
955 295 979 364 1.
1325 293 1400 372 aar
1487 255 1491 264 ’

133 525 173 579 se
193 497 298 602 putre
315 491 459 598 Littogo
479 501 656 576 Karcutiae
678 517 802 578 uatum
828 503 1083 602 Grauzamque
1099 497 1180 596 dici,
1202 505 1455 602 assero-abun

134 629 320 728 pmsmtis
334 623 439 698 urbis
459 647 537 697 uon
555 627 682 714 civem,
706 623 773 699 sed
792 623 970 700 advenam
986 647 1076 717 esse,
1099 647 1166 699 nee
1178 625 1214 699 in
1229 651 1311 703 eam
1326 643 1458 728 sponte

134 745 350 849 proiectum,
375 743 442 822 sed
460 771 545 820 uum
564 745 641 822 aliis
658 753 751 822 inter
766 745 1020 846 supplementa
1039 755 1295 825 nonsummum.
1347 751 1456 848 Quod

134 899 180 948 ne
195 869 444 946 fraudulenter
460 893 620 944 mserum
644 883 843 968 putaretur,
857 867 1092 979 'debilitatum
1113 871 1264 948 vuloere
1279 873 1455 950 lacertum

132 993 300 1086 ostendit,
325 994 404 1068 sine
426 992 530 1092 cujus
545 1016 617 1065 usu
636 990 774 1066 civim
793 1015 904 1090 opem
928 991 1023 1066 lerre
1046 1017 1121 1067 uon
1145 1013 1279 1094 possm
1331 997 1455 1074 Absa-

135 1119 208 1209 lon,
223 1119 260 1191 iu
273 1117 420 1190 homine
434 1131 508 1191 tam
531 1119 690 1215 graviter
709 1113 834 1190 allecto
852 1140 984 1214 pamm
1000 1119 1173 1194 momenti
1187 1117 1348 1194 hostium
1364 1127 1456 1198 viri·

136 1241 207 1315 bus
227 1239 398 1314 accedere
415 1235 601 1337 judicans,
634 1239 813 1338 parvique
841 1236 998 1332 ducens,
1030 1265 1165 1340 pugnae
1198 1267 1245 1314 an
1268 1241 1458 1320 deditionis

135 1365 296 1438 hortator
311 1369 485 1451 existeret,
510 1361 716 1460 petitionem
732 1363 808 1460 ejus
824 1359 873 1434 ad
886 1363 980 1462 regis
1003 1363 1188 1438 arbitrium
1208 1364 1389 1466 relegarit,
1414 1392 1458 1441 ac

136 1493 300 1588 protinus
316 1481 590 1558 waldemarum
607 1512 628 1560 e
643 1511 772 1560 somno
789 1468 978 1558 excitatum
995 1485 1182 1564 consuluit.
1234 1494 1358 1588 Aque
1378 1513 1458 1565 retu
1538 1503 1545 1514 '

136 1611 286 1684 arln'trio
310 1631 379 1682 suo
397 1623 549 1680 namara
575 1609 716 1707 jussus,
749 1605 948 1706 expectanti
972 1603 1152 1702 barbaro,
1183 1613 1304 1684 omnia
1331 1635 1459 1713 arego

136 1748 269 1833 praeter
288 1729 397 1809 tridui
411 1729 575 1806 induciae
591 1755 773 1823 concessa,
788 1729 984 1830 respondit,
1010 1731 1162 1806 sollicite
1178 1732 1390 1832 pmrideus,
1410 1759 1460 1809 ue

136 1855 304 1931 hostibus
321 1853 471 1954 longum
492 1853 696 1927 muniendae
716 1854 815 1928 urbis
837 1871 981 1953 tempus
996 1853 1154 1928 durdur.
1206 1849 1382 1935 Caeterum
1395 1861 1459 1932 in-
1557 1843 1561 1854 ’

137 1980 320 2079 sequentis
336 1977 406 2052 diei
422 1979 590 2078 spatium,
615 2001 662 2049 ne
677 1977 859 2050 omnium¹
886 1974 1114 2066 induciarum
1130 1995 1312 2078 expertem
1333 1979 1458 2056 dimit-

138 2117 239 2194 teret,
265 2099 473 2201 pollicetur,
485 2087 668 2201 praelatus,
692 2100 729 2170 ni
749 2103 785 2171 in
801 2097 928 2192 littore,
945 2101 1047 2200 quod
1065 2101 1149 2174 urbi
1164 2125 1240 2178 suae
1253 2107 1460 2204 proximum

136 2225 242 2317 iuret,
262 2245 302 2298 ee
315 2247 400 2298 cum
416 2224 514 2298 omui
523 2223 649 2322 Regia
663 2222 819 2320 primatu
834 2223 1182 2322 temporeptardioto
1197 2227 1459 2330 obvimnproer

135 2347 289 2436 buisset,
312 2345 485 2420 ulteriore
505 2347 680 2446 pactionis
697 2343 795 2418 aditu
817 2353 1021 2451 cariturum.
1073 2351 1221 2446 Postero
1240 2349 1300 2426 die
1316 2353 1460 2430 Esber-

136 2493 211 2546 nus
227 2495 273 2543 ao
287 2469 398 2562 Suno,
409 2467 563 2569 jubente
577 2491 673 2569 rege,
697 2465 933 2570 simulacrum
948 2473 1144 2560 eversuri²‚
1159 2471 1262 2569 prod
1277 2480 1357 2550 sine
1374 2475 1460 2551 ser-rt

137 2573 333 2669 mlmnetio
357 2591 513 2668 convelli
537 2591 720 2692 nequibat,
745 2590 878 2684 aulaeis,
903 2591 1040 2691 quihus
1063 2592 1235 2670 sacellum
1263 2597 1461 2698 tegebatur,

136 2717 341 2807 abstractis,
366 2713 521 2791 famulos
543 2714 750 2791 succidendi
772 2711 937 2794 officium
960 2719 1120 2815 arripere
1144 2720 1266 2818 jussos
1295 2723 1462 2796 attentius

136 2863 292 2914 monere
305 2853 504 2938 coeperunt,
528 2853 568 2912 ut
582 2838 773 2913 adversum
788 2853 892 2911 tantae
907 2837 1013 2913 molis
1025 2827 1171 2916 ruinam
1181 2845 1319 2919 cautius
1333 2867 1374 2919 se
1387 2868 1461 2946 ge-

134 2977 271 3052 recent,
286 2985 344 3054 ne,
364 2963 445 3064 ejus
459 2959 624 3061 pondere
639 2961 816 3061 oppressi,
831 2961 958 3040 iuiesto
973 2965 1107 3052 numini
1123 2989 1251 3064 poenas
1267 2965 1369 3042 luere
1382 2993 1462 3067 pu·-

135 3101 311 3162 tareutur.
362 3089 499 3160 interea
514 3085 638 3160 sanum
657 3087 783 3184 ingene
799 3081 1067 3184 oppidanorum
1084 3082 1285 3188 frequentia
1301 3091 1463 3167 circum-

133 3211 282 3302 stabat,
305 3207 579 3285 Scantovitbum
604 3207 728 3282 talium
751 3208 962 3306 injuriarum
984 3225 1127 3284 autores
1151 3210 1287 3286 infestis
1306 3213 1464 3287 numinis

132 3341 197 3410 sui
230 3331 366 3410 viribus
389 3336 654 3423 insecuturam,
686 3334 918 3430 sperantium.
977 3333 1278 3432 insurrecturos,
1305 3351 1465 3410 extrema

133 3458 313 3531 tibiarum
331 3469 433 3555 parte
452 3458 619 3552 praeoisa,
643 3455 854 3554 propinquo
870 3458 996 3551 parieti
1020 3458 1150 3555 supina
1165 3457 1295 3532 incidit.
1348 3460 1464 3558 Cujus

133 3577 378 3655 extrahendae
401 3583 516 3678 gratia
539 3577 638 3650 Suno
660 3577 839 3650 ministros
859 3571 907 3646 ad
927 3573 1094 3672 ejusdem
1118 3583 1262 3678 patietis
1286 3578 1464 3680 dejectio-

131 3729 233 3777 nem
248 3699 424 3792 hortatus,
450 3723 578 3774 cavere
592 3701 714 3800 jussit,
741 3721 787 3770 ne
809 3693 1015 3771 succidendi
1029 3697 1197 3774 aviditate
1214 3701 1377 3804 pericula
1397 3723 1465 3776 sua

131 3851 281 3930 parum
300 3821 527 3926 dispicereut,
545 3849 625 3898 neu
647 3845 687 3896 se
705 3820 839 3894 labenti
856 3833 981 3894 statuae
997 3843 1066 3924 per
1079 3823 1253 3901 maurium
1271 3839 1465 3925 proteren-

127 3951 218 4028 'dos
234 3947 445 4050 objicerent.
494 3949 648 4022 Ruinam
664 3945 847 4022 simulacri
863 3969 937 4022 nou
954 3948 1030 4022 sine
1046 3941 1190 4047 fragore
1203 3945 1337 4026 humus
1353 3969 1467 4022 esee-

128 4213 320 4273 Dauorum.
368 4207 512 4271 Ilareutia
534 4223 622 4294 paene
639 4222 692 4268 sex
714 4203 782 4268 mil·
837 4202 959 4290 gentius
996 4202 1152 4288 precipue
1182 4201 1279 4280 aliare
1316 4213 1467 4268 nemete

128 4315 239 4382 lieris
252 4313 370 4378 Dacica
384 4313 423 4377 ab
440 4315 563 4377 meone
580 4310 720 4376 distabat.
836 4309 1023 4374 uenationis
1036 4308 1164 4374 Saxonis
1181 4309 1219 4376 de
1234 4311 1392 4376 erodere
1406 4323 1468 4376 sta-

194 4417 368 4502 *omnium
386 4417 467 4502 (Ser.
484 4423 612 4484 omuino.
632 4413 711 4504 ldg.)
836 4428 917 4497 tuae,
936 4433 1007 4478 curn
1025 4435 1063 4479 eo
1083 4417 1300 4496 morentiaco,
1313 4417 1372 4480 nisi
1384 4417 1469 4507 qnod

200 4530 387 4591 ²Erberuus
420 4543 450 4590 et
490 4527 571 4592 Seue
598 4527 785 4588 studueram
838 4543 902 4586 nou
916 4521 1090 4586 Eebernum
1110 4545 1170 4588 uua
1186 4544 1256 4588 eum
1271 4527 1395 4590 Sauone
1412 4544 1469 4588 uo·

125 4631 298 4712 eversuri]
317 4635 436 4697 humor
451 4633 532 4697 Hiat-
543 4631 657 4714 lluytl,
677 4629 731 4717 qui
747 4629 785 4694 de
836 4628 953 4708 minat,
973 4629 1006 4690 iu
1024 4629 1091 4716 ipsa
1111 4643 1213 4711 autem
1229 4631 1388 4698 eversione
1408 4639 1471 4694 ttt-
1513 4619 1516 4628 ⁴

122 4737 317 4811 obsidione
338 4750 371 4803 et
386 4737 545 4805 deditione
565 4740 784 4823 Aroouapau-
836 4749 901 4800 tuae
931 4739 1120 4817 sessorem,
1156 4737 1334 4824 episcopum
1365 4736 1469 4801 druti-

122 4851 190 4918 cis
211 4845 305 4912 modo
320 4845 384 4933 agit
404 4844 506 4913 verbis
519 4843 599 4932 (etp.
617 4843 702 4931 122),
716 4845 785 4910 dili·
838 4867 953 4932 entem,
972 4846 1044 4913 huie
1056 4845 1171 4914 socium
1186 4843 1297 4930 jungit.

687 4959 689 4966 '
1170 4961 1276 5058 (⁵3*)
