3536 5462
597 307 930 383 nilominus
943 310 969 382 1.
1315 307 1391 388 847

13 555 14 576 κ
125 521 263 592 Dunioa
281 513 469 590 nobilitata
482 514 557 594 aab
570 516 689 594 adiuta
702 517 952 619 Ringatadium
975 522 1163 612 ποιηταί,
1179 525 1274 596 nirm
1296 520 1447 598 tolenno

13 625 14 634 ¹
124 637 394 737 Jnannmqood
408 640 583 716 inmativo
594 641 748 718 solstitio
757 642 922 732 oolinrr2,
940 657 978 715 ot
990 645 1128 743 paranti
1141 641 1304 718 ooaloataa
1317 623 1443 718 hono-2

125 787 184 838 roa
210 777 249 836 et
273 761 352 836 lilio
373 767 491 862 region
506 761 701 838 aalobrara
723 768 916 855 maturuit,
949 768 1104 840 maxima
1127 764 1295 840 claritatis
1318 771 1444 842 inora-

125 901 247 996 mettta
262 899 494 986 aouepturam
515 910 557 960 aa
573 901 684 981 rama,
708 889 739 962 si
756 913 827 962 una
842 885 1044 990 eadamque
1060 888 1144 962 luoe
1159 915 1203 963 aa
1223 890 1268 962 iia
1289 888 1446 964 alterum

124 1033 197 1102 ara,
223 1007 376 1084 altarum
389 1033 527 1084 corona
544 1007 722 1100 dormant,
747 1027 786 1084 ut
800 1025 836 1083 ot
850 1009 958 1108 hojna
972 1011 1155 1086 infantiam
1168 1035 1323 1110 regnum
1343 1017 1444 1086 roni·-

123 1149 238 1234 perat,
261 1148 297 1204 ot
311 1130 408 1208 illins
418 1133 581 1232 apnitont
595 1132 744 1232 publica
759 1132 886 1234 religio
900 1150 1130 1209 conaemret.
1183 1133 1255 1208 Sed
1267 1159 1389 1234 unqua
1402 1159 1445 1210 aa

125 1257 202 1332 nlla
216 1255 286 1330 alia
304 1279 348 1329 ax
365 1279 406 1328 re
425 1267 561 1328 tantum
578 1255 770 1355 voluptatis
790 1255 1005 1331 hausturum
1019 1253 1201 1348 credebat,
1228 1282 1337 1355 quam
1354 1266 1384 1332 ai
1406 1259 1444 1332 in

126 1379 202 1455 fitto
215 1378 405 1480 majestatis
419 1401 496 1454 auae
511 1379 661 1480 iusignia
673 1382 777 1457 vlvtta
793 1385 1002 1480 conspicere
1015 1379 1200 1480 potuitaet.
1226 1382 1320 1474 Quin
1336 1383 1443 1456 etiarn

127 1672 228 1758 Magn.
248 1667 333 1751 1,17
353 1693 399 1760 sq.
420 1667 516 1753 317),
535 1682 567 1734 et
588 1693 666 1757 papa
688 1691 757 1736 cunt
861 1675 976 1737 'Omnt'
991 1675 1108 1736 Dunt'cn
1124 1673 1275 1735 nobilitate
1296 1715 1321 1735 ..
1341 1696 1442 1735 evoco·

129 1785 143 1847 1
150 1778 228 1861 iffi,
258 1794 326 1846 tunt
349 1777 429 1844 1160
451 1780 532 1842 oiroa
556 1777 617 1842 hon
637 1791 759 1866 tempus
813 1777 860 1862 to]
879 1779 1022 1842 invitatio
1035 1777 1314 1866 aperitliaiortaaaa
1328 1775 1442 1863 alepi-

127 1889 299 1956 Benartoti
338 1883 595 1950 commorabitur.
659 1889 758 1950 Varaa
812 1907 923 1973 acopon
936 1883 1444 1971 modmprrnlatotatlaorainttra-

130 2009 232 2062 tamen
255 2015 354 2060 anana
380 1991 502 2056 ridetur
522 1987 604 2080 1160
632 1989 677 2076 (r.
700 1993 760 2058 dia·
813 1995 860 2081 gia
875 1994 1137 2074 ariarat3annalaa
1151 2013 1224 2058 rero
1233 1997 1446 2071 Earomonaat,

128 2103 207 2188 qnia.
237 2102 275 2167 tla
307 2099 447 2166 chronol.
471 2119 574 2164 aarum
597 2101 678 2162 Dan.
708 2099 757 2162 hia
814 2114 976 2190 postquam
989 2119 1096 2165 omnat
1114 2101 1287 2186 epitropoa,
1303 2100 1357 2187 qui
1371 2099 1442 2164 huin

127 2207 214 2274 annia
240 2219 392 2296 gattarum
419 2205 501 2268 inter
530 2217 593 2268 not.
613 2201 758 2286 uberior.)
812 2207 893 2297 fatto
910 2205 1081 2285 alluerant,
1099 2207 1350 2284 nominaverunt,
1374 2207 1442 2270 hano

127 2313 237 2400 Legati
256 2313 351 2398 igitur
369 2311 426 2375 aub
442 2309 535 2376 finem
557 2309 687 2376 lortaata
706 2335 760 2402 an·
813 2314 946 2380 adduntt
975 2311 1110 2381 Aderant
1128 2315 1224 2377 aniam
1244 2334 1313 2378 oum
1335 2311 1442 2398 primia

128 2399 163 2482 ni
186 2415 268 2484 1169
295 2417 344 2482 vel
365 2415 453 2482 initio
483 2417 556 2481 anni
584 2413 664 2482 1170
694 2418 760 2482 bul·
813 2419 1039 2505 etprimatilrut
1058 2430 1141 2483 terro
1163 2431 1225 2483 tam
1251 2417 1326 2483 oleri
1348 2417 1444 2504 quam

83 2541 86 2556 ·
128 2525 191 2589 lant
219 2523 360 2610 papalem
396 2525 575 2588 retulerunt.
623 2513 760 2608 'Legato-
814 2525 912 2612 plebia
946 2527 1078 2612 populna
1105 2525 1330 2592 innumerabilia
1356 2527 1441 2609 (Sor.

128 2653 198 2695 runt
225 2629 381 2715 rugiorum
399 2627 492 2694 modo
512 2651 599 2708 unna,
618 2633 761 2719 arrhaipt'·
814 2635 852 2698 R.
870 2623 1093 2712 01111111).
1121 2637 1185 2698 Nto·
1204 2627 1294 2698 laoilo
1316 2653 1442 2718 gontra-

127 2761 237 2825 annptu
257 2739 440 2826 Upanlt'ansis
465 2737 683 2824 (Stephanos),
707 2736 761 2823 qui
815 2741 853 2804 lit
869 2738 976 2826 populi
1000 2737 1141 2802 inritatio
1164 2737 1205 2802 ad
1225 2738 1375 2823 ejoamotli
1395 2738 1442 2806 st·

126 2863 200 2910 oum
218 2864 283 2922 aaa,
308 2855 374 2908 tom
397 2841 589 2912 Waltitmari
606 2843 688 2929 ragit
707 2863 761 2910 na·
814 2859 896 2913 atum
920 2846 982 2914 hoo
1006 2857 1148 2933 tempora
1173 2845 1213 2911 ab
1235 2847 1440 2931 resonarint

125 2950 216 3038 gotia
234 2949 376 3018 abanim
406 2947 445 3012 ad
471 2969 582 3038 papam
600 2947 761 3035 profectus
816 2963 871 3018 ett.

126 3069 212 3137 erat,
242 3056 274 3120 in
299 3055 357 3120 ltao
381 3053 464 3119 bolla
488 3055 671 3120 nominatur.
724 3060 759 3122 ln
811 3071 812 3076 ’

124 3162 188 3228 alia
216 3183 290 3226 vtro
316 3160 446 3248 apiatola
475 3157 581 3242 (etiarn
614 3161 665 3226 illa
695 3161 761 3226 aina
861 3165 975 3230 2δέκα
989 3168 1106 3229 solenne
1124 3169 1251 3229 loannis
1273 3208 1297 3230 ..
1319 3167 1439 3248 aolt'tnr]

125 3263 226 3350 anno)
240 3277 300 3354 qua
324 3289 404 3354 papa
422 3266 534 3330 ibidem
547 3289 577 3333 a.
596 3265 626 3330 d.
643 3269 669 3331 ll
683 3271 761 3332 Non.
813 3269 958 3334 Etlix'orat
973 3293 1051 3357 papa
1062 3271 1092 3334 in
1109 3270 1200 3348 bulla,
1212 3272 1441 3338 translationem
1510 3269 1516 3277 ’

122 3375 249 3442 Noabr.
289 3374 397 3458 Rugiae
410 3369 519 3438 insulan
533 3371 761 3462 '’magister-inm
815 3375 925 3441 Canuti
935 3398 961 3438 a.
978 3374 1072 3443 (1.011
1082 3377 1145 3441 Cal.
1159 3377 1269 3455 Julian
1279 3375 1328 3441 dte
1342 3379 1370 3443 ti
1389 3401 1442 3442 na·

122 3495 160 3546 ot
177 3479 381 3568 prolationem
401 3480 433 3543 in
453 3479 680 3565 apiritaalibm”
697 3481 763 3567 api·
813 3485 879 3563 tali,
898 3482 1106 3546 celebrandam
1126 3501 1198 3548 atat·
1240 3483 1333 3570 Quod
1349 3484 1442 3550 otiam

120 3607 229 3674 wopa
249 3585 625 3672 Rotaltildtntiindulgat
645 3585 762 3668 (ravin.
814 3586 928 3652 lantum
941 3601 1004 3668 ott3
1027 3587 1154 3670 (fratum
1166 3590 1373 3658 trtmlttionit
1389 3591 1442 3656 tla-

117 3715 204 3782 μς.
230 3687 292 3758 108
324 3715 387 3780 aq„
414 3690 646 3780 Pontoppidani
679 3691 761 3755 Anu.
814 3693 958 3759 aoribitnr
976 3693 1280 3780 aPontoppidanol.
1297 3719 1324 3762 o.
1339 3701 1363 3778 1,
1378 3694 1442 3764 tte

117 3799 205 3866 anal.
223 3802 303 3891 Dan.
324 3803 348 3880 l,
366 3795 429 3864 407
451 3821 509 3886 aq„
539 3798 719 3864 Thorlttlin.
739 3799 761 3860 l.
814 3797 907 3885 aqq.),
929 3810 961 3862 at
978 3797 1100 3884 quidam
1116 3821 1197 3864 nano
1216 3799 1297 3866 1170
1318 3801 1360 3884 (v.
1382 3805 1442 3870 dn-

116 3927 150 3970 o.
169 3909 195 3984 1,
211 3901 273 3968 151
286 3926 333 3993 aq.
346 3903 436 3986 326),
447 3901 762 3978 instantibutiiadem,
816 3905 893 3992 quia.
908 3905 946 3971 tle
960 3887 1161 3992 chronologia
1184 3907 1264 3970 inter
1284 3891 1348 3970 not'
1368 3909 1442 3973 ube·

114 4025 156 4077 ut
190 4009 329 4091 videtur,
364 4012 490 4098 legatia,
519 4032 588 4076 nutu
611 4012 760 4101 Stephano
815 4011 904 4093 rior.)
946 4011 1007 4078 Sed
1029 4025 1145 4097 praeter
1172 4011 1255 4076 huno
1275 4012 1355 4078 diem
1386 4013 1443 4078 tti-

113 4117 327 4184 nominantur
346 4121 495 4184 Joltannes
514 4121 670 4218 Magister,
683 4139 761 4181 nun·
816 4119 938 4186 amdiaa
951 4115 1192 4199 immtanunii,
1210 4119 1273 4185 diet
1288 4119 1377 4204 ltujut
1386 4123 1444 4186 Ca·
1564 4161 1571 4182 .

113 4227 189 4292 tina
227 4223 328 4310 ragit,
373 4237 406 4290 tt
436 4229 575 4290 Galenus
604 4225 761 4310 Magister,
816 4225 884 4288 nuti
904 4227 1099 4305 emortuam,
1123 4245 1214 4312 quan
1234 4223 1307 4292 fatti
1331 4227 1443 4292 Danioi

111 4330 261 4398 clerium
287 4329 469 4411 anulonis,
492 4333 567 4397 itam
590 4336 761 4398 Brinnenn's
816 4332 940 4397 nomina
957 4333 1024 4417 ejna
1039 4331 1226 4418 insigniunt,
1244 4333 1273 4397 ai
1295 4325 1443 4400 tollannit

111 4437 243 4517 abbat,
261 4435 345 4504 hauri
366 4436 458 4502 dubie
474 4443 639 4512 Brt'ennos,
658 4436 762 4515 abbat,
816 4439 892 4502 erat.
932 4439 1090 4523 Legendaa
1106 4438 1223 4524 aliquot
1245 4459 1262 4504 a
1285 4437 1443 4506 bratitriia
1576 4427 1581 4436 ’

110 4545 181 4635 qui
203 4543 382 4610 monasterii
401 4546 448 4609 aui
472 4541 594 4629 (littra)
616 4563 702 4610 nausa
723 4563 761 4608 ao
816 4556 848 4610 at
863 4543 1031 4608 mittatibm
1044 4545 1239 4610 ecclesiarum
1256 4544 1443 4612 Danioarnm

108 4667 273 4736 tempora
299 4651 330 4714 in
354 4651 438 4715 curia
466 4649 568 4738 papali
592 4669 762 4718 commom-
817 4651 995 4737 daarriptan
1013 4669 1070 4716 noo
1088 4671 1152 4716 non
1169 4651 1244 4718 duaa
1261 4654 1443 4720 vitattnnoti

106 4763 239 4837 batum
267 4777 298 4822 r·
319 4755 434 4822 Exord.
462 4759 548 4822 Carae
573 4756 680 4822 inania
712 4779 761 4845 ap.
817 4757 957 4840 martyria
970 4755 1180 4842 Langaboln'ua
1193 4761 1259 4828 Str.
1272 4763 1309 4836 R„
1326 4764 1366 4826 D.
1381 4765 1442 4825 Το-

103 4861 268 4948 Langob.
285 4864 352 4930 Sur.
372 4866 411 4928 tt.
430 4865 472 4927 D·
487 4865 528 4942 V,
541 4859 612 4926 143.
816 4884 867 4930 nto
882 4865 927 4936 lv
943 4864 1079 4932 instruit.
