3508 5460
582 318 911 392 WALDEMARUS
938 323 963 390 l.
1303 323 1374 394 755

120 550 277 628 pugnans
292 551 403 626 snper
417 527 549 600 sactum
567 553 587 600 a
606 553 645 602 se
664 545 820 628 stragem
836 529 951 627 plenis
966 529 1091 630 gloriae
1112 529 1321 606 vulneribus
1339 557 1425 606 cor·

119 653 191 724 ruit.
247 654 372 749 ltaque
386 673 460 724 non
480 648 598 726 solum
616 655 821 724 innumeros
836 652 896 724 lati
913 655 1060 726 comites
1077 651 1212 744 habuit,
1239 652 1303 728 sed
1322 661 1425 728 etiarn

117 779 319 876 superstites
346 772 560 848 fortitudinis
582 797 657 846 suae
682 773 890 870 spectaculo
912 777 1075 848 attonitos
1096 776 1245 874 reliquit
1312 779 1426 874 Cujus

15 911 16 992 ξ
116 901 290 976 excellenti
310 903 434 972 virtute
451 912 588 969 tantum
603 912 808 992 promotum
827 912 888 988 est,
915 912 952 968 ut
968 895 1135 996 deinceps
1149 894 1260 971 Sclavi
1282 923 1426 972 manum
1451 957 1454 964 .

15 999 16 1028 l
116 1049 196 1098 cunr
211 1027 322 1098 Danis
338 1022 414 1092 acie
429 1042 614 1092 conserere
630 1043 704 1092 non
722 1016 901 1092 auderent.

242 1151 346 1218 Anno
369 1144 533 1241 postero¹
555 1142 666 1214 Danis
689 1140 950 1238 expeditionem
969 1126 1194 1239 parantibus,
1220 1144 1424 1242 Rugienses,

114 1269 165 1342 ob
183 1284 361 1342 recentem
387 1262 525 1338 cladem
548 1261 764 1361 suscipiendi
780 1262 866 1337 belli
882 1262 1012 1336 fiducia
1032 1262 1171 1352 defecti,
1196 1265 1424 1340 Domborum

114 1390 304 1490 quendam,
320 1389 501 1487 praestanti
517 1386 693 1476 facundia,
711 1385 756 1458 ad
773 1409 898 1484 pacem
917 1385 965 1458 ab
983 1388 1067 1484 ipsis
1086 1385 1275 1485 petendam
1291 1389 1423 1464 decer-

113 1531 208 1588 nunt
260 1517 341 1607 Quo
356 1510 516 1602 absalon
536 1525 696 1608 excepto,
721 1510 901 1608 navigium
926 1509 1003 1606 ejus
1027 1507 1259 1606 expeditionis
1284 1513 1425 1586 sibimet

112 1639 191 1711 usui
209 1640 321 1728 vertit,
346 1635 463 1708 nautis
479 1657 576 1724 vero,
595 1628 718 1730 quoad
735 1647 981 1720 reverteretur,
1002 1629 1154 1730 hospitia
1178 1657 1261 1706 cum
1276 1635 1422 1734 impen-

113 1763 162 1832 sis
180 1755 399 1857 expedienda
422 1759 570 1846 curavit,
585 1756 736 1853 ipsoque
752 1755 943 1828 Domboro
960 1779 1082 1828 secum
1100 1775 1299 1856 assumpto,
1315 1767 1422 1860 regiae
1472 1807 1476 1820 ·

112 1878 230 1954 classis
246 1895 462 1954 conventum
480 1879 613 1977 petivit.
664 1875 844 1975 Siquidem
863 1874 996 1974 legatos
1014 1874 1169 1950 hostium
1195 1879 1422 1978 expeditionis

113 2019 272 2101 tempore
288 2019 473 2102 susceptos
487 2000 534 2074 ad
549 1999 700 2074 reditum
717 2023 833 2096 usque
850 2000 941 2096 ejus,
955 2015 1077 2072 mutua
1094 2003 1324 2100 Rugiensium
1339 2008 1421 2080 Da-

110 2149 311 2222 nornmque
328 2123 591 2217 consuetudine,
610 2127 772 2197 retentari
794 2122 848 2194 sas
865 2137 958 2213 erat,
984 2145 1028 2192 ne
1049 2121 1093 2194 ad
1112 2145 1197 2198 suos
1222 2145 1422 2200 exterarum

110 2273 228 2320 rernm
246 2250 363 2320 nuncii
385 2263 660 2338 reverterentur,
692 2243 940 2344 speculationis
967 2246 1084 2341 potius
1109 2270 1217 2344 quam
1240 2247 1434 2348 legationis

110 2369 225 2444 officia
238 2375 426 2468 peracturi.
484 2370 555 2443 Sed
577 2373 761 2444 contrariae
788 2357 1015 2464 tempestatis*
1028 2371 1289 2464 perseverantia
1313 2376 1421 2446 navi-

108 2495 287 2592 gationem
300 2507 483 2584 morante,
508 2516 589 2564 cum
617 2493 699 2582 luti,
722 2487 925 2562 labentibus
947 2486 1132 2580 alimentis,
1161 2491 1421 2589 expeditionem

109 2614 258 2688 soluturi
277 2611 493 2704 viderentur,
517 2638 645 2686 eorum
659 2612 807 2712 egestati
828 2609 1072 2684 sialandenses
1092 2635 1135 2683 ac
1143 2614 1255 2706 Scani,
1273 2617 1421 2714 impen-

109 2740 155 2812 sis
168 2735 363 2810 liberaliter
379 2736 651 2828 commeatibus,
664 2735 861 2826 affuerunt,
884 2759 930 2806 ne
957 2749 1053 2806 tanta
1070 2733 1197 2808 virium
1221 2752 1321 2834 pune
1335 2763 1421 2810 ma-

108 2859 206 2958 ligno
218 2861 433 2934 necessitatis
453 2857 640 2935 obstaculo
658 2857 921 2934 fraudarentur.
970 2858 1175 2930 Fionienses
1199 2884 1296 2950 vero,
1322 2881 1420 2934 tam-

107 2985 168 3056 etsi
191 2983 452 3056 commeatibus
478 2981 723 3072 abundarent,
748 3007 793 3054 ne
811 2984 991 3052 minimam
1018 2978 1164 3077 quidem
1181 3005 1306 3056 eorum
1327 3008 1419 3082 par-

108 3121 176 3178 tem
196 3081 537 3194 ad‘sustentandam
560 3107 740 3178 sociorum
758 3109 913 3200 inopiam
930 3100 1164 3176 contulerunt.
1229 3104 1338 3197 Quod
1361 3110 1420 3179 vi-

106 3225 196 3300 dens
213 3227 426 3302 Domborus
440 3253 579 3326 pacem,
595 3253 703 3326 quarn
719 3243 799 3300 ante
822 3223 976 3324 supplex
996 3227 1185 3323 petiverat,
1209 3227 1280 3300 sub
1306 3233 1420 3329 aequis

104 3365 240 3424 tantum
257 3348 523 3424 conditionibus
542 3349 723 3424 offerebat.
774 3353 952 3422 Caeterum
968 3345 1156 3422 Absalonis
1180 3348 1279 3447 apud
1296 3377 1420 3452 regem

105 3477 344 3547 interventum
358 3473 544 3572 poscebat.
595 3480 720 3572 Aquo
736 3471 951 3546 oblationem
965 3493 1066 3543 suam
1083 3469 1217 3569 liquida
1233 3471 1306 3546 lide
1324 3500 1420 3574 pro-
1499 3549 1504 3560 ,

102 3600 207 3693 sequi
223 3611 383 3694 rogatus,
408 3597 568 3696 pignoris
588 3596 671 3670 loco
695 3594 857 3691 lapillum
882 3617 922 3666 se
947 3617 1052 3690 aquae
1078 3594 1288 3691 injecturum
1315 3621 1419 3672 asse-

101 3723 184 3790 ruit
237 3716 420 3816 Siquidem
444 3719 564 3794 icturis
581 3719 702 3794 foedus
722 3716 887 3790 barbaris
904 3715 1065 3816 religioni
1090 3735 1164 3792 erat
1188 3717 1368 3792 calculum
1384 3721 1420 3792 in

100 3839 223 3914 undas
239 3842 428 3939 conjicere,
435 3865 556 3940 seque,
572 3847 600 3916 si
617 3857 723 3940 pacto
741 3839 887 3914 obviam
898 3839 1015 3928 issent,
1031 3845 1139 3912 mersi
1149 3837 1277 3936 lapidis
1293 3864 1418 3914 exem-

99 3961 171 4059 plo
188 3965 367 4061 perituros
383 3990 495 4039 orare.
548 3963 619 4038 Sed
634 3980 754 4038 contra
772 3978 943 4062 poscente
958 3957 1104 4034 obsides
1122 3960 1321 4054 thedone,
1353 3963 1418 4038 su·

98 4107 264 4186 cosaque
287 4089 578 4186 superstitionum
602 4085 787 4160 mendacia
813 4086 848 4156 in
874 4083 983 4156 rebus
1003 4084 1102 4158 seriis
1125 4083 1323 4182 recipienda
1349 4111 1421 4161 ne-

96 4226 231 4307 gante,
269 4209 554 4311 haudquaquam
594 4208 784 4281 Domboro
823 4222 947 4278 mutua
983 4205 1221 4305 petendorum
1252 4202 1420 4282 obsidum

94 4329 238 4404 fiducia
257 4331 380 4408 defuit
441 4332 548 4429 Quod
571 4332 730 4406 Absalon
744 4329 887 4428 indigne
905 4330 1042 4418 ferens,
1066 4331 1249 4428 Rugianos
1263 4355 1335 4404 non
1353 4354 1420 4404 so-

94 4451 180 4526 lum
197 4453 343 4530 obsides
357 4456 480 4545 Danis,
506 4455 571 4530 sed
589 4457 693 4529 etiam
710 4453 900 4553 pecuniam
925 4478 1007 4526 cum
1024 4450 1281 4552 supplementis
1299 4451 1420 4528 classis

92 4582 339 4654 transmittere
352 4578 473 4653 solitos
489 4577 726 4669 assemrabat,
751 4601 832 4650 cum
848 4578 940 4650 Dani
963 4573 1050 4647 nihil
1072 4572 1141 4648 tale
1159 4575 1326 4674 Rugianis
1345 4601 1419 4649 un-

152 4879 161 4910 ¹
175 4879 263 4939 Anno
274 4877 403 4966 postero]
422 4880 510 4942 Anno
531 4874 621 4942 1160.

174 4997 230 5048 seu
244 5003 370 5050 creusa.
388 5003 448 5048 nur.
464 5005 522 5048 nn.
1150 4977 1226 5072 (48)
