3582 5466
367 281 443 350 aaa
692 277 864 348 fflsroa.
880 277 985 348 nau.
1002 276 1140 348 cinna
1159 279 1277 380 ruri,

321 487 551 585 temperabat.
603 495 692 581 Quae
706 511 789 560 cum
804 487 985 558 intercutis
1001 484 1164 558 humoris
1188 486 1273 560 vitio
1307 483 1498 560 immodico
1518 485 1632 558 tibia-

322 633 403 682 rum
423 625 568 709 turgore
584 623 819 707 premeretur,
844 633 963 705 neque
978 605 1151 680 letiferam
1170 607 1289 682 morbi
1311 607 1449 684 rabiem
1465 605 1632 680 medica-

322 733 448 806 mentis
465 731 584 804 levare
598 732 779 828 quivisset,
798 728 845 802 ad
868 730 1025 803 nltimam
1042 755 1146 828 paene
1167 730 1289 804 tabern
1310 729 1472 822 redacta,
1505 733 1631 804 Ganu-

322 871 397 928 tum
413 855 565 954 egregiae
581 849 712 926 indolis
729 851 862 926 fiducia
877 852 1039 946 advocat,
1064 859 1300 952 impenseqne
1312 850 1489 944 hortatur,
1504 859 1630 952 patriae

317 1001 450 1075 ‚pacem
476 979 838 1073 propinquorumque
863 973 1091 1050 concordiam
1111 975 1195 1050 fldci
1215 997 1290 1050 suae
1308 975 1482 1050 beneficio
1500 974 1634 1068 foreat,

324 1113 517 1172 tutamento
531 1096 693 1186 stabiliat,
709 1114 917 1197 tantumque
933 1123 972 1172 se
985 1099 1022 1172 in
1038 1097 1149 1172 rebus
1165 1098 1367 1173 domesticis
1383 1114 1492 1200 gerat,
1508 1123 1634 1198 quan-

324 1237 400 1295 tum
417 1241 537 1320 egerat
551 1222 587 1292 in
603 1223 762 1294 externis.
787 1218 928 1319 Adjecit
940 1244 1101 1320 quoque,
1117 1229 1274 1313 existere,
1290 1229 1352 1322 qui
1370 1223 1479 1321 regiae
1497 1219 1634 1296 taniti-

325 1343 557 1414 securitatem
576 1340 661 1414 odio
685 1339 849 1441 disjicere
865 1345 1074 1438 niterentur;
1106 1367 1145 1416 se
1170 1371 1256 1418 vero
1279 1343 1395 1443 plenis
1419 1341 1636 1418 salubritatis

325 1469 465 1538 monitis
484 1461 668 1561 pestiferos
681 1462 805 1536 talium
827 1466 1006 1540 instinctus
1031 1470 1212 1564 pressisse.
1269 1467 1331 1540 llle
1355 1466 1463 1540 deum
1489 1465 1636 1564 simpli-

326 1589 439 1661 citatis
451 1609 527 1660 suae
541 1601 662 1659 testem
682 1585 840 1682 affirmat,
859 1613 972 1687 seque
986 1613 1094 1662 omne
1113 1593 1190 1662 vitae
1213 1605 1356 1688 tempus
1375 1590 1574 1662 innocentia
1590 1614 1636 1661 ac

326 1705 399 1783 fide
420 1723 647 1802 exacturum,
674 1708 915 1808 periculorum
937 1709 1117 1810 procellas
1141 1715 1306 1810 excipere
1337 1736 1447 1812 quarn
1475 1709 1637 1814 infligere

326 1831 433 1906 malle
448 1836 629 1931 promittit,
643 1832 800 1932 odioque
815 1831 997 1906 beneficiis
1011 1857 1246 1931 repensurum
1263 1851 1421 1909 testatur.
1452 1834 1528 1925 llla,
1542 1860 1638 1934 pro-

328 1956 500 2030 missionis
516 1955 691 2030 benelicio
708 1955 896 2048 delectata,
928 1972 1034 2030 tantae
1051 1955 1136 2030 fidei
1156 1979 1319 2030 securam
1338 1979 1446 2056 ecquo
1459 1983 1501 2031 se
1516 1960 1637 2032 animo

327 2076 505 2150 obituram
528 2079 686 2150 asseruit.
744 2081 842 2172 Qnae‘
857 2096 895 2153 ut
916 2077 1082 2178 juvenilis
1099 2077 1242 2152 invidiae
1261 2079 1393 2155 fluctos
1425 2079 1639 2157 0100001ιί-

328 2199 417 2290 bult,
441 2199 488 2272 ita
507 2217 721 2300 consumpta
741 2199 881 2275 laxavit.
940 2205 1030 2274 Nam
1048 2201 1096 2274 ab
1114 2204 1194 2301 ejus
1210 2203 1280 2276 fato
1300 2205 1495 2302 juventutis
1512 2206 1638 2303 impa-

328 2327 448 2397 tientia
470 2325 622 2424 primam
646 2323 818 2422 propositi
842 2321 985 2398 sceleris
1007 2321 1180 2397 licentiam
1203 2343 1364 2400 mutuata
1384 2345 1447 2403 est.
1508 2325 1641 2400 Sedet

327 2445 513 2537 Henricus‚
529 2463 658 2548 praeter
681 2467 911 2519 communem
933 2445 1146 2522 simultatem
1169 2453 1274 2522 etiam
1299 2453 1437 2547 privata
1458 2453 1641 2524 Canuturn

328 2562 565 2670 indignatione
582 2593 751 2666 perosus,
776 2571 927 2666 injectos
944 2566 1150 2668 malignitati
1174 2594 1249 2644 suae
1266 2570 1386 2646 [renos
1411 2573 1539 2656 audaci
1561 2575 1638 2646 im-

327 2695 457 2790 pietate
484 2690 655 2766 discussit.
723 2687 936 2763 1111000010ί
964 2717 1112 2791 quoqne
1138 2693 1347 2791 praelectum
1372 2711 1408 2768 et
1430 2697 1638 2794 llaquiuum

327 2813 459 2904 filium,
482 2839 558 2912 quo
575 2812 712 2885 firmius
734 2812 859 2886 dolum
883 2830 1035 2888 strueret
1058 2820 1392 2916 promptioremque
1409 2815 1531 2890 sceleri
1551 2815 1639 2888 adi-
1776 2907 1777 2910 Ἴ

327 2917 403 3008 1010
420 2934 632 3044 conq'liaret,
647 2933 854 3008 insidiarum
871 2939 1058 3036 participes
1076 2937 1169 3010 lacit.
1219 2941 1264 3010 Hi
1279 2955 1360 3033 tres,
1377 2945 1544 3012 eximium
1558 2943 1637 3012 Ca·
1678 3007 1680 3010 .
1776 2919 1777 2922 Ἴ

328 3059 405 3130 nuti
420 3056 596 3153 fulgorem
625 3058 763 3130 virtutis
793 3058 1017 3132 aemulatione
1035 3061 1191 3157 pertaesi,
1213 3083 1324 3161 grave
1345 3059 1518 3133 mendacii
1541 3067 1639 3136 inci-

328 3192 520 3252 tamentum
545 3177 735 3252 adversum
759 3177 987 3254 excellentem
1008 3183 1087 3281 ejus
1105 3181 1351 3256 claritudinem
1368 3183 1638 3259 destrinxerunt.

327 3305 469 3402 Itaque,
493 3297 816 3398 splendidissimum
850 3310 974 3402 patriae
995 3304 1117 3378 lumen
1148 3305 1362 3380 densissimis
1391 3307 1548 3381 tenebris
1572 3311 1639 3380 in-

328 3424 473 3500 volvere
497 3430 697 3521 cupientes,
719 3424 807 3497 niliil
832 3450 913 3499 eum
944 3429 1039 3527 regis
1064 3415 1145 3503 ritae
1166 3429 1462 3528 temporibusque
1485 3428 1644 3522 deferre,

326 3546 391 3622 sed
406 3549 518 3646 ipsius
531 3550 662 3621 exitum
677 3571 910 3647 praepropera
933 3551 1128 3623 ambitione
1154 3577 1372 3650 praecurrere
1394 3555 1542 3651 jamque
1571 3579 1642 3626 re-

321 3670 418 3772 giam
441 3671 510 3742 sibi
532 3677 723 3770 potentiam
747 3693 916 3770 arrogare
932 3671 1107 3747 dicebant.

456 3797 571 3868 Movit
586 3817 706 3894 regem
730 3799 816 3866 tanti
836 3809 1062 3894 contemptus
1081 3798 1214 3892 opinio,
1239 3797 1525 3896 denunciataque
1541 3821 1645 3870 con-

326 3916 935 4015 01000,’00001001]“01)0100000012.
995 3921 1064 4012 Qui
1083 3945 1165 3992 cum
1180 3923 1281 4018 prior
1302 3925 1536 4018 praestitutum
1556 3923 1638 3994 100-

371 4204 551 4288 ι111100ιο]
571 4209 712 4269 Fratrem
729 4209 846 4274 Nicolai
859 4216 950 4298 regis,
1005 4213 1044 4275 tis
1067 4231 1104 4276 or
1120 4211 1286 4276 Helmoldo
1307 4213 1481 4292 attulimus,
1510 4212 1651 4276 conciti-
1775 4193 1777 4214 ⁴

267 4302 270 4308 ’
324 4313 376 4396 qni
390 4313 565 4392 Sunniram,
581 4313 674 4378 liliam
689 4317 834 4399 Haconis,
855 4321 949 4384 comi·
1009 4339 1109 4398 emus,
1142 4317 1365 4382 observandum
1387 4329 1449 4396 est,
1484 4319 1653 4383 saxonem

324 4418 364 4482 tis
378 4421 548 4504 Norregiae,
567 4423 598 4484 10
615 4421 839 4488 matrimonium
857 4425 948 4491 duxe-
1006 4427 1133 4489 omnino
1150 4424 1336 4511 praeteriisse
1349 4423 1540 4508 colloquium
1553 4423 1655 4489 iuter

325 4536 383 4588 rat.
1007 4529 1161 4616 principes
1183 4528 1310 4594 Slesvioi
1334 4529 1484 4608 habitam,
1497 4531 1656 4596 11010101-

1006 4637 1079 4700 10οι
1101 4657 1174 4700 vero
1188 4655 1249 4698 000
1269 4637 1327 4699 nisi
1345 4637 1449 4720 paucis
1467 4633 1571 4702 verbis
1591 4654 1658 4704 et-
1776 4627 1777 4642 ¹

369 4738 539 4800 ²Coautum
553 4740 637 4820 J'abet
659 4739 781 4823 accersi]
808 4745 849 4806 Ut
870 4743 948 4806 0010-
1006 4744 1108 4828 tigisse
1131 4739 1269 4821 comitia,
1295 4741 1329 4804 in
1359 4741 1468 4826 quibus
1490 4744 1657 4814 Nloolnus

325 4842 438 4905 tionem
456 4845 582 4908 Saxonis
597 4865 664 4909 cum
685 4846 730 4928 iis,
750 4871 820 4934 quaa
839 4847 869 4914 in
889 4873 944 4915 no·
1004 4849 1212 4913 reconciliatus
1226 4860 1271 4912 est
1287 4849 1415 4914 Canuto.
