3538 5460
475 259 624 332 Nomina
642 283 879 358 personatum
897 276 932 332 et
948 259 1179 358 populorum.

210 463 273 545 dit,
295 461 373 544 769,
397 477 430 532 et
451 477 565 533 termut
583 471 727 556 utrinque
743 470 795 536 de·

212 585 322 653 cnut,
340 567 465 640 76968.
505 575 553 638 Ex
565 595 652 640 smne
669 578 794 641 classem

210 677 326 758 educit,
345 691 506 765 postquem
523 683 615 766 Rugii
635 693 667 746 et
684 687 795 747 Pome-

209 785 276 848 rsui
293 784 408 850 feustrs
429 788 531 850 consti
549 787 681 867 suerent,
699 789 794 853 cissse

207 911 260 954 sus
275 894 380 957 Deuos
395 892 428 955 in
444 911 533 961 smne
546 895 699 973 claudere,
716 891 793 958 763-

205 991 267 1076 643
289 995 424 1064 diverses
443 1013 547 1086 pectes
567 1001 676 1087 Rugi·
697 1001 792 1085 depo-

211 1102 346 1186 puistuc,
358 1095 431 1184 764,
451 1107 538 1190 cujus
558 1106 667 1182 incole
684 1107 792 1192 psce'm

205 1219 337 1291 petunt,
366 1208 499 1293 764-67,
521 1235 612 1300 qvem
633 1211 790 1278 obsidibus

211 1313 290 1378 dstis
314 1316 471 1398 obtinent3
495 1319 606 1385 deiude
633 1342 706 1386 vero
736 1341 790 1384 rex

207 1420 333 1484 domum
363 1443 432 1488 cum
460 1425 556 1490 olssse
591 1430 689 1515 petit,
719 1423 790 1492 767.

202 1527 429 1592 iuimicitiscum
450 1529 532 1596 iuter
552 1552 619 1597 eum
642 1547 674 1597 et
689 1533 789 1598 troisi·

206 1634 385 1719 episcopum
412 1637 560 1702 Esitiiium
601 1640 721 1703 initium
736 1721 742 1732 Ι
756 1653 788 1703 et

204 1759 305 1818 osuss,
326 1735 451 1804 76869.
491 1744 568 1826 Ejus
590 1747 621 1810 iu
639 1747 789 1812 miiitum

201 1845 266 1923 m,
299 1832 368 1910 770.
411 1847 523 1914 ortem
551 1851 583 1913 tn
612 1852 712 1916 sonno
730 1853 789 1918 m.

146 1980 148 1990 ⁴
201 1951 312 2018 thcicoe
325 1951 790 2038 peiudisubEslsiiioconsteuc-

203 2069 267 2122 teus
284 2060 444 2126 obsidione
461 2075 576 2143 tentet,
594 2061 728 2142 770-71,
758 2076 789 2127 et

202 2165 334 2230 consilio
356 2165 396 2231 sd
424 2167 612 2236 deditionem
634 2169 788 2257 perducit,

200 2267 329 2339 771·72
370 2279 483 2339 Postea
503 2278 637 2342 Esitilins
659 2277 787 2341 emiciti·

199 2399 250 2442 um
266 2379 332 2464 ejus
347 2380 406 2472 sihi
418 2383 580 2448 conciliem
590 2383 700 2460 studet,
716 2379 786 2446 779.

200 2485 362 2551 Octaviuui
372 2487 521 2568 (Victoris
531 2489 612 2570 thi)
622 2511 712 2575 pepae
731 2508 787 2572 op·

195 2593 329 2680 posititii
342 2595 673 2680 purtibnssliqvuntom
682 2593 786 2658 isvete

200 2696 379 2778 adducitur,
401 2697 472 2766 779.
516 2700 681 2767 Castellum
707 2703 787 2766 Wu-

197 2805 353 2886 ,logsstum
370 2805 500 2885 obsidet,
515 2807 698 2892 subigitque,
716 2803 788 2869 773.

200 2911 298 2975 ctus·
312 2912 498 2977 simultatum
509 2933 577 2978 cum
586 2914 720 2978 ilenrico
729 2917 788 2976 Lc-

199 3035 273 3094 one,
298 3013 368 3082 774.
409 3021 549 3086 Scribam
570 3043 658 3085 suum
673 3019 788 3082 Redol-

195 3121 787 3212 phomuuntiumsdimperatoremmit·

193 3229 256 3304 tit,
287 3242 322 3293 ut
348 3227 386 3294 de
414 3231 576 3296 schismate
595 3233 627 3295 in
652 3232 779 3298 ecclesis

196 3347 269 3398 orto
292 3327 417 3420 egeret,
440 3331 565 3404 774-75.
606 3341 649 3402 Et
671 3337 709 3405 sb
729 3339 787 3402 im·

194 3453 344 3528 pecctore
378 3459 449 3505 cum
481 3444 599 3527 mugnis
629 3447 786 3531 promissis

193 3547 229 3610 in
277 3567 473 3632 congressum
512 3549 675 3629 iuvitstuu,
712 3547 785 3615 775.

193 3656 259 3718 lter
280 3653 346 3737 ejus
366 3653 404 3718 ed
423 3653 639 3740 imperstorem
661 3667 693 3719 et
715 3673 785 3718 cum

193 3777 234 3822 eo
251 3777 441 3843 congressus,
463 3755 589 3825 776-86.
623 3759 785 3826 Anuntiis

191 3865 347 3948 Nocvegis
361 3862 399 3927 sd
413 3886 543 3950 reguum
556 3869 718 3954 Nouvegiae
732 3887 784 3932 oc·

193 3971 368 4054 stupendum
389 3970 546 4052 invitetur,
570 3969 640 4039 786.
680 3975 784 4038 Eriin·

192 4075 248 4160 gio
279 4073 414 4141 Slsslsisio
442 4092 473 4142 et
500 4080 566 4144 filio
588 4079 654 4162 ejus
671 4085 784 4167 Magno

191 4199 297 4247 secum
311 4183 426 4246 morari
439 4185 601 4267 permittit,
617 4183 686 4248 799.
726 4189 783 4250 ite·

190 4310 263 4353 xum
288 4287 327 4352 sd
355 4289 577 4375 expeditiouom
605 4292 637 4354 in
666 4295 782 4358 Nocte-

191 4396 276 4484 giem
286 4395 507 4482 suscipiendum
518 4399 675 4477 invitetur,
690 4417 782 4482 qvem

190 4503 342 4588 perticere
361 4500 504 4584 destinat,
520 4501 592 4583 793,
612 4504 783 4636 etperiicit,

189 4601 320 4680 794-95.
368 4607 479 4674 Filium
511 4612 638 4675 chrici
671 4614 783 4678 Leonis

184 4714 257 4784 otio
281 4738 336 4786 ssu
366 4719 488 4793 Gscuto
503 4713 686 4804 desponset,
711 4715 782 4786 795.

1340 263 1436 338 1017
1473 305 1479 324 ,

906 483 938 534 et
966 491 1034 536 oum
1058 469 1166 534 eodem
1186 467 1264 534 duce
1287 433 1423 538 Hem-ico
1440 491 1490 538 ex·

904 575 1094 661 peditionem
1109 587 1216 640 contre
1231 577 1393 642 orientale·
1406 579 1490 642 Scis·
1626 571 1630 580 '

909 703 965 746 vos
984 683 1122 768 suscipit,
1139 679 1284 747 795-800.
1325 681 1488 768 Expeditio

904 787 971 871 ejus
991 802 1100 876 contre
1128 790 1299 872 Rogisnos,
1324 789 1377 872 qvi
1395 787 1433 852 sb
1450 807 1488 852 eo

904 891 1090 970 deiecerant,
1100 891 1248 958 800-809.
1290 892 1489 958 NovsinRo·

902 1002 983 1085 giem
1006 1001 1169 1088 expeditio,
1188 1000 1378 1098 qesxinoclss
1398 998 1488 1081 hujus

901 1107 1008 1174 inscite
1028 1127 1135 1193 pacem
1156 1125 1256 1170 emere
1273 1105 1367 1190 cogit,
1381 1099 1489 1168 809-4.

900 1213 985 1278 Filio
1009 1214 1073 1295 ejus
1100 1213 1218 1278 Cenutd
1238 1230 1350 1276 nomeu
1369 1211 1488 1295 τοςίυιιι

904 1343 921 1383 s
941 1320 1128 1407 principibus
1149 1331 1179 1382 et
1202 1331 1268 1382 toto
1285 1315 1419 1380 exercitu
1433 1317 1489 1379 tri-

901 1427 1026 1505 buitur,
1046 1423 1118 1490 805.
1159 1427 1254 1489 Cuues
1283 1423 1354 1487 fidei
1374 1421 1487 1486 Bucisii

902 1532 1117 1597 sddnbitsudoe
1132 1531 1160 1594 ei
1177 1529 1323 1608 offertur,
1333 1524 1407 1606 805,
1415 1522 1487 1590 806.

900 1644 1045 1704 Attamen
1069 1637 1197 1701 eundem
1219 1635 1374 1721 praecipue
1394 1631 1487 1696 Jutiae

899 1743 1168 1832 perteiui'endst,
1193 1739 1266 1806 806.
1307 1738 1487 1824 Expeditio-

899 1873 970 1917 nem
981 1853 1124 1918 adversus
1136 1851 1262 1916 sclavos
1272 1859 1360 1932 pnrst
1374 1841 1487 1909 eidem·

905 1981 964 2045 que
976 1959 1171 2036 Absulouem,
1187 1952 1443 2039 christophorum
1455 1962 1487 2015 et

902 2069 1047 2149 Magnum
1076 2061 1166 2125 duces
1198 2059 1344 2145 praeiicit,
1377 2043 1485 2122 806-7.

901 2174 1016 2236 lterum
1036 2167 1261 2252 expeditionem
1286 2165 1317 2230 in
1334 2165 1485 2230 Scistism

897 2277 1043 2362 suscipit,
1066 2269 1172 2338 8078.
1228 2273 1417 2336 Testimouis
1447 2271 1485 2333 dc

897 2381 1005 2446 frende
1015 2381 1127 2446 But-itii
1136 2380 1257 2466 occipit,
1267 2375 1329 2442 807
1343 2375 1399 2440 cfr.
1409 2369 1486 2440 808·

898 2489 945 2568 9.,
972 2507 1062 2575 qvem
1089 2499 1256 2574 propteres
1285 2495 1423 2562 accuset,
1452 2493 1484 2545 et

896 2596 958 2660 leui
979 2594 1031 2659 scd
1054 2594 1150 2658 firmae
1168 2591 1313 2656 custodie
1333 2589 1415 2654 tendi
1432 2609 1484 2654 on·

902 2714 962 2780 ret,
976 2696 1050 2778 808,
1066 2699 1175 2763 deinde
1191 2697 1319 2761 vinculis
1336 2693 1484 2774 cohiben',

883 2803 968 2870 810.
999 2805 1165 2870 Discidium
1179 2806 1338 2868 intereunt
1353 2815 1385 2867 et
1399 2805 1483 2866 Hen-

896 2913 994 2978 rioum
1020 2917 1153 2978 Leonem
1190 2912 1305 2990 oritur,
1337 2921 1368 2974 et
1401 2904 1482 2994 spnd

896 3017 1096 3104 lirempinum
1131 3017 1259 3082 fluvium
1287 3015 1484 3092 conveniunt,

895 3123 1025 3192 810-11.
1074 3123 1199 3189 Falsum
1234 3122 1272 3186 de
1310 3121 1484 3206 irruptione

895 3235 1049 3296 Ssxonum
1079 3231 1219 3294 unctium
1253 3229 1381 3314 occipit,
1405 3223 1483 3292 819.

895 3339 1037 3406 scientie
1058 3335 1097 3402 de
1119 3337 1210 3402 rebus
1231 3335 1418 3422 sntiqeitstis
1436 3331 1484 3396 fs·

894 3458 963 3524 vet,
991 3441 1118 3528 819-18.
1178 3444 1320 3508 Amicitia
1351 3443 1417 3526 ejus
1443 3439 1482 3503 ub

893 3551 1030 3616 Henrico
1050 3553 1155 3613 Leone
1173 3551 1338 3634 qvaeritnr,
1356 3549 1408 3633 qvi
1425 3544 1484 3608 fiii·

895 3679 943 3721 um
974 3677 1057 3720 susm
1085 3655 1237 3739 juniorem
1270 3657 1389 3720 Cunuto
1417 3651 1481 3716 filio

894 3763 961 3846 ejus
981 3781 1106 3826 uxorem
1128 3759 1244 3840 offert,
1258 3757 1395 3838 sto-173
1419 3779 1481 3844 qvo

893 3867 1191 3952 iscioemicitieejus
1211 3866 1367 3932 cumducc
1381 3863 1483 3929 rediu-

892 3987 1032 4060 tegtstnr
1052 3987 1083 4038 et
1103 3975 1194 4038 umbo
1215 3974 1247 4043 in
1267 3972 1416 4038 Soisvism
1433 3991 1482 4034 ex·

893 4078 1083 4165 peditiouem
1099 4079 1269 4168 populandi
1284 4100 1373 4143 cuusn
1389 4078 1482 4141 susci-

887 4187 999 4273 picot,
1027 4183 1101 4252 817.
1151 4190 1258 4268 Aiteps
1277 4187 1343 4248 vice
1360 4181 1482 4269 expedi-

892 4293 1008 4356 tionem
1051 4293 1083 4358 in
1125 4294 1310 4378 Norvegism
1345 4289 1481 4374 suscipit,

893 4396 1021 4463 817-91.
1061 4396 1216 4464 Adversus
1233 4397 1388 4482 Regienos
1409 4417 1481 4483 pro·
1621 4395 1635 4414 ⁸

893 4503 1055 4585 ficiscitur,
1081 4505 1133 4589 qvi
1164 4502 1275 4567 iterum
1297 4503 1481 4584 defecet-snt,

894 4608 968 4691 891,
986 4625 1017 4676 et
1036 4610 1069 4674 iu
1088 4611 1146 4676 heo
1162 4609 1354 4696 expeditione
1375 4610 1481 4688 urbem

893 4721 997 4786 decen
1025 4717 1164 4801 obsidet,
1188 4729 1279 4806 etqve
1299 4713 1329 4784 iu
1350 4713 1481 4784 deditio·
