3508 5460
361 301 434 372 762
685 299 861 370 tttsTOtt.
875 298 981 368 DAN.
1003 297 1141 368 LIBER
1159 299 1249 370 XlV.

312 537 412 586 more
436 507 624 598 sollicitus,
658 505 905 604 prolixamque
927 506 1128 607 legatorum
1145 505 1342 580 absentiam
1361 531 1447 580 cura
1462 531 1506 580 ac
1532 533 1629 582 moe-
1730 497 1731 508 ¹

313 639 400 709 stitia
428 643 657 732 prosecutus,
686 627 849 702 dolorem
872 655 913 702 ex
933 629 1120 701 temeraria
1145 651 1295 703 suorum
1324 633 1515 703 emissione
1538 655 1630 703 con-

312 775 464 832 tractum
495 751 671 849 religiosae
708 750 867 824 lectionis
912 749 1047 824 officio¹
1087 748 1249 823 leniebat.
1326 748 1466 843 Quibus
1498 750 1631 824 redisse

314 879 514 976 compertis
539 875 679 970 soporis
703 870 963 965 blandimentis,
978 873 1028 946 ub
1044 874 1213 946 tristitiam
1233 870 1359 960 dilatis,
1381 877 1480 944 ocius
1495 871 1631 944 aditum

280 991 422 1075 'dedit
472 993 619 1070 Indead
635 994 839 1067 Gudacram
863 1001 1022 1068 amnem²
1042 999 1265 1097 navigatione
1284 994 1489 1068 discessum.
1551 999 1631 1068 Cu-

314 1126 373 1222 jus
389 1120 544 1194 vadosus
562 1117 678 1191 aditus
692 1116 978 1217 haudquaquam
995 1145 1208 1220 magnarum
1226 1125 1371 1192 navium
1399 1139 1511 1214 capax
1526 1132 1631 1196 eatae
1731 1099 1732 1128 l

315 1247 386 1338 bat,
411 1242 516 1316 exiles
533 1239 700 1314 duntaxat
715 1244 950 1314 transmittere
965 1242 1098 1316 solitus.
1157 1245 1282 1339 ltaque
1297 1265 1360 1312 rex
1379 1257 1528 1338 propter
1544 1241 1631 1312 larr-

316 1393 386 1461 ces,
401 1367 469 1440 fixa
486 1347 628 1452 ancora,
650 1361 770 1434 sedem
784 1368 927 1464 navigio
941 1368 1131 1454 conscivit,
1149 1360 1426 1463 magnitudinem
1443 1367 1524 1463 ejus
1541 1387 1631 1462 par-

317 1493 422 1565 vitate
438 1491 551 1562 amuis
566 1484 749 1558 admittere
764 1505 977 1582 nequeunte.
1031 1487 1192 1562 Habilior
1208 1485 1346 1574 classis,
1373 1501 1406 1556 et
1426 1511 1537 1583 quam
1556 1485 1632 1558 llu-

317 1611 408 1685 viale
437 1607 657 1710 profundum
681 1608 947 1706 serrepoterat,
980 1612 1159 1686 Absulone
1179 1609 1290 1699 duce,
1326 1625 1495 1706 angustos
1520 1612 1631 1684 amnis
1732 1641 1733 1668 1

319 1733 511 1807 attentabat
526 1731 715 1804 anfractus.
768 1735 848 1824 Quo
866 1751 991 1808 autore
1008 1759 1053 1806 eo
1069 1733 1139 1809 loci
1156 1747 1387 1833 perventum,
1423 1731 1485 1803 ubi
1500 1757 1631 1833 gurges

318 1859 465 1957 ingentis
482 1859 592 1952 stagni
610 1850 770 1925 diffusior
786 1857 941 1952 speciem
960 1855 1184 1954 prael'erehat.
1246 1857 1319 1927 llas
1335 1855 1492 1928 faucium
1512 1879 1632 1954 angu-

319 1983 403 2052 stias
421 1978 567 2051 barbari
590 1976 716 2050 erebra
731 1976 842 2050 classe
857 1997 1150 2077 praestruxerant,
1174 1977 1312 2052 hostem
1335 1981 1482 2049 transitu
1501 1976 1632 2076 prohi-

319 2101 434 2172 bituri.
507 2104 606 2192 Quos
637 2102 745 2173 nostri
777 2098 969 2176 deturbare
993 2104 1206 2201 gestientes,
1239 2098 1488 2202 profunditatis
1512 2103 1633 2201 ignari,

319 2224 489 2320 imperitae
507 2225 737 2322 navigationis
764 2247 885 2298 errore
915 2222 1057 2298 vadosis
1071 2223 1161 2298 locis
1178 2224 1320 2298 affixere
1335 2245 1490 2324 puppes.
1538 2227 1634 2318 Quas
1733 2217 1734 2232 ¹

323 2345 424 2436 dum,
443 2345 627 2443 profundo
644 2345 809 2435 defectas,
831 2344 878 2418 ad
893 2345 972 2420 loca
989 2354 1156 2448 navigato
1167 2347 1287 2449 'facilia
1310 2349 1456 2446 rejicere
1474 2354 1635 2446 cupiunt,

306 2495 402 2554 ‚cum
419 2469 535 2540 minus
550 2471 699 2568 remigio
715 2468 847 2560 liceret,
873 2472 1005 2568 passim
1021 2472 1057 2542 in
1077 2467 1168 2542 vada
1184 2467 1368 2558 desiliunt,
1394 2469 1635 2569 manibusque

320 2590 418 2665 loros
443 2589 641 2689 complexi,
673 2617 854 2664 remorum
887 2597 982 2666 vices
1008 2617 1202 2691 corporum
1238 2591 1371 2664 viribus
1398 2611 1633 2692 exequuntur.

320 2716 359 2784 In
375 2737 468 2811 quos
487 2711 610 2804 Sclavi,
626 2719 772 2815 navigiis
794 2719 866 2789 suis
883 2732 1052 2814 tauquam
1073 2715 1356 2816 propugnaculis
1379 2715 1533 2809 utend0,
1567 2743 1633 2792 sa-

320 2861 433 2934 peme
468 2835 537 2908 tela
563 2835 753 2910 librabant.
820 2843 892 2912 Nee
917 2842 967 2913 sic
1000 2865 1062 2914 eos
1098 2855 1286 2913 attentasse
1308 2844 1478 2930 contenti,
1516 2857 1553 2914 et
1569 2841 1634 2940 ipsi
1734 2817 1735 2866 ³

322 2956 438 3030 saltim
453 2960 487 3029 in
512 2956 605 3030 vada
635 2959 772 3058 delapsi
789 2967 950 3034 cominus
966 2958 1156 3034 dimicandi
1179 2959 1298 3034 locum
1326 2962 1502 3060 petebant.
1566 2962 1635 3036 Sed

322 3082 451 3154 nostris
473 3098 616 3154 strenue
639 3086 930 3176 occursantibus,
963 3087 1039 3184 pari
1066 3085 1241 3158 celeritate
1262 3082 1402 3157 deserta
1424 3109 1467 3158 ac
1489 3093 1633 3184 repetita

324 3218 406 3274 sunt
429 3205 579 3301 navigia.
647 3209 737 3278 Ante
763 3205 850 3279 alias
873 3207 966 3280 binae
991 3206 1158 3281 Priszlavi
1182 3223 1276 3279 rates
1295 3208 1437 3281 subiere
1457 3224 1634 3306 stagnum.

322 3329 485 3418 Quarum
512 3326 675 3416 alteram,
701 3329 763 3426 qui
781 3329 874 3402 vado
898 3332 1109 3418 institerant,
1135 3345 1208 3401 tam
1228 3328 1434 3428 frequentes
1459 3330 1633 3422 insiluere,

323 3464 362 3520 ut
377 3447 504 3539 media,
523 3447 643 3522 fractis
658 3453 800 3547 penitus
816 3452 998 3544 lateribus,
1017 3451 1220 3526 finderetur.
1274 3453 1428 3550 Quippe,
1446 3452 1534 3526 dum
1552 3457 1634 3528 avi-

323 3568 404 3644 dius
437 3593 476 3644 se
502 3578 682 3672 ingerunt,
725 3573 953 3651 multitudinis
976 3601 1086 3650 onere
1117 3573 1269 3648 mediam
1305 3600 1437 3674 rupere
1470 3582 1634 3676 puppim.

324 3693 574 3794 Subsequente
594 3695 724 3790 classe,
755 3696 893 3774 deserta
919 3701 1128 3802 fugientium
1145 3685 1384 3774 barbarorum
1407 3702 1547 3801 navigia
1567 3725 1636 3772 ca-

244 3945 249 3952 ·
324 3931 383 3995 quc
406 3909 495 3974 fortia
517 3915 663 3984 Priszlari
691 3915 770 3979 dicta
799 3915 949 3998 preteriit
1008 3916 1099 3978 etiam
1114 3915 1256 3980 salmias
1279 3915 1372 3996 (Hist.
1389 3915 1425 3978 af
1442 3919 1549 3979 Duum.
1566 3917 1634 3992 vlt,

324 4032 412 4082 autor
427 4019 562 4082 historiae
572 4021 726 4104 linytling.
748 4021 859 4100 (Paulo
878 4033 947 4084 ante
1012 4020 1071 4106 70)ι
1086 4023 1197 4106 aliique
1218 4021 1335 4106 opinati
1353 4034 1440 4098 sunt,
1473 4022 1551 4086 bunc
1570 4044 1634 4084 am·

323 4143 381 4207 pro
385 4127 584 4210 fiduciamque
598 4127 705 4210 scripsi
708 4129 857 4206 fiduciam.
873 4125 947 4208 ttg.)
1011 4149 1096 4204 nem,
1123 4129 1259 4213 quamvis
1283 4127 1400 4192 diversa
1420 4127 1482 4189 sint
1502 4127 1635 4200 nomina,

371 4233 549 4313 'Religiosoe
570 4237 701 4295 aerioma
720 4231 832 4318 officio]
856 4235 945 4296 Juxta
1008 4237 1162 4300 Warnow
1185 4255 1249 4298 esse
1269 4233 1413 4310 ssaviam,
1436 4233 1489 4318 qui
1511 4231 1634 4318 quidem

324 4333 479 4398 historiam
507 4339 741 4422 Iinytlingorum
763 4363 793 4424 p.
811 4335 874 4403 376
893 4361 943 4404 rex
1008 4361 1107 4425 prope
1124 4340 1160 4404 ab
1178 4341 1257 4404 ostio
1271 4341 1373 4416 talem,
1387 4341 1507 4424 qualem
1522 4338 1634 4402 descri-

324 4440 355 4500 in
374 4443 519 4526 psalterio
536 4445 665 4530 legebat.
1008 4445 1055 4509 bit
1069 4449 1158 4526 Saxo,
1175 4445 1288 4511 format
1308 4446 1416 4520 lacum,
1440 4445 1472 4506 iu
1494 4445 1573 4525 cajus
1587 4443 1634 4506 ri·

371 4551 560 4612 2Οιιᾱιιενιιηι
585 4552 707 4632 amarem]
736 4557 804 4616 Nou
829 4565 945 4616 certum
1008 4575 1048 4638 pa
1063 4557 1118 4617 sita
1135 4567 1180 4618 est
1194 4551 1484 4616 urbsllostochiunt.
1512 4547 1634 4616 Ostium

324 4663 379 4728 est,
393 4673 482 4736 quem
496 4675 613 4719 amnem
634 4672 737 4721 noster
749 4659 809 4722 hoc
824 4659 947 4724 nornine
1009 4661 1115 4738 amnis,
1141 4661 1215 4723 olim
1231 4658 1361 4722 fortasse
1379 4657 1532 4735 vadosum,
1548 4653 1635 4716 dein·

324 4758 469 4842 insignire
492 4761 631 4824 vuluerit.
686 4767 713 4825 Ε
734 4777 880 4828 contextu
900 4779 944 4829 ta·
1007 4765 1044 4827 de
1067 4779 1119 4828 aut
1139 4787 1226 4850 aquas
1250 4767 1278 4827 vi
1294 4779 1346 4830 aut
1363 4777 1428 4831 arte
1443 4763 1544 4852 paullo
1560 4783 1637 4847 pro·

318 4887 391 4930 rnen
407 4869 588 4932 narrationis
612 4871 696 4953 sequi
712 4871 841 4951 ridetur,
855 4873 939 4958 quod
1003 4871 1125 4938 tardius
1145 4873 1235 4940 facile
1249 4874 1353 4942 erasit.
