<?xml version="1.0" encoding="UTF-8"?>
<!DOCTYPE html PUBLIC "-//W3C//DTD XHTML 1.0 Transitional//EN"
    "http://www.w3.org/TR/xhtml1/DTD/xhtml1-transitional.dtd">
<html xmlns="http://www.w3.org/1999/xhtml" xml:lang="en" lang="en">
 <head>
  <title>
</title>
<meta http-equiv="Content-Type" content="text/html;charset=utf-8" />
  <meta name='ocr-system' content='tesseract 3.04.00' />
  <meta name='ocr-capabilities' content='ocr_page ocr_carea ocr_par ocr_line ocrx_word'/>
</head>
<body>
  <div class='ocr_page' id='page_1' title='image "./historiadanica01velsgoog_0414.png"; bbox 0 0 3538 5460; ppageno 0'>
   <div class='ocr_carea' id='block_1_1' title="bbox 582 311 1407 403">
    <p class='ocr_par' dir='ltr' id='par_1_1' title="bbox 582 311 1407 403">
     <span class='ocr_line' id='line_1_1' title="bbox 582 311 1407 403; baseline 0.002 -21"><span class='ocrx_word' id='word_1_1' title='bbox 582 311 949 403; x_wconf 18' lang='lat' dir='ltr'><strong>,wssonumus</strong></span> <span class='ocrx_word' id='word_1_2' title='bbox 965 313 991 384; x_wconf 88' lang='lat'><strong>1.</strong></span> <span class='ocrx_word' id='word_1_3' title='bbox 1336 311 1407 385; x_wconf 79' lang='lat' dir='ltr'><strong>oss</strong></span> 
     </span>
    </p>
   </div>
   <div class='ocr_carea' id='block_1_2' title="bbox 140 505 1520 1609">
    <p class='ocr_par' dir='ltr' id='par_1_2' title="bbox 142 505 1496 744">
     <span class='ocr_line' id='line_1_2' title="bbox 142 505 1462 622; baseline 0.004 -29"><span class='ocrx_word' id='word_1_4' title='bbox 142 541 200 593; x_wconf 88' lang='lat' dir='ltr'><strong>res</strong></span> <span class='ocrx_word' id='word_1_5' title='bbox 219 505 390 618; x_wconf 80' lang='lat' dir='ltr'><strong>suspecte</strong></span> <span class='ocrx_word' id='word_1_6' title='bbox 411 521 601 596; x_wconf 84' lang='lat' dir='ltr'><strong>Danomm</strong></span> <span class='ocrx_word' id='word_1_7' title='bbox 626 523 825 622; x_wconf 70' lang='lat' dir='ltr'><strong>majoribus</strong></span> <span class='ocrx_word' id='word_1_8' title='bbox 846 523 923 616; x_wconf 77' lang='lat' dir='ltr'><strong>luit,</strong></span> <span class='ocrx_word' id='word_1_9' title='bbox 946 519 1104 621; x_wconf 81' lang='lat' dir='ltr'><strong>virgines</strong></span> <span class='ocrx_word' id='word_1_10' title='bbox 1125 519 1288 596; x_wconf 88' lang='lat' dir='ltr'><strong>nondum</strong></span> <span class='ocrx_word' id='word_1_11' title='bbox 1312 520 1359 596; x_wconf 95' lang='lat' dir='ltr'><strong>sd</strong></span> <span class='ocrx_word' id='word_1_12' title='bbox 1386 549 1462 598; x_wconf 88' lang='lat' dir='ltr'><strong>nu·-</strong></span> 
     </span>
     <span class='ocr_line' id='line_1_3' title="bbox 142 639 1496 744; baseline 0.004 -28"><span class='ocrx_word' id='word_1_13' title='bbox 142 639 253 716; x_wconf 81' lang='lat' dir='ltr'><strong>beudi</strong></span> <span class='ocrx_word' id='word_1_14' title='bbox 268 649 410 718; x_wconf 82' lang='lat' dir='ltr'><strong>se&#39;tstem</strong></span> <span class='ocrx_word' id='word_1_15' title='bbox 420 649 632 744; x_wconf 71' lang='lat' dir='ltr'><strong>provectasll</strong></span> <span class='ocrx_word' id='word_1_16' title='bbox 643 645 893 720; x_wconf 75' lang='lat' dir='ltr'><strong>fraudulenter</strong></span> <span class='ocrx_word' id='word_1_17' title='bbox 911 643 960 718; x_wconf 84' lang='lat' dir='ltr'><strong>nb</strong></span> <span class='ocrx_word' id='word_1_18' title='bbox 975 669 1020 718; x_wconf 92' lang='lat' dir='ltr'><strong>eo</strong></span> <span class='ocrx_word' id='word_1_19' title='bbox 1034 643 1210 743; x_wconf 86' lang='lat' dir='ltr'><strong>postulari</strong></span> <span class='ocrx_word' id='word_1_20' title='bbox 1223 643 1462 722; x_wconf 78' lang='lat' dir='ltr'><strong>credentibus</strong></span> <span class='ocrx_word' id='word_1_21' title='bbox 1490 647 1496 668; x_wconf 86' lang='lat'><strong><em>‘</em></strong></span> 
     </span>
    </p>

    <p class='ocr_par' dir='ltr' id='par_1_3' title="bbox 140 749 1520 1609">
     <span class='ocr_line' id='line_1_4' title="bbox 142 749 1520 867; baseline 0.004 -29"><span class='ocrx_word' id='word_1_22' title='bbox 142 763 214 838; x_wconf 85' lang='lat' dir='ltr'><strong>Sed</strong></span> <span class='ocrx_word' id='word_1_23' title='bbox 234 764 499 859; x_wconf 78' lang='lat' dir='ltr'><strong>waldemarus,</strong></span> <span class='ocrx_word' id='word_1_24' title='bbox 526 769 699 867; x_wconf 80' lang='lat' dir='ltr'><strong>majorem</strong></span> <span class='ocrx_word' id='word_1_25' title='bbox 723 794 902 844; x_wconf 85' lang='lat' dir='ltr'><strong>summam</strong></span> <span class='ocrx_word' id='word_1_26' title='bbox 934 769 1008 843; x_wconf 90' lang='lat' dir='ltr'><strong>suis</strong></span> <span class='ocrx_word' id='word_1_27' title='bbox 1038 767 1172 866; x_wconf 88' lang='lat' dir='ltr'><strong>opibus</strong></span> <span class='ocrx_word' id='word_1_28' title='bbox 1199 772 1375 865; x_wconf 86' lang='lat' dir='ltr'><strong>imparem</strong></span> <span class='ocrx_word' id='word_1_29' title='bbox 1396 749 1464 843; x_wconf 55' lang='lat' dir='ltr'><strong>arss-</strong></span> <span class='ocrx_word' id='word_1_30' title='bbox 1517 827 1520 844; x_wconf 90' lang='lat'>.</span> 
     </span>
     <span class='ocr_line' id='line_1_5' title="bbox 141 885 1463 992; baseline 0.004 -32"><span class='ocrx_word' id='word_1_31' title='bbox 141 885 310 980; x_wconf 79' lang='lat' dir='ltr'><strong>bitratus,</strong></span> <span class='ocrx_word' id='word_1_32' title='bbox 333 893 528 983; x_wconf 78' lang='lat' dir='ltr'><strong>minorem,</strong></span> <span class='ocrx_word' id='word_1_33' title='bbox 552 891 717 990; x_wconf 80' lang='lat' dir='ltr'><strong>Ungariae</strong></span> <span class='ocrx_word' id='word_1_34' title='bbox 739 897 851 992; x_wconf 84' lang='lat' dir='ltr'><strong>regis,</strong></span> <span class='ocrx_word' id='word_1_35' title='bbox 876 907 978 966; x_wconf 84' lang='lat' dir='ltr'><strong>arcta</strong></span> <span class='ocrx_word' id='word_1_36' title='bbox 994 889 1063 965; x_wconf 83' lang='lat' dir='ltr'><strong>eibi</strong></span> <span class='ocrx_word' id='word_1_37' title='bbox 1078 892 1346 992; x_wconf 78' lang='lat' dir='ltr'><strong>propinquitate</strong></span> <span class='ocrx_word' id='word_1_38' title='bbox 1367 915 1463 964; x_wconf 87' lang='lat' dir='ltr'><strong>con-</strong></span> 
     </span>
     <span class='ocr_line' id='line_1_6' title="bbox 141 1010 1464 1114; baseline 0.005 -30"><span class='ocrx_word' id='word_1_39' title='bbox 141 1011 300 1112; x_wconf 81' lang='lat' dir='ltr'><strong>juncti2,</strong></span> <span class='ocrx_word' id='word_1_40' title='bbox 328 1011 462 1088; x_wconf 85' lang='lat' dir='ltr'><strong>fiducia</strong></span> <span class='ocrx_word' id='word_1_41' title='bbox 482 1013 686 1114; x_wconf 86' lang='lat' dir='ltr'><strong>pollicetur.</strong></span> <span class='ocrx_word' id='word_1_42' title='bbox 747 1017 841 1088; x_wconf 83' lang='lat' dir='ltr'><strong>Huic</strong></span> <span class='ocrx_word' id='word_1_43' title='bbox 867 1018 1022 1114; x_wconf 83' lang='lat' dir='ltr'><strong>pactioni</strong></span> <span class='ocrx_word' id='word_1_44' title='bbox 1046 1010 1283 1112; x_wconf 81' lang='lat' dir='ltr'><strong>jurejurando</strong></span> <span class='ocrx_word' id='word_1_45' title='bbox 1312 1010 1464 1090; x_wconf 77' lang='lat' dir='ltr'><strong>firmitus</strong></span> 
     </span>
     <span class='ocr_line' id='line_1_7' title="bbox 141 1133 1465 1238; baseline -0.002 -28"><span class='ocrx_word' id='word_1_46' title='bbox 141 1134 282 1235; x_wconf 78' lang='lat' dir='ltr'><strong>adjecta</strong></span> <span class='ocrx_word' id='word_1_47' title='bbox 300 1149 369 1226; x_wconf 85' lang='lat' dir='ltr'><strong>est,</strong></span> <span class='ocrx_word' id='word_1_48' title='bbox 391 1133 719 1236; x_wconf 88' lang='lat' dir='ltr'><strong>desponsionisque</strong></span> <span class='ocrx_word' id='word_1_49' title='bbox 734 1136 917 1212; x_wconf 85' lang='lat' dir='ltr'><strong>vinculum</strong></span> <span class='ocrx_word' id='word_1_50' title='bbox 944 1137 1157 1210; x_wconf 85' lang='lat' dir='ltr'><strong>sacramenti</strong></span> <span class='ocrx_word' id='word_1_51' title='bbox 1173 1133 1347 1238; x_wconf 87' lang='lat' dir='ltr'><strong>religione</strong></span> <span class='ocrx_word' id='word_1_52' title='bbox 1369 1161 1465 1210; x_wconf 87' lang='lat' dir='ltr'><strong>con-</strong></span> 
     </span>
     <span class='ocr_line' id='line_1_8' title="bbox 140 1255 1465 1361; baseline -0.003 -25"><span class='ocrx_word' id='word_1_53' title='bbox 140 1261 315 1336; x_wconf 83' lang='lat' dir='ltr'><strong>strictum.</strong></span> <span class='ocrx_word' id='word_1_54' title='bbox 368 1261 432 1332; x_wconf 88' lang='lat' dir='ltr'><strong>llis</strong></span> <span class='ocrx_word' id='word_1_55' title='bbox 448 1263 538 1359; x_wconf 74' lang='lat' dir='ltr'><strong>actis</strong></span> <span class='ocrx_word' id='word_1_56' title='bbox 551 1285 611 1334; x_wconf 87' lang='lat' dir='ltr'><strong>rex</strong></span> <span class='ocrx_word' id='word_1_57' title='bbox 628 1265 783 1361; x_wconf 82' lang='lat' dir='ltr'><strong>navigia,</strong></span> <span class='ocrx_word' id='word_1_58' title='bbox 798 1266 919 1334; x_wconf 84' lang='lat' dir='ltr'><strong>Coeenr</strong></span> <span class='ocrx_word' id='word_1_59' title='bbox 933 1275 1048 1332; x_wconf 82' lang='lat' dir='ltr'><strong>castra</strong></span> <span class='ocrx_word' id='word_1_60' title='bbox 1063 1255 1210 1356; x_wconf 87' lang='lat' dir='ltr'><strong>repetiit.</strong></span> <span class='ocrx_word' id='word_1_61' title='bbox 1264 1260 1346 1352; x_wconf 89' lang='lat' dir='ltr'><strong>Quo</strong></span> <span class='ocrx_word' id='word_1_62' title='bbox 1366 1274 1465 1333; x_wconf 87' lang='lat' dir='ltr'><strong>tem-</strong></span> 
     </span>
     <span class='ocr_line' id='line_1_9' title="bbox 140 1379 1464 1484; baseline 0 -28"><span class='ocrx_word' id='word_1_63' title='bbox 140 1407 232 1484; x_wconf 88' lang='lat' dir='ltr'><strong>pore</strong></span> <span class='ocrx_word' id='word_1_64' title='bbox 245 1379 468 1472; x_wconf 84' lang='lat' dir='ltr'><strong>Sclavorurn,</strong></span> <span class='ocrx_word' id='word_1_65' title='bbox 498 1379 688 1481; x_wconf 86' lang='lat' dir='ltr'><strong>adipsum</strong></span> <span class='ocrx_word' id='word_1_66' title='bbox 711 1389 820 1484; x_wconf 87' lang='lat' dir='ltr'><strong>regioe</strong></span> <span class='ocrx_word' id='word_1_67' title='bbox 847 1381 969 1457; x_wconf 86' lang='lat' dir='ltr'><strong>classis</strong></span> <span class='ocrx_word' id='word_1_68' title='bbox 993 1397 1093 1454; x_wconf 89' lang='lat' dir='ltr'><strong>metu</strong></span> <span class='ocrx_word' id='word_1_69' title='bbox 1115 1383 1265 1482; x_wconf 84' lang='lat' dir='ltr'><strong>navigiis</strong></span> <span class='ocrx_word' id='word_1_70' title='bbox 1291 1381 1464 1483; x_wconf 79' lang='lat' dir='ltr'><strong>progredi</strong></span> 
     </span>
     <span class='ocr_line' id='line_1_10' title="bbox 140 1501 1464 1609; baseline 0.001 -29"><span class='ocrx_word' id='word_1_71' title='bbox 140 1531 216 1580; x_wconf 91' lang='lat' dir='ltr'><strong>non</strong></span> <span class='ocrx_word' id='word_1_72' title='bbox 231 1503 453 1596; x_wconf 83' lang='lat' dir='ltr'><strong>audentium,</strong></span> <span class='ocrx_word' id='word_1_73' title='bbox 479 1501 603 1606; x_wconf 80' lang='lat' dir='ltr'><strong>legetis</strong></span> <span class='ocrx_word' id='word_1_74' title='bbox 623 1510 794 1609; x_wconf 86' lang='lat' dir='ltr'><strong>receptis,</strong></span> <span class='ocrx_word' id='word_1_75' title='bbox 815 1501 974 1578; x_wconf 91' lang='lat' dir='ltr'><strong>diluculo</strong></span> <span class='ocrx_word' id='word_1_76' title='bbox 994 1505 1180 1604; x_wconf 84' lang='lat' dir='ltr'><strong>navigium</strong></span> <span class='ocrx_word' id='word_1_77' title='bbox 1203 1507 1318 1606; x_wconf 84' lang='lat' dir='ltr'><strong>regis,</strong></span> <span class='ocrx_word' id='word_1_78' title='bbox 1347 1530 1464 1605; x_wconf 79' lang='lat' dir='ltr'><strong>parvo</strong></span> 
     </span>
    </p>
   </div>
   <div class='ocr_carea' id='block_1_3' title="bbox 140 1626 1613 1729">
    <p class='ocr_par' dir='ltr' id='par_1_4' title="bbox 140 1626 1613 1729">
     <span class='ocr_line' id='line_1_11' title="bbox 140 1626 1613 1729; baseline -0.004 -25"><span class='ocrx_word' id='word_1_79' title='bbox 140 1629 293 1704; x_wconf 82' lang='lat' dir='ltr'><strong>militum</strong></span> <span class='ocrx_word' id='word_1_80' title='bbox 314 1651 468 1702; x_wconf 87' lang='lat' dir='ltr'><strong>numero</strong></span> <span class='ocrx_word' id='word_1_81' title='bbox 492 1629 701 1723; x_wconf 86' lang='lat' dir='ltr'><strong>comitante,</strong></span> <span class='ocrx_word' id='word_1_82' title='bbox 739 1629 903 1729; x_wconf 85' lang='lat' dir='ltr'><strong>ejusdem</strong></span> <span class='ocrx_word' id='word_1_83' title='bbox 935 1626 1067 1726; x_wconf 84' lang='lat' dir='ltr'><strong>cymba</strong></span> <span class='ocrx_word' id='word_1_84' title='bbox 1088 1626 1279 1718; x_wconf 82' lang='lat' dir='ltr'><strong>advectus,</strong></span> <span class='ocrx_word' id='word_1_85' title='bbox 1326 1633 1465 1704; x_wconf 87' lang='lat' dir='ltr'><strong>cunctis</strong></span> <span class='ocrx_word' id='word_1_86' title='bbox 1606 1685 1613 1698; x_wconf 94' lang='lat'>.</span> 
     </span>
    </p>
   </div>
   <div class='ocr_carea' id='block_1_4' title="bbox 140 1747 1463 1854">
    <p class='ocr_par' dir='ltr' id='par_1_5' title="bbox 140 1747 1463 1854">
     <span class='ocr_line' id='line_1_12' title="bbox 140 1747 1463 1854; baseline -0.002 -26"><span class='ocrx_word' id='word_1_87' title='bbox 140 1757 347 1854; x_wconf 86' lang='lat' dir='ltr'><strong>inopinatus</strong></span> <span class='ocrx_word' id='word_1_88' title='bbox 366 1747 536 1826; x_wconf 81' lang='lat' dir='ltr'><strong>ascendit.</strong></span> <span class='ocrx_word' id='word_1_89' title='bbox 589 1755 700 1854; x_wconf 80' lang='lat' dir='ltr'><strong>Igitur</strong></span> <span class='ocrx_word' id='word_1_90' title='bbox 723 1779 810 1854; x_wconf 86' lang='lat' dir='ltr'><strong>rege</strong></span> <span class='ocrx_word' id='word_1_91' title='bbox 832 1753 1006 1828; x_wconf 83' lang='lat' dir='ltr'><strong>exercitus</strong></span> <span class='ocrx_word' id='word_1_92' title='bbox 1026 1751 1083 1827; x_wconf 87' lang='lat' dir='ltr'><strong>sui</strong></span> <span class='ocrx_word' id='word_1_93' title='bbox 1108 1754 1287 1851; x_wconf 87' lang='lat' dir='ltr'><strong>primores</strong></span> <span class='ocrx_word' id='word_1_94' title='bbox 1311 1753 1463 1852; x_wconf 81' lang='lat' dir='ltr'><strong>partici-</strong></span> 
     </span>
    </p>
   </div>
   <div class='ocr_carea' id='block_1_5' title="bbox 131 2174 1484 4930">
    <p class='ocr_par' dir='ltr' id='par_1_6' title="bbox 138 2174 1484 3331">
     <span class='ocr_line' id='line_1_13' title="bbox 139 2174 1466 2270; baseline -0.007 -22"><span class='ocrx_word' id='word_1_95' title='bbox 139 2179 242 2248; x_wconf 85' lang='lat' dir='ltr'><strong>rnedio</strong></span> <span class='ocrx_word' id='word_1_96' title='bbox 276 2196 344 2244; x_wconf 78' lang='lat' dir='ltr'><strong>ero</strong></span> <span class='ocrx_word' id='word_1_97' title='bbox 370 2199 482 2265; x_wconf 84' lang='lat' dir='ltr'><strong>purum</strong></span> <span class='ocrx_word' id='word_1_98' title='bbox 510 2177 677 2260; x_wconf 79' lang='lat' dir='ltr'><strong>voesbsnt,</strong></span> <span class='ocrx_word' id='word_1_99' title='bbox 711 2178 769 2246; x_wconf 84' lang='lat' dir='ltr'><strong>etsi</strong></span> <span class='ocrx_word' id='word_1_100' title='bbox 834 2178 991 2246; x_wconf 85' lang='lat' dir='ltr'><strong>tisiactmn</strong></span> <span class='ocrx_word' id='word_1_101' title='bbox 1026 2175 1075 2241; x_wconf 89' lang='lat' dir='ltr'><strong>iri.</strong></span> <span class='ocrx_word' id='word_1_102' title='bbox 1124 2174 1324 2270; x_wconf 45' lang='lat' dir='ltr'><strong>,Philippum</strong></span> <span class='ocrx_word' id='word_1_103' title='bbox 1359 2181 1466 2264; x_wconf 79' lang='lat' dir='ltr'><strong>Augu-</strong></span> 
     </span>
     <span class='ocr_line' id='line_1_14' title="bbox 139 2283 1464 2374; baseline -0.005 -20"><span class='ocrx_word' id='word_1_104' title='bbox 139 2284 341 2354; x_wconf 83' lang='lat' dir='ltr'><strong>scxtsdecims</strong></span> <span class='ocrx_word' id='word_1_105' title='bbox 360 2285 426 2370; x_wconf 87' lang='lat' dir='ltr'><strong>ejus</strong></span> <span class='ocrx_word' id='word_1_106' title='bbox 448 2308 520 2373; x_wconf 83' lang='lat' dir='ltr'><strong>pers</strong></span> <span class='ocrx_word' id='word_1_107' title='bbox 541 2287 677 2374; x_wconf 79' lang='lat' dir='ltr'><strong>ignobile</strong></span> <span class='ocrx_word' id='word_1_108' title='bbox 702 2299 769 2352; x_wconf 83' lang='lat' dir='ltr'><strong>eret</strong></span> <span class='ocrx_word' id='word_1_109' title='bbox 834 2299 933 2366; x_wconf 86' lang='lat' dir='ltr'><strong>stum,</strong></span> <span class='ocrx_word' id='word_1_110' title='bbox 948 2303 1054 2369; x_wconf 86' lang='lat' dir='ltr'><strong>regem</strong></span> <span class='ocrx_word' id='word_1_111' title='bbox 1068 2284 1219 2361; x_wconf 73' lang='lat' dir='ltr'><strong>Francia,</strong></span> <span class='ocrx_word' id='word_1_112' title='bbox 1242 2284 1358 2370; x_wconf 85' lang='lat' dir='ltr'><strong>aliquot</strong></span> <span class='ocrx_word' id='word_1_113' title='bbox 1375 2283 1464 2348; x_wconf 86' lang='lat' dir='ltr'><strong>suuis</strong></span> 
     </span>
     <span class='ocr_line' id='line_1_15' title="bbox 140 2385 1466 2490; baseline -0.008 -30"><span class='ocrx_word' id='word_1_114' title='bbox 140 2393 308 2460; x_wconf 72' lang='lat' dir='ltr'><strong>metallum.</strong></span> <span class='ocrx_word' id='word_1_115' title='bbox 364 2395 507 2490; x_wconf 82' lang='lat' dir='ltr'><strong>Qustoor</strong></span> <span class='ocrx_word' id='word_1_116' title='bbox 537 2406 638 2458; x_wconf 87' lang='lat' dir='ltr'><strong>autem</strong></span> <span class='ocrx_word' id='word_1_117' title='bbox 674 2391 768 2456; x_wconf 83' lang='lat' dir='ltr'><strong>millis</strong></span> <span class='ocrx_word' id='word_1_118' title='bbox 834 2405 907 2479; x_wconf 86' lang='lat' dir='ltr'><strong>post</strong></span> <span class='ocrx_word' id='word_1_119' title='bbox 932 2411 1002 2454; x_wconf 88' lang='lat' dir='ltr'><strong>eum</strong></span> <span class='ocrx_word' id='word_1_120' title='bbox 1025 2389 1084 2454; x_wconf 81' lang='lat' dir='ltr'><strong>slis</strong></span> <span class='ocrx_word' id='word_1_121' title='bbox 1107 2387 1391 2460; x_wconf 66' lang='lat' dir='ltr'><strong>filiswsldemsri</strong></span> <span class='ocrx_word' id='word_1_122' title='bbox 1410 2385 1466 2450; x_wconf 91' lang='lat' dir='ltr'><strong>do·</strong></span> 
     </span>
     <span class='ocr_line' id='line_1_16' title="bbox 139 2492 1465 2587; baseline -0.008 -21"><span class='ocrx_word' id='word_1_123' title='bbox 139 2521 310 2566; x_wconf 80' lang='lat' dir='ltr'><strong>sssrcsrum</strong></span> <span class='ocrx_word' id='word_1_124' title='bbox 333 2499 472 2584; x_wconf 79' lang='lat' dir='ltr'><strong>ejusdcm</strong></span> <span class='ocrx_word' id='word_1_125' title='bbox 496 2500 616 2586; x_wconf 86' lang='lat' dir='ltr'><strong>argenti</strong></span> <span class='ocrx_word' id='word_1_126' title='bbox 635 2519 671 2562; x_wconf 84' lang='lat' dir='ltr'><strong>es</strong></span> <span class='ocrx_word' id='word_1_127' title='bbox 691 2519 768 2587; x_wconf 84' lang='lat' dir='ltr'><strong>pon·</strong></span> <span class='ocrx_word' id='word_1_128' title='bbox 834 2499 875 2564; x_wconf 84' lang='lat' dir='ltr'><strong>tis</strong></span> <span class='ocrx_word' id='word_1_129' title='bbox 901 2498 1046 2577; x_wconf 88' lang='lat' dir='ltr'><strong>nomine,</strong></span> <span class='ocrx_word' id='word_1_130' title='bbox 1077 2496 1130 2582; x_wconf 88' lang='lat' dir='ltr'><strong>qui</strong></span> <span class='ocrx_word' id='word_1_131' title='bbox 1162 2496 1323 2560; x_wconf 84' lang='lat' dir='ltr'><strong>msximsm</strong></span> <span class='ocrx_word' id='word_1_132' title='bbox 1351 2492 1465 2558; x_wconf 85' lang='lat' dir='ltr'><strong>bsbent</strong></span> 
     </span>
     <span class='ocr_line' id='line_1_17' title="bbox 139 2600 1466 2694; baseline -0.007 -22"><span class='ocrx_word' id='word_1_133' title='bbox 139 2607 214 2672; x_wconf 83' lang='lat' dir='ltr'><strong>ders</strong></span> <span class='ocrx_word' id='word_1_134' title='bbox 234 2627 253 2670; x_wconf 82' lang='lat' dir='ltr'><strong>a</strong></span> <span class='ocrx_word' id='word_1_135' title='bbox 272 2606 385 2672; x_wconf 87' lang='lat' dir='ltr'><strong>Csrolo</strong></span> <span class='ocrx_word' id='word_1_136' title='bbox 405 2628 516 2694; x_wconf 87' lang='lat' dir='ltr'><strong>msguc</strong></span> <span class='ocrx_word' id='word_1_137' title='bbox 532 2606 687 2684; x_wconf 83' lang='lat' dir='ltr'><strong>instituto,</strong></span> <span class='ocrx_word' id='word_1_138' title='bbox 705 2606 725 2670; x_wconf 90' lang='lat' dir='ltr'><strong>i.</strong></span> <span class='ocrx_word' id='word_1_139' title='bbox 742 2624 769 2669; x_wconf 88' lang='lat' dir='ltr'><strong>e.</strong></span> <span class='ocrx_word' id='word_1_140' title='bbox 833 2623 1002 2680; x_wconf 83' lang='lat' dir='ltr'><strong>summsm,</strong></span> <span class='ocrx_word' id='word_1_141' title='bbox 1029 2600 1122 2666; x_wconf 89' lang='lat' dir='ltr'><strong>modo</strong></span> <span class='ocrx_word' id='word_1_142' title='bbox 1143 2601 1250 2667; x_wconf 86' lang='lat' dir='ltr'><strong>decem</strong></span> <span class='ocrx_word' id='word_1_143' title='bbox 1269 2602 1364 2664; x_wconf 84' lang='lat' dir='ltr'><strong>millis</strong></span> <span class='ocrx_word' id='word_1_144' title='bbox 1386 2621 1466 2664; x_wconf 82' lang='lat' dir='ltr'><strong>msr·</strong></span> 
     </span>
     <span class='ocr_line' id='line_1_18' title="bbox 139 2708 1466 2795; baseline -0.011 -13"><span class='ocrx_word' id='word_1_145' title='bbox 139 2713 286 2782; x_wconf 79' lang='lat' dir='ltr'><strong>Trecsnsi</strong></span> <span class='ocrx_word' id='word_1_146' title='bbox 304 2711 525 2792; x_wconf 76' lang='lat' dir='ltr'><strong>(Tlicsssino),</strong></span> <span class='ocrx_word' id='word_1_147' title='bbox 546 2711 631 2778; x_wconf 79' lang='lat'>4210</span> <span class='ocrx_word' id='word_1_148' title='bbox 653 2733 769 2778; x_wconf 79' lang='lat' dir='ltr'><strong>merces</strong></span> <span class='ocrx_word' id='word_1_149' title='bbox 834 2731 940 2774; x_wconf 83' lang='lat' dir='ltr'><strong>oerum</strong></span> <span class='ocrx_word' id='word_1_150' title='bbox 959 2708 1128 2795; x_wconf 75' lang='lat' dir='ltr'><strong>postulasse</strong></span> <span class='ocrx_word' id='word_1_151' title='bbox 1148 2708 1265 2774; x_wconf 87' lang='lat' dir='ltr'><strong>dicunt.</strong></span> <span class='ocrx_word' id='word_1_152' title='bbox 1300 2711 1343 2772; x_wconf 90' lang='lat' dir='ltr'><strong>Et</strong></span> <span class='ocrx_word' id='word_1_153' title='bbox 1362 2718 1466 2771; x_wconf 86' lang='lat' dir='ltr'><strong>tsmen</strong></span> 
     </span>
     <span class='ocr_line' id='line_1_19' title="bbox 138 2809 1484 2914; baseline -0.008 -27"><span class='ocrx_word' id='word_1_154' title='bbox 138 2818 769 2914; x_wconf 74' lang='lat' dir='ltr'><strong>ponterucotonicnsuaequipsransssxo</strong></span> <span class='ocrx_word' id='word_1_155' title='bbox 833 2815 903 2880; x_wconf 77' lang='lat' dir='ltr'><strong>bno</strong></span> <span class='ocrx_word' id='word_1_156' title='bbox 922 2817 1073 2902; x_wconf 82' lang='lat' dir='ltr'><strong>postulata</strong></span> <span class='ocrx_word' id='word_1_157' title='bbox 1096 2817 1189 2880; x_wconf 86' lang='lat' dir='ltr'><strong>nimis</strong></span> <span class='ocrx_word' id='word_1_158' title='bbox 1210 2813 1407 2893; x_wconf 82' lang='lat' dir='ltr'><strong>ridebantur,</strong></span> <span class='ocrx_word' id='word_1_159' title='bbox 1427 2809 1484 2900; x_wconf 45' lang='lat' dir='ltr'><strong>sig</strong></span> 
     </span>
     <span class='ocr_line' id='line_1_20' title="bbox 138 2922 1466 3016; baseline -0.01 -22"><span class='ocrx_word' id='word_1_160' title='bbox 138 2929 246 3016; x_wconf 87' lang='lat' dir='ltr'><strong>igitur,</strong></span> <span class='ocrx_word' id='word_1_161' title='bbox 258 2940 402 3013; x_wconf 82' lang='lat' dir='ltr'><strong>qnsotsor</strong></span> <span class='ocrx_word' id='word_1_162' title='bbox 413 2948 561 2990; x_wconf 83' lang='lat' dir='ltr'><strong>summam</strong></span> <span class='ocrx_word' id='word_1_163' title='bbox 570 2938 700 2990; x_wconf 82' lang='lat' dir='ltr'><strong>monetae</strong></span> <span class='ocrx_word' id='word_1_164' title='bbox 707 2929 770 2988; x_wconf 87' lang='lat' dir='ltr'><strong>Ds-</strong></span> <span class='ocrx_word' id='word_1_165' title='bbox 834 2922 958 3010; x_wconf 85' lang='lat' dir='ltr'><strong>quidem</strong></span> <span class='ocrx_word' id='word_1_166' title='bbox 974 2942 1026 2986; x_wconf 85' lang='lat' dir='ltr'><strong>sex</strong></span> <span class='ocrx_word' id='word_1_167' title='bbox 1043 2923 1137 2988; x_wconf 86' lang='lat' dir='ltr'><strong>millia</strong></span> <span class='ocrx_word' id='word_1_168' title='bbox 1157 2923 1320 2986; x_wconf 85' lang='lat' dir='ltr'><strong>maximum</strong></span> <span class='ocrx_word' id='word_1_169' title='bbox 1334 2928 1402 2984; x_wconf 83' lang='lat' dir='ltr'><strong>erat</strong></span> <span class='ocrx_word' id='word_1_170' title='bbox 1418 2939 1466 2981; x_wconf 87' lang='lat' dir='ltr'><strong>ss·-</strong></span> 
     </span>
     <span class='ocr_line' id='line_1_21' title="bbox 139 3019 1467 3121; baseline -0.011 -21"><span class='ocrx_word' id='word_1_171' title='bbox 139 3041 218 3100; x_wconf 77' lang='lat' dir='ltr'><strong>nicae</strong></span> <span class='ocrx_word' id='word_1_172' title='bbox 232 3035 288 3099; x_wconf 82' lang='lat' dir='ltr'><strong>dns</strong></span> <span class='ocrx_word' id='word_1_173' title='bbox 303 3031 458 3121; x_wconf 83' lang='lat' dir='ltr'><strong>postulata</strong></span> <span class='ocrx_word' id='word_1_174' title='bbox 473 3029 624 3108; x_wconf 84' lang='lat' dir='ltr'><strong>efficeret,</strong></span> <span class='ocrx_word' id='word_1_175' title='bbox 636 3031 770 3094; x_wconf 87' lang='lat' dir='ltr'><strong>numeris</strong></span> <span class='ocrx_word' id='word_1_176' title='bbox 835 3031 920 3120; x_wconf 89' lang='lat' dir='ltr'><strong>genti</strong></span> <span class='ocrx_word' id='word_1_177' title='bbox 935 3029 1067 3117; x_wconf 85' lang='lat' dir='ltr'><strong>pondus,</strong></span> <span class='ocrx_word' id='word_1_178' title='bbox 1080 3029 1164 3118; x_wconf 84' lang='lat' dir='ltr'><strong>qnod</strong></span> <span class='ocrx_word' id='word_1_179' title='bbox 1178 3029 1239 3092; x_wconf 87' lang='lat' dir='ltr'><strong>boc</strong></span> <span class='ocrx_word' id='word_1_180' title='bbox 1253 3025 1377 3091; x_wconf 83' lang='lat' dir='ltr'><strong>nomine</strong></span> <span class='ocrx_word' id='word_1_181' title='bbox 1386 3019 1467 3087; x_wconf 81' lang='lat' dir='ltr'><strong>solvi</strong></span> 
     </span>
     <span class='ocr_line' id='line_1_22' title="bbox 139 3132 1467 3224; baseline -0.011 -18"><span class='ocrx_word' id='word_1_182' title='bbox 139 3141 284 3206; x_wconf 85' lang='lat' dir='ltr'><strong>rotundis</strong></span> <span class='ocrx_word' id='word_1_183' title='bbox 296 3137 368 3205; x_wconf 85' lang='lat' dir='ltr'><strong>satis</strong></span> <span class='ocrx_word' id='word_1_184' title='bbox 381 3150 485 3202; x_wconf 83' lang='lat' dir='ltr'><strong>exacte</strong></span> <span class='ocrx_word' id='word_1_185' title='bbox 502 3136 657 3202; x_wconf 80' lang='lat' dir='ltr'><strong>indicavit.</strong></span> <span class='ocrx_word' id='word_1_186' title='bbox 686 3133 771 3200; x_wconf 76' lang='grc'><strong>4000</strong></span> <span class='ocrx_word' id='word_1_187' title='bbox 835 3137 955 3202; x_wconf 84' lang='lat' dir='ltr'><strong>solebat</strong></span> <span class='ocrx_word' id='word_1_188' title='bbox 961 3157 972 3217; x_wconf 80' lang='lat'>3</span> <span class='ocrx_word' id='word_1_189' title='bbox 992 3159 1022 3202; x_wconf 82' lang='lat' dir='ltr'><strong>r.</strong></span> <span class='ocrx_word' id='word_1_190' title='bbox 1040 3134 1238 3224; x_wconf 83' lang='lat' dir='ltr'><strong>Engelstost,</strong></span> <span class='ocrx_word' id='word_1_191' title='bbox 1255 3133 1362 3219; x_wconf 87' lang='lat' dir='ltr'><strong>Philip</strong></span> <span class='ocrx_word' id='word_1_192' title='bbox 1386 3132 1467 3214; x_wconf 75' lang='lat' dir='ltr'><strong>Aug.</strong></span> 
     </span>
     <span class='ocr_line' id='line_1_23' title="bbox 138 3236 1291 3331; baseline -0.004 -20"><span class='ocrx_word' id='word_1_193' title='bbox 138 3267 251 3312; x_wconf 77' lang='lat' dir='ltr'><strong>msreae</strong></span> <span class='ocrx_word' id='word_1_194' title='bbox 272 3244 421 3331; x_wconf 82' lang='lat' dir='ltr'><strong>ejusmodi</strong></span> <span class='ocrx_word' id='word_1_195' title='bbox 437 3243 556 3328; x_wconf 83' lang='lat' dir='ltr'><strong>argenti</strong></span> <span class='ocrx_word' id='word_1_196' title='bbox 575 3261 612 3306; x_wconf 87' lang='lat' dir='ltr'><strong>ex</strong></span> <span class='ocrx_word' id='word_1_197' title='bbox 632 3240 770 3328; x_wconf 86' lang='lat' dir='ltr'><strong>pondere</strong></span> <span class='ocrx_word' id='word_1_198' title='bbox 835 3265 878 3331; x_wconf 88' lang='lat' dir='ltr'><strong>og</strong></span> <span class='ocrx_word' id='word_1_199' title='bbox 901 3243 1079 3331; x_wconf 83' lang='lat' dir='ltr'><strong>ingeburg,</strong></span> <span class='ocrx_word' id='word_1_200' title='bbox 1092 3263 1163 3330; x_wconf 78' lang='lat' dir='ltr'><strong>pag.</strong></span> <span class='ocrx_word' id='word_1_201' title='bbox 1182 3236 1291 3304; x_wconf 82' lang='grc'><strong>65-67.</strong></span> 
     </span>
    </p>

    <p class='ocr_par' dir='ltr' id='par_1_7' title="bbox 131 3340 1467 3762">
     <span class='ocr_line' id='line_1_24' title="bbox 131 3340 1467 3438; baseline -0.014 -15"><span class='ocrx_word' id='word_1_202' title='bbox 131 3353 286 3423; x_wconf 69' lang='grc' dir='ltr'><strong>,Τηοθιιεί</strong></span> <span class='ocrx_word' id='word_1_203' title='bbox 320 3351 388 3416; x_wconf 80' lang='lat' dir='ltr'><strong>fers</strong></span> <span class='ocrx_word' id='word_1_204' title='bbox 414 3348 519 3416; x_wconf 83' lang='lat'>73000</span> <span class='ocrx_word' id='word_1_205' title='bbox 546 3350 682 3414; x_wconf 73' lang='lat' dir='ltr'><strong>thaleros</strong></span> <span class='ocrx_word' id='word_1_206' title='bbox 714 3347 771 3412; x_wconf 88' lang='lat' dir='ltr'><strong>bo·</strong></span> <span class='ocrx_word' id='word_1_207' title='bbox 883 3357 893 3394; x_wconf 85' lang='lat'><strong>¹</strong></span> <span class='ocrx_word' id='word_1_208' title='bbox 917 3355 1058 3436; x_wconf 77' lang='lat' dir='ltr'><strong>Virgines</strong></span> <span class='ocrx_word' id='word_1_209' title='bbox 1085 3393 1125 3413; x_wconf 85' lang='lat'><strong>..</strong></span> <span class='ocrx_word' id='word_1_210' title='bbox 1152 3390 1161 3408; x_wconf 88' lang='lat'><strong>·</strong></span> <span class='ocrx_word' id='word_1_211' title='bbox 1184 3342 1356 3438; x_wconf 76' lang='lat' dir='ltr'><strong>prouectus]</strong></span> <span class='ocrx_word' id='word_1_212' title='bbox 1387 3340 1467 3407; x_wconf 81' lang='lat' dir='ltr'><strong>Filia</strong></span> 
     </span>
     <span class='ocr_line' id='line_1_25' title="bbox 138 3449 1467 3542; baseline -0.011 -17"><span class='ocrx_word' id='word_1_213' title='bbox 138 3460 255 3526; x_wconf 78' lang='lat' dir='ltr'><strong>diernae</strong></span> <span class='ocrx_word' id='word_1_214' title='bbox 268 3471 384 3524; x_wconf 73' lang='lat' dir='ltr'><strong>nostrae</strong></span> <span class='ocrx_word' id='word_1_215' title='bbox 399 3454 670 3532; x_wconf 76' lang='lat' dir='ltr'><strong>monetmiscinnt,</strong></span> <span class='ocrx_word' id='word_1_216' title='bbox 689 3475 771 3519; x_wconf 88' lang='lat' dir='ltr'><strong>sum·</strong></span> <span class='ocrx_word' id='word_1_217' title='bbox 836 3458 940 3542; x_wconf 86' lang='lat' dir='ltr'><strong>junior</strong></span> <span class='ocrx_word' id='word_1_218' title='bbox 958 3455 1162 3535; x_wconf 77' lang='lat' dir='ltr'><strong>waldemari,</strong></span> <span class='ocrx_word' id='word_1_219' title='bbox 1182 3451 1326 3520; x_wconf 78' lang='lat' dir='ltr'><strong>Arnoldo</strong></span> <span class='ocrx_word' id='word_1_220' title='bbox 1345 3461 1426 3514; x_wconf 85' lang='lat' dir='ltr'><strong>teste</strong></span> <span class='ocrx_word' id='word_1_221' title='bbox 1447 3449 1467 3510; x_wconf 93' lang='lat' dir='ltr'><strong>l.</strong></span> 
     </span>
     <span class='ocr_line' id='line_1_26' title="bbox 138 3555 1467 3652; baseline -0.01 -20"><span class='ocrx_word' id='word_1_222' title='bbox 138 3587 222 3632; x_wconf 84' lang='lat' dir='ltr'><strong>snam</strong></span> <span class='ocrx_word' id='word_1_223' title='bbox 242 3586 302 3652; x_wconf 89' lang='lat' dir='ltr'><strong>pro</strong></span> <span class='ocrx_word' id='word_1_224' title='bbox 321 3563 382 3628; x_wconf 90' lang='lat' dir='ltr'><strong>illis</strong></span> <span class='ocrx_word' id='word_1_225' title='bbox 402 3563 594 3647; x_wconf 75' lang='lat' dir='ltr'><strong>temporibus</strong></span> <span class='ocrx_word' id='word_1_226' title='bbox 614 3561 687 3624; x_wconf 84' lang='lat' dir='ltr'><strong>satis</strong></span> <span class='ocrx_word' id='word_1_227' title='bbox 707 3581 770 3622; x_wconf 88' lang='lat' dir='ltr'><strong>am·</strong></span> <span class='ocrx_word' id='word_1_228' title='bbox 836 3581 874 3642; x_wconf 88' lang='lat' dir='ltr'><strong>c.‚</strong></span> <span class='ocrx_word' id='word_1_229' title='bbox 897 3581 935 3626; x_wconf 89' lang='lat' dir='ltr'><strong>eo</strong></span> <span class='ocrx_word' id='word_1_230' title='bbox 957 3574 1099 3648; x_wconf 83' lang='lat' dir='ltr'><strong>tempore</strong></span> <span class='ocrx_word' id='word_1_231' title='bbox 1120 3572 1240 3646; x_wconf 85' lang='lat' dir='ltr'><strong>septem</strong></span> <span class='ocrx_word' id='word_1_232' title='bbox 1260 3558 1353 3622; x_wconf 90' lang='lat' dir='ltr'><strong>modo</strong></span> <span class='ocrx_word' id='word_1_233' title='bbox 1375 3555 1467 3622; x_wconf 77' lang='lat' dir='ltr'><strong>bebe-</strong></span> 
     </span>
     <span class='ocr_line' id='line_1_27' title="bbox 137 3666 1015 3762; baseline -0.01 -22"><span class='ocrx_word' id='word_1_234' title='bbox 137 3673 225 3760; x_wconf 67' lang='lat' dir='ltr'><strong>ptam</strong></span> <span class='ocrx_word' id='word_1_235' title='bbox 246 3670 415 3737; x_wconf 78' lang='lat' dir='ltr'><strong>dicendam.</strong></span> <span class='ocrx_word' id='word_1_236' title='bbox 456 3671 570 3762; x_wconf 77' lang='lat' dir='ltr'><strong>Quare,</strong></span> <span class='ocrx_word' id='word_1_237' title='bbox 592 3667 619 3732; x_wconf 90' lang='lat' dir='ltr'><strong>si</strong></span> <span class='ocrx_word' id='word_1_238' title='bbox 639 3666 770 3751; x_wconf 87' lang='lat' dir='ltr'><strong>impers·</strong></span> <span class='ocrx_word' id='word_1_239' title='bbox 837 3667 892 3734; x_wconf 89' lang='lat' dir='ltr'><strong>bst</strong></span> <span class='ocrx_word' id='word_1_240' title='bbox 908 3686 1015 3732; x_wconf 81' lang='lat' dir='ltr'><strong>annos.</strong></span> 
     </span>
    </p>

    <p class='ocr_par' dir='ltr' id='par_1_8' title="bbox 133 3769 1470 4930">
     <span class='ocr_line' id='line_1_28' title="bbox 137 3769 1466 3858; baseline -0.008 -14"><span class='ocrx_word' id='word_1_241' title='bbox 137 3791 211 3858; x_wconf 81' lang='lat' dir='ltr'><strong>tor,</strong></span> <span class='ocrx_word' id='word_1_242' title='bbox 231 3789 267 3842; x_wconf 76' lang='lat' dir='ltr'><strong>ut</strong></span> <span class='ocrx_word' id='word_1_243' title='bbox 287 3777 355 3841; x_wconf 81' lang='lat' dir='ltr'><strong>vult</strong></span> <span class='ocrx_word' id='word_1_244' title='bbox 376 3779 475 3856; x_wconf 74' lang='lat' dir='ltr'><strong>Sext),</strong></span> <span class='ocrx_word' id='word_1_245' title='bbox 495 3775 559 3839; x_wconf 81' lang='lat' dir='ltr'><strong>fillo</strong></span> <span class='ocrx_word' id='word_1_246' title='bbox 581 3770 692 3856; x_wconf 73' lang='lat' dir='ltr'><strong>mejeri</strong></span> <span class='ocrx_word' id='word_1_247' title='bbox 715 3771 771 3834; x_wconf 83' lang='lat' dir='ltr'><strong>tri·</strong></span> <span class='ocrx_word' id='word_1_248' title='bbox 882 3779 895 3812; x_wconf 83' lang='lat'>²</span> <span class='ocrx_word' id='word_1_249' title='bbox 923 3776 1065 3858; x_wconf 83' lang='lat' dir='ltr'><strong>Ungars&#39;oe</strong></span> <span class='ocrx_word' id='word_1_250' title='bbox 1092 3778 1171 3858; x_wconf 76' lang='lat' dir='ltr'><strong>regis</strong></span> <span class='ocrx_word' id='word_1_251' title='bbox 1201 3818 1210 3835; x_wconf 87' lang='lat'><strong>.</strong></span> <span class='ocrx_word' id='word_1_252' title='bbox 1236 3821 1244 3836; x_wconf 90' lang='lat'><em>.</em></span> <span class='ocrx_word' id='word_1_253' title='bbox 1270 3822 1279 3838; x_wconf 91' lang='lat'><strong><em>.</em></strong></span> <span class='ocrx_word' id='word_1_254' title='bbox 1305 3769 1466 3856; x_wconf 77' lang='lat' dir='ltr'><strong>conjuncte]</strong></span> 
     </span>
     <span class='ocr_line' id='line_1_29' title="bbox 138 3873 1470 3972; baseline -0.01 -21"><span class='ocrx_word' id='word_1_255' title='bbox 138 3883 227 3972; x_wconf 74' lang='lat' dir='ltr'><strong>ginta</strong></span> <span class='ocrx_word' id='word_1_256' title='bbox 256 3883 354 3948; x_wconf 84' lang='lat' dir='ltr'><strong>millis</strong></span> <span class='ocrx_word' id='word_1_257' title='bbox 382 3901 553 3946; x_wconf 79' lang='lat' dir='ltr'><strong>marcarum</strong></span> <span class='ocrx_word' id='word_1_258' title='bbox 583 3873 770 3945; x_wconf 76' lang='lat' dir='ltr'><strong>[tunicarum</strong></span> <span class='ocrx_word' id='word_1_259' title='bbox 836 3882 912 3946; x_wconf 84' lang='lat' dir='ltr'><strong>Bela</strong></span> <span class='ocrx_word' id='word_1_260' title='bbox 937 3880 1065 3958; x_wconf 86' lang='lat' dir='ltr'><strong>tertius,</strong></span> <span class='ocrx_word' id='word_1_261' title='bbox 1096 3877 1196 3944; x_wconf 76' lang='lat' dir='ltr'><strong>Geise</strong></span> <span class='ocrx_word' id='word_1_262' title='bbox 1222 3876 1348 3944; x_wconf 84' lang='lat' dir='ltr'><strong>secundi</strong></span> <span class='ocrx_word' id='word_1_263' title='bbox 1377 3875 1470 3954; x_wconf 82' lang='lat' dir='ltr'><strong>iilius,</strong></span> 
     </span>
     <span class='ocr_line' id='line_1_30' title="bbox 137 3985 1470 4074; baseline -0.007 -20"><span class='ocrx_word' id='word_1_264' title='bbox 137 3990 174 4074; x_wconf 88' lang='lat' dir='ltr'><strong>(i.</strong></span> <span class='ocrx_word' id='word_1_265' title='bbox 197 4009 224 4056; x_wconf 84' lang='lat' dir='ltr'><strong>e.</strong></span> <span class='ocrx_word' id='word_1_266' title='bbox 253 3989 319 4054; x_wconf 84' lang='lat' dir='ltr'><strong>fere</strong></span> <span class='ocrx_word' id='word_1_267' title='bbox 342 3987 516 4074; x_wconf 84' lang='lat' dir='ltr'><strong>quindecim</strong></span> <span class='ocrx_word' id='word_1_268' title='bbox 537 3985 631 4050; x_wconf 84' lang='lat' dir='ltr'><strong>millia</strong></span> <span class='ocrx_word' id='word_1_269' title='bbox 656 4004 772 4049; x_wconf 83' lang='lat' dir='ltr'><strong>mares·</strong></span> <span class='ocrx_word' id='word_1_270' title='bbox 837 3987 890 4073; x_wconf 78' lang='lat' dir='ltr'><strong>qui</strong></span> <span class='ocrx_word' id='word_1_271' title='bbox 920 4005 957 4050; x_wconf 89' lang='lat' dir='ltr'><strong>eo</strong></span> <span class='ocrx_word' id='word_1_272' title='bbox 981 3999 1122 4072; x_wconf 84' lang='lat' dir='ltr'><strong>tempore</strong></span> <span class='ocrx_word' id='word_1_273' title='bbox 1148 3985 1181 4048; x_wconf 91' lang='lat' dir='ltr'><strong>in</strong></span> <span class='ocrx_word' id='word_1_274' title='bbox 1202 3985 1336 4070; x_wconf 87' lang='lat' dir='ltr'><strong>Ungsris</strong></span> <span class='ocrx_word' id='word_1_275' title='bbox 1360 4003 1470 4068; x_wconf 85' lang='lat' dir='ltr'><strong>regns-</strong></span> 
     </span>
     <span class='ocr_line' id='line_1_31' title="bbox 137 4089 1469 4184; baseline -0.008 -21"><span class='ocrx_word' id='word_1_276' title='bbox 137 4119 210 4163; x_wconf 84' lang='lat' dir='ltr'><strong>rum</strong></span> <span class='ocrx_word' id='word_1_277' title='bbox 236 4099 307 4184; x_wconf 89' lang='lat' dir='ltr'><strong>puri</strong></span> <span class='ocrx_word' id='word_1_278' title='bbox 332 4095 452 4180; x_wconf 87' lang='lat' dir='ltr'><strong>srgenti</strong></span> <span class='ocrx_word' id='word_1_279' title='bbox 480 4112 516 4157; x_wconf 84' lang='lat' dir='ltr'><strong>ex</strong></span> <span class='ocrx_word' id='word_1_280' title='bbox 536 4092 674 4178; x_wconf 86' lang='lat' dir='ltr'><strong>pondere</strong></span> <span class='ocrx_word' id='word_1_281' title='bbox 696 4097 772 4156; x_wconf 84' lang='lat' dir='ltr'><strong>Tre-</strong></span> <span class='ocrx_word' id='word_1_282' title='bbox 836 4094 906 4172; x_wconf 87' lang='lat' dir='ltr'><strong>bst,</strong></span> <span class='ocrx_word' id='word_1_283' title='bbox 935 4092 1128 4162; x_wconf 82' lang='lat' dir='ltr'><strong>Wsldemari</strong></span> <span class='ocrx_word' id='word_1_284' title='bbox 1154 4093 1247 4179; x_wconf 82' lang='lat' dir='ltr'><strong>primi</strong></span> <span class='ocrx_word' id='word_1_285' title='bbox 1269 4089 1469 4156; x_wconf 87' lang='lat' dir='ltr'><strong>consobrinus</strong></span> 
     </span>
     <span class='ocr_line' id='line_1_32' title="bbox 137 4195 1470 4291; baseline -0.008 -22"><span class='ocrx_word' id='word_1_286' title='bbox 137 4205 233 4284; x_wconf 76' lang='lat' dir='ltr'><strong>densi,</strong></span> <span class='ocrx_word' id='word_1_287' title='bbox 255 4225 325 4291; x_wconf 84' lang='lat' dir='ltr'><strong>quse</strong></span> <span class='ocrx_word' id='word_1_288' title='bbox 345 4195 482 4278; x_wconf 73' lang='grc' dir='ltr'><strong>073,Μο</strong></span> <span class='ocrx_word' id='word_1_289' title='bbox 498 4199 635 4264; x_wconf 84' lang='lat' dir='ltr'><strong>tbsieros</strong></span> <span class='ocrx_word' id='word_1_290' title='bbox 656 4211 771 4262; x_wconf 80' lang='lat' dir='ltr'><strong>nostras</strong></span> <span class='ocrx_word' id='word_1_291' title='bbox 837 4211 913 4277; x_wconf 85' lang='lat' dir='ltr'><strong>crat,</strong></span> <span class='ocrx_word' id='word_1_292' title='bbox 928 4197 1043 4286; x_wconf 87' lang='lat' dir='ltr'><strong>quippe</strong></span> <span class='ocrx_word' id='word_1_293' title='bbox 1058 4198 1470 4286; x_wconf 84' lang='lat' dir='ltr'><strong>quimstrernbsbucritEn·</strong></span> 
     </span>
     <span class='ocr_line' id='line_1_33' title="bbox 138 4303 1467 4392; baseline -0.006 -18"><span class='ocrx_word' id='word_1_294' title='bbox 138 4322 274 4374; x_wconf 74' lang='lat' dir='ltr'><strong>monetas</strong></span> <span class='ocrx_word' id='word_1_295' title='bbox 315 4303 470 4388; x_wconf 84' lang='lat' dir='ltr'><strong>isciunt),</strong></span> <span class='ocrx_word' id='word_1_296' title='bbox 514 4305 546 4367; x_wconf 91' lang='lat' dir='ltr'><strong>in</strong></span> <span class='ocrx_word' id='word_1_297' title='bbox 583 4305 772 4370; x_wconf 70' lang='lat' dir='ltr'><strong>matrimonii</strong></span> <span class='ocrx_word' id='word_1_298' title='bbox 836 4306 1022 4392; x_wconf 78' lang='lat' dir='ltr'><strong>phrosynsm</strong></span> <span class='ocrx_word' id='word_1_299' title='bbox 1038 4305 1116 4388; x_wconf 79' lang='lat' dir='ltr'><strong>(sive</strong></span> <span class='ocrx_word' id='word_1_300' title='bbox 1133 4307 1310 4386; x_wconf 83' lang='lat' dir='ltr'><strong>lielensm),</strong></span> <span class='ocrx_word' id='word_1_301' title='bbox 1330 4323 1467 4369; x_wconf 85' lang='lat' dir='ltr'><strong>sororem</strong></span> 
     </span>
     <span class='ocr_line' id='line_1_34' title="bbox 137 4410 1469 4497; baseline -0.006 -15"><span class='ocrx_word' id='word_1_302' title='bbox 137 4415 350 4483; x_wconf 84' lang='lat' dir='ltr'><strong>conditionem</strong></span> <span class='ocrx_word' id='word_1_303' title='bbox 382 4410 583 4497; x_wconf 69' lang='lat' dir='ltr'><strong>depoposcit,</strong></span> <span class='ocrx_word' id='word_1_304' title='bbox 624 4411 685 4474; x_wconf 87' lang='lat' dir='ltr'><strong>boc</strong></span> <span class='ocrx_word' id='word_1_305' title='bbox 723 4433 771 4474; x_wconf 85' lang='lat' dir='ltr'><strong>ar·</strong></span> <span class='ocrx_word' id='word_1_306' title='bbox 837 4413 1032 4497; x_wconf 76' lang='lat' dir='ltr'><strong>ingeburgis,</strong></span> <span class='ocrx_word' id='word_1_307' title='bbox 1058 4413 1253 4480; x_wconf 83' lang='lat' dir='ltr'><strong>Wsldemari</strong></span> <span class='ocrx_word' id='word_1_308' title='bbox 1279 4411 1395 4475; x_wconf 89' lang='lat' dir='ltr'><strong>mstris.</strong></span> <span class='ocrx_word' id='word_1_309' title='bbox 1431 4411 1469 4476; x_wconf 86' lang='lat' dir='ltr'><strong>V.</strong></span> 
     </span>
     <span class='ocr_line' id='line_1_35' title="bbox 135 4516 1469 4608; baseline -0.004 -23"><span class='ocrx_word' id='word_1_310' title='bbox 135 4534 287 4608; x_wconf 78' lang='lat' dir='ltr'><strong>gumento</strong></span> <span class='ocrx_word' id='word_1_311' title='bbox 307 4539 372 4584; x_wconf 81' lang='lat' dir='ltr'><strong>esse</strong></span> <span class='ocrx_word' id='word_1_312' title='bbox 393 4516 533 4596; x_wconf 82' lang='lat' dir='ltr'><strong>ridetur,</strong></span> <span class='ocrx_word' id='word_1_313' title='bbox 555 4518 643 4581; x_wconf 91' lang='lat' dir='ltr'><strong>illum</strong></span> <span class='ocrx_word' id='word_1_314' title='bbox 663 4517 769 4580; x_wconf 92' lang='lat' dir='ltr'><strong>mstri·</strong></span> <span class='ocrx_word' id='word_1_315' title='bbox 836 4518 1004 4604; x_wconf 85' lang='lat' dir='ltr'><strong>Geneslog.</strong></span> <span class='ocrx_word' id='word_1_316' title='bbox 1030 4539 1095 4602; x_wconf 87' lang='lat' dir='ltr'><strong>reg.</strong></span> <span class='ocrx_word' id='word_1_317' title='bbox 1126 4523 1206 4582; x_wconf 89' lang='lat' dir='ltr'><strong>Dan.</strong></span> <span class='ocrx_word' id='word_1_318' title='bbox 1234 4517 1316 4582; x_wconf 88' lang='lat' dir='ltr'><strong>inter</strong></span> <span class='ocrx_word' id='word_1_319' title='bbox 1343 4521 1409 4584; x_wconf 82' lang='lat' dir='ltr'><strong>Sur.</strong></span> <span class='ocrx_word' id='word_1_320' title='bbox 1431 4519 1469 4580; x_wconf 75' lang='lat' dir='ltr'><strong>tt.</strong></span> 
     </span>
     <span class='ocr_line' id='line_1_36' title="bbox 134 4621 1469 4712; baseline -0.007 -19"><span class='ocrx_word' id='word_1_321' title='bbox 134 4629 274 4694; x_wconf 78' lang='lat' dir='ltr'><strong>nonium</strong></span> <span class='ocrx_word' id='word_1_322' title='bbox 303 4625 498 4712; x_wconf 85' lang='lat' dir='ltr'><strong>propositum</strong></span> <span class='ocrx_word' id='word_1_323' title='bbox 519 4643 583 4687; x_wconf 85' lang='lat' dir='ltr'><strong>non</strong></span> <span class='ocrx_word' id='word_1_324' title='bbox 612 4621 692 4688; x_wconf 86' lang='lat' dir='ltr'><strong>serio</strong></span> <span class='ocrx_word' id='word_1_325' title='bbox 713 4643 769 4709; x_wconf 88' lang='lat' dir='ltr'><strong>cp·</strong></span> <span class='ocrx_word' id='word_1_326' title='bbox 836 4629 914 4689; x_wconf 86' lang='lat' dir='ltr'><strong>Dan.</strong></span> <span class='ocrx_word' id='word_1_327' title='bbox 934 4627 974 4704; x_wconf 89' lang='lat' dir='ltr'><strong>ll,</strong></span> <span class='ocrx_word' id='word_1_328' title='bbox 993 4621 1055 4688; x_wconf 87' lang='grc'><strong>160</strong></span> <span class='ocrx_word' id='word_1_329' title='bbox 1071 4645 1117 4712; x_wconf 85' lang='lat' dir='ltr'><strong>sq.</strong></span> <span class='ocrx_word' id='word_1_330' title='bbox 1132 4623 1191 4690; x_wconf 84' lang='lat' dir='ltr'><strong>cir.</strong></span> <span class='ocrx_word' id='word_1_331' title='bbox 1207 4623 1387 4712; x_wconf 84' lang='lat' dir='ltr'><strong>Engelstoft</strong></span> <span class='ocrx_word' id='word_1_332' title='bbox 1409 4626 1429 4687; x_wconf 93' lang='grc' dir='ltr'><strong>Ι.</strong></span> <span class='ocrx_word' id='word_1_333' title='bbox 1442 4643 1469 4685; x_wconf 89' lang='lat' dir='ltr'><strong>c.</strong></span> 
     </span>
     <span class='ocr_line' id='line_1_37' title="bbox 136 4725 1351 4818; baseline -0.006 -16"><span class='ocrx_word' id='word_1_334' title='bbox 136 4749 228 4802; x_wconf 85' lang='lat' dir='ltr'><strong>tssse.</strong></span> <span class='ocrx_word' id='word_1_335' title='bbox 278 4735 356 4798; x_wconf 79' lang='lat' dir='ltr'><strong>llam</strong></span> <span class='ocrx_word' id='word_1_336' title='bbox 380 4733 468 4798; x_wconf 88' lang='lat' dir='ltr'><strong>nullo</strong></span> <span class='ocrx_word' id='word_1_337' title='bbox 493 4731 587 4796; x_wconf 88' lang='lat' dir='ltr'><strong>modo</strong></span> <span class='ocrx_word' id='word_1_338' title='bbox 607 4739 768 4816; x_wconf 80' lang='lat' dir='ltr'><strong>expectare</strong></span> <span class='ocrx_word' id='word_1_339' title='bbox 835 4751 905 4818; x_wconf 84' lang='lat' dir='ltr'><strong>pag.</strong></span> <span class='ocrx_word' id='word_1_340' title='bbox 924 4725 970 4796; x_wconf 86' lang='grc'><strong>86</strong></span> <span class='ocrx_word' id='word_1_341' title='bbox 993 4743 1025 4796; x_wconf 90' lang='lat' dir='ltr'><strong>et</strong></span> <span class='ocrx_word' id='word_1_342' title='bbox 1047 4731 1124 4797; x_wconf 82' lang='lat' dir='ltr'><strong>st.</strong></span> <span class='ocrx_word' id='word_1_343' title='bbox 1147 4734 1173 4795; x_wconf 86' lang='grc' dir='ltr'><strong>ΙΙ</strong></span> <span class='ocrx_word' id='word_1_344' title='bbox 1192 4751 1260 4796; x_wconf 84' lang='lat' dir='ltr'><strong>cum</strong></span> <span class='ocrx_word' id='word_1_345' title='bbox 1285 4742 1351 4795; x_wconf 74' lang='lat' dir='ltr'><strong>not</strong></span> 
     </span>
     <span class='ocr_line' id='line_1_38' title="bbox 133 4836 768 4930; baseline -0.006 -23"><span class='ocrx_word' id='word_1_346' title='bbox 133 4839 256 4930; x_wconf 80' lang='lat' dir='ltr'><strong>potuit,</strong></span> <span class='ocrx_word' id='word_1_347' title='bbox 273 4851 337 4906; x_wconf 87' lang='lat' dir='ltr'><strong>tssn</strong></span> <span class='ocrx_word' id='word_1_348' title='bbox 354 4837 525 4907; x_wconf 82' lang='lat' dir='ltr'><strong>immodicis</strong></span> <span class='ocrx_word' id='word_1_349' title='bbox 541 4836 703 4926; x_wconf 81' lang='lat' dir='ltr'><strong>postuletis</strong></span> <span class='ocrx_word' id='word_1_350' title='bbox 721 4857 768 4903; x_wconf 86' lang='lat' dir='ltr'><strong>ss·</strong></span> 
     </span>
    </p>
   </div>
   <div class='ocr_carea' id='block_1_6' title="bbox 0 0 1774 5460">
    <p class='ocr_par' dir='ltr' id='par_1_9' title="bbox 0 0 1774 5460">
     <span class='ocr_line' id='line_1_39' title="bbox 0 0 1774 5460; baseline 0 1"><span class='ocrx_word' id='word_1_351' title='bbox 0 0 1774 5460; x_wconf 95' lang='lat' dir='ltr'><strong> </strong></span> 
     </span>
    </p>
   </div>
  </div>
 </body>
</html>
