3582 5466
702 309 934 383 ntentans.
1348 307 1421 384 625

164 513 456 612 Semelnamque,
471 511 795 607 dimissoerereitu,
810 518 932 616 viginti
948 515 1117 593 duntaxat
1131 517 1474 618 equitibuscomita·

163 656 220 713 tras
245 637 293 714 ad
306 637 439 730 locum,
452 638 488 713 in
503 663 579 736 quo
596 639 792 717 ilenricum
810 637 981 714 diversari
1012 637 1201 734 didicerat,
1232 667 1380 718 cursum
1412 640 1474 714 di-

162 767 264 852 rexit,
281 763 486 859 premissis,
499 763 565 856 qui
579 783 659 832 suae
675 764 708 832 ei
723 758 939 836 salutationis
955 761 1122 836 mandata
1136 763 1345 861 perferrent.
1369 767 1474 838 Hen-

163 887 272 974 ricus,
295 883 388 961 falso
402 881 541 959 hostem
556 879 629 956 sibi
643 880 797 956 blandiri
816 885 993 982 inquiens,
1008 887 1184 983 protinus,
1210 886 1356 962 ubinam
1374 903 1474 980 eruet,

160 1007 371 1106 perquirere
388 1006 517 1090 institit.
549 992 693 1097 Quibus
713 1029 795 1078 eum
810 1007 966 1104 inportu
983 1006 1109 1082 adesse
1127 1007 1374 1098 referentibus,
1387 1013 1475 1108 ipre,

160 1129 481 1218 nuncioattonitus,
495 1149 669 1220 mensam,
689 1123 856 1224 adquam
870 1127 962 1202 lorte
976 1128 1174 1227 prandendi
1183 1137 1295 1232 gratia
1309 1131 1475 1206 discum-

163 1251 284 1342 bebat,
310 1256 344 1328 vi
367 1271 496 1324 manus
512 1249 692 1324 discutere
711 1265 824 1347 parat
878 1255 979 1326 Tunc
993 1249 1110 1350 legati,
1128 1259 1354 1352 presentium
1372 1253 1475 1330 ducis

163 1401 186 1448 a
200 1399 290 1474 pace
308 1373 504 1474 profectam
526 1374 710 1472 jurantes,
744 1389 958 1472 conceptum
986 1373 1076 1448 falso
1098 1363 1234 1450 metum
1262 1376 1474 1454 affirmatio-

163 1523 249 1572 num
273 1521 422 1570 suarum
450 1502 715 1591 perseverantia
740 1494 991 1570 discusserunt.
1072 1498 1213 1592 Quibus
1238 1517 1277 1576 ut
1300 1503 1474 1581 lleuricut

44 1637 47 1648 '
161 1620 273 1696 fidem
288 1619 427 1709 habuit,
444 1617 538 1718 lugae
553 1620 820 1694 meditationem
838 1620 970 1692 amoris
980 1615 1108 1692 iudicio
1126 1627 1317 1720 castigavit
1343 1625 1473 1698 Enim*

130 1728 136 1734 ⁸
162 1769 254 1818 vero
269 1741 399 1816 tabulae
416 1741 565 1831 iunixus,
590 1741 729 1818 sulluso
753 1740 922 1839 lacrymis
947 1767 1021 1832 ore,
1044 1742 1220 1817 infelicem
1237 1745 1389 1820 Dauiam
1407 1745 1474 1820 lu-

164 1884 292 1955 turam,
317 1863 404 1936 dum
420 1862 482 1936 tali
495 1865 571 1938 viro
590 1865 756 1956 caruerit,
772 1865 910 1963 ajebat3
935 1889 1076 1940 severo
1092 1868 1281 1940 amicitiam
1298 1869 1379 1967 ejus
1393 1873 1474 1944 siu·-

162 2013 245 2062 cera
261 1985 394 2060 amodo
409 1983 481 2058 fide
498 1984 693 2060 culturum.
750 1989 855 2060 Hunc
870 1992 1036 2062 nimirum
1062 1991 1349 2088 consangviueus
1371 2015 1476 2071 amor

162 2129 197 2188 et
219 2135 298 2184 suae
316 2105 520 2182 iulelicitatis
545 2107 709 2184 oblivisci
725 2126 760 2182 et
775 2107 887 2184 hostis
907 2116 1070 2184 virtutem
1086 2111 1186 2186 lateri
1202 2114 1338 2214 coegit,
1363 2130 1475 2213 utque

160 2233 321 2332 propriae
337 2230 490 2306 fortunae
506 2237 764 2324 immemorem,
789 2238 834 2304 ita
851 2231 973 2306 alienae
995 2232 1215 2310 laudatorem
1237 2235 1359 2310 effecit.
1394 2239 1473 2310 De-

160 2355 244 2430 inde
259 2369 475 2453 praesentem
493 2353 735 2452 amplexatus,
768 2352 869 2428 haud
890 2357 1033 2452 parcius
1048 2325 1225 2456 lacrymas
1244 2378 1356 2456 qaam
1375 2383 1474 2456 epu-

162 2479 240 2554 lum
262 2475 428 2576 praebuit.
509 2479 653 2574 Quippe
686 2491 901 2575 praesentem
925 2479 1004 2575 ejus
1035 2477 1340 2554 manavetudiuem
1364 2505 1474 2579 quam

162 2602 359 2702 praeteritas
381 2623 496 2674 noxas
521 2600 683 2672 attentius
704 2601 861 2689 intuens,
894 2599 1102 2698 frequentiae
1126 2598 1344 2676 daumorum
1369 2605 1474 2678 unius

159 2723 326 2800 beneficii
341 2719 598 2822 indulgentiam
612 2725 824 2822 anteposuit.
866 2723 937 2797 ‘Sed
954 2747 1074 2822 neque
1093 2725 1252 2801 Canutus
1274 2725 1474 2823 profectum

159 2873 183 2922 a
201 2851 331 2946 pietate
345 2871 539 2920 moerorem
552 2851 710 2944 ingratus
721 2846 869 2944 excepit.
923 2849 1018 2940 Quin
1035 2848 1152 2941 etiam,
1169 2847 1253 2947 plus
1268 2849 1306 2918 in
1319 2845 1475 2924 creanda

159 2997 251 3072 pace
269 2995 382 3070 quam
397 2969 549 3044 fruenda
564 2969 659 3068 dape
677 2967 869 3067 voluptatis
899 2955 1079 3068 reponens
1104 2987 1140 3044 et
1166 2975 1269 3070 quasi
1292 2955 1474 3048 mediato-

158 3100 207 3170 ris
226 3109 348 3192 partea
379 3118 488 3192 agere
508 3117 676 3185 exorsus,
711 3094 907 3166 Henrieum
942 3092 1111 3168 avunculi
1141 3100 1289 3194 gratiam
1309 3109 1475 3194 expetere

156 3221 273 3318 jussit,
300 3242 343 3290 ac
362 3215 508 3290 demum
524 3241 738 3298 consensum
757 3219 837 3316 ejus
855 3217 1117 3316 perseverantia
1135 3215 1385 3306 admonitionis
1399 3215 1475 3292 ob-

157 3343 272 3415 tinuit.
325 3337 507 3438 Siquidem
525 3343 699 3414 Heuricus
718 3363 794 3412 rem
809 3352 1016 3430 maternam,
1041 3341 1146 3438 cujus
1161 3337 1365 3438 repetendae
1381 3365 1474 3414 cau-

164 3489 208 3538 sa
230 3461 381 3542 adversa
397 3463 508 3539 Danis
523 3485 622 3536 arma
639 3460 785 3551 tulerat,
804 3464 905 3560 pretii
919 3463 1085 3560 pactione
1101 3464 1319 3562 interposita,
1336 3465 1475 3543 Canuto

164 3586 474 3682 inpossessionem
489 3585 658 3682 asumpsit,
669 3582 893 3683 eandemque
902 3582 1115 3658 Canutusad
1125 3609 1248 3685 regem
1257 3585 1474 3677 conditione,

164 3729 241 3804 qua
265 3723 470 3804 acceperat,
498 3705 690 3799 transtulit,
722 3731 766 3780 ac
788 3706 916 3780 deinde
938 3723 1121 3804 receptam
1144 3704 1192 3778 ab
1216 3731 1260 3782 eo
1282 3711 1475 3806 pecuniam
1585 3742 1590 3751 ·

161 3833 317 3904 ilenrico
342 3832 553 3904 numeravit.
611 3834 642 3902 A
668 3855 744 3927 quo
760 3830 865 3902 edam
879 3829 1112 3925 postmodum
1139 3827 1187 3902 ad
1211 3828 1476 3906 convivandum

161 3958 354 4028 accersitus
371 3955 555 4052 excipitur,
581 3951 791 4044 affirmante,
803 3954 916 4050 priori
938 3953 1018 4051 ejus
1035 3950 1204 4026 adventui
1217 3956 1346 4046 minus,
1365 3977 1476 4051 quam

160 4073 291 4169 decuit,
307 4078 468 4175 impense
481 4078 660 4150 servitum.
693 4080 724 4150 A
741 4099 814 4174 quo
830 4080 936 4148 etium
950 4075 1125 4166 Heuricus
1140 4097 1258 4172 nuper
1274 4099 1314 4148 se
1332 4078 1401 4150 vita
1416 4091 1476 4152 at-

158 4225 234 4298 que
250 4199 486 4273 incolumitate
512 4198 684 4273 donatum
696 4198 882 4296 judicans,
909 4195 1085 4272 sclaviam
1108 4199 1141 4270 ei
1155 4194 1387 4296 jurisjurandi
1405 4197 1477 4273 fir-

158 4324 280 4420 mitate
298 4322 467 4422 legavit1.
528 4323 619 4398 Huic
641 4325 800 4416 accessit,
818 4321 920 4421 quod
935 4320 983 4394 ad
999 4319 1158 4421 gerenda
1174 4343 1256 4392 cum
1273 4318 1476 4396 Theutoni·

156 4577 271 4656 thilda,
292 4591 391 4643 mater
412 4579 537 4658 Canuti,
559 4577 622 4642 filia
642 4577 701 4644 suit
728 4580 790 4644 Go-
852 4579 976 4666 legauit]
993 4585 1070 4644 Haec
1092 4602 1108 4643 a
1131 4581 1250 4646 Saxone
1268 4580 1367 4644 miuus
1390 4598 1478 4644 aecn-

158 4685 314 4750 desealclri
332 4701 363 4752 et
380 4708 470 4753 soror
483 4686 621 4766 Hearici,
642 4684 790 4773 principis
850 4697 917 4750 rute
936 4686 1015 4750 tradi
1028 4685 1177 4753 ridentur.
1212 4689 1342 4753 Condat
1357 4686 1479 4750 exHel-

157 4791 331 4858 Slarorum.
777 4803 788 4832 ⁸
851 4790 968 4873 moldo,
987 4794 1124 4858 Hearico
1147 4805 1280 4874 mortuo,
1301 4811 1365 4856 tras
1387 4789 1478 4871 ffltor,

206 4906 215 4938 ¹
227 4903 376 4965 Seleuciam
391 4905 421 4964 οἱ
430 4901 636 4983 jurisjurandi
649 4901 791 4981 firmr'tate
853 4897 1030 4981 flmmeum,
1043 4899 1264 4986 Zventepolnh
1275 4911 1307 4963 st
1316 4899 1478 4978 muron,

1685 5349 1782 5430 Δ
