3536 5462
362 295 436 368 916
705 283 881 356 lllSTOll.
900 283 1008 355 DAN.
1025 285 1173 356 LIBER.
1190 287 1281 359 xlv.

316 506 485 606 opinione
510 512 655 587 notum,
695 491 855 592 designo.
916 495 1027 593 Igitur
1058 493 1329 594 compluribus,
1358 494 1454 568 bene
1476 492 1638 567 ecclesiae

318 627 535 712 consultum,
561 616 862 704 acclamantibus,
903 641 1098 714 exsurgens
1121 615 1299 709 Absalon,
1335 619 1512 716 majorem
1541 615 1641 692 hunc

317 753 470 840 lascem,
501 769 613 844 quam
639 759 679 815 ut
701 739 864 813 humeris
887 739 960 813 suis
981 740 1116 838 imponi
1141 737 1289 831 debeat,
1303 722 1444 832 refert,
1474 738 1579 814 nullo
1601 763 1642 814 sc

315 891 424 974 pacto
440 867 488 944 ad
510 863 744 939 deserendam
767 861 956 936 ecclesiam
973 859 1101 934 adduci
1125 861 1316 961 praeiatns,
1356 887 1488 960 quam,
1512 887 1639 962 angn-

318 997 477 1072 stissimis
492 994 541 1065 rei
560 991 705 1060 Danicae
721 985 947 1082 temporibus
963 1001 1180 1081 susceptam,
1200 982 1245 1056 ad
1258 985 1471 1058 eminentem
1485 984 1640 1060 fortnuae

309 1103 484 1192 'habitum
502 1103 642 1188 summa
670 1108 776 1180 animi
806 1109 1043 1206 corporisque
1081 1106 1287 1204 fatigatione
1308 1106 1536 1205 perduxerit,
1564 1131 1637 1180 cu-

318 1243 451 1340 jusque
493 1261 566 1308 non
594 1232 712 1308 solum
745 1215 929 1304 externum
961 1227 1103 1302 hostem
1139 1231 1246 1303 armis
1279 1230 1524 1322 submoverit,
1574 1227 1639 1304 sed

319 1370 424 1436 etiam
451 1374 607 1432 veterem
638 1372 746 1453 atque
774 1351 1026 1425 hereditariam
1054 1369 1299 1450 paupertatem
1328 1351 1488 1427 felicibus
1524 1377 1639 1452 opum

320 1487 544 1560 incrementis
566 1477 767 1550 mutaverit.
815 1478 909 1548 Tum
930 1475 972 1565 ii,
1000 1476 1132 1572 quibus
1155 1474 1375 1574 suffragandi
1397 1477 1457 1573 jus
1482 1491 1570 1566 erat,
1591 1475 1639 1547 ab
1753 1551 1754 1560 χ

321 1607 462 1684 Eskillo
476 1605 657 1678 taciturnae
671 1598 900 1672 haesitationis
916 1600 1089 1697 increpiti,
1102 1614 1150 1688 et,
1166 1605 1308 1671 cuinam
1327 1597 1506 1674 officiisni
1523 1613 1640 1696 partes

323 1730 453 1804 cedere
471 1723 618 1816 vellent,
640 1722 774 1821 rogati,
801 1703 952 1818 paribus
974 1725 1009 1791 in
1030 1719 1248 1794 Absalonem
1275 1726 1369 1793 votis
1391 1720 1639 1818 pronuntiant,

323 1853 487 1950 adeoque
517 1843 715 1922 concordes
740 1843 994 1943 suffragiorum
1020 1867 1127 1916 voces
1158 1847 1304 1934 misere,
1341 1859 1382 1915 ut
1402 1841 1492 1916 nihil
1518 1845 1557 1916 in
1583 1843 1639 1918 his

222 1991 226 1999 ’
323 1979 506 2052 diversum
532 1986 590 2044 aut
606 1967 761 2041 dubium
782 1965 966 2064 repeiires.
1016 1969 1090 2039 Nec
1112 1971 1184 2040 oris
1203 1964 1322 2038 cilicio
1346 1970 1508 2058 contenti,
1531 1991 1638 2040 manu

324 2095 628 2206 comprehensum
669 2089 716 2162 ad
747 2085 890 2179 sedem,
930 2113 1040 2186 quam
1066 2093 1096 2159 ei
1122 2113 1212 2162 voce
1235 2069 1455 2179 detulerant,
1487 2093 1522 2164 vi
1550 2111 1639 2186 pcr-

325 2223 466 2298 trahere
483 2232 666 2293 conantur.
716 2215 806 2284 Nam
828 2211 967 2309 primus
982 2209 1140 2284 Eskillus
1166 2211 1306 2310 injectae
1325 2214 1363 2285 in
1379 2237 1464 2284 cum
1486 2208 1640 2284 dexterae
1754 2293 1755 2316 ,

290 2343 493 2444 'exemplo
522 2339 655 2415 caeteris
670 2335 767 2410 idem
788 2331 945 2438 audendi
965 2325 1135 2406 fiduciam
1151 2334 1308 2408 tribuere
1329 2333 1529 2408 videbatur.
1571 2335 1640 2426 Qui
1754 2317 1755 2356 ³

325 2472 450 2558 etiam,
472 2481 512 2540 ut
528 2485 607 2536 mos
623 2477 693 2549 est,
716 2459 904 2532 concinere
928 2459 1062 2547 exorsi,
1083 2456 1263 2532 celebrem
1282 2457 1462 2530 electionis
1480 2480 1641 2530 concor·

327 2593 426 2670 diam
455 2587 591 2661 decoro
622 2577 795 2682 psallendi
819 2577 938 2651 officio
967 2596 1244 2680 prosequuntur.
1303 2583 1466 2672 Quorum
1491 2576 1642 2678 plenum

325 2713 561 2790 venerationis
578 2719 785 2792 concentum
810 2699 983 2800 populus,
1002 2704 1133 2800 ingenti
1152 2701 1283 2802 plausu
1306 2699 1516 2800 tripudians,
1538 2727 1642 2778 sacro

325 2837 508 2916 cantilenae
522 2853 653 2931 genere
671 2825 918 2917 aenaulabatur,
933 2823 1096 2924 gloriosis
1113 2825 1323 2900 clericorum
1339 2824 1495 2900 vocibus
1507 2822 1647 2926 aliquid

326 2957 533 3036 honorificae
555 2949 809 3026 modulationis
832 2946 990 3046 adjicere
1012 2947 1215 3046 gestiendo,
1246 2950 1526 3045 personantibus
1555 2949 1645 3040 alite,

328 3083 528 3158 deformem
543 3076 612 3150 sibi
643 3073 910 3145 taciturnitatem
938 3070 1150 3144 existimans.
1212 3068 1312 3142 adeo
1342 3073 1379 3142 in
1403 3071 1574 3170 eligendo
1599 3097 1646 3146 eo

327 3223 402 3278 tota
418 3195 609 3274 multitudo
633 3219 741 3270 unam
764 3191 952 3267 benevolae
969 3192 1227 3292 suffragationis
1243 3218 1368 3266 vocem
1393 3191 1531 3268 habuit.
1583 3193 1648 3268 Ille
1755 3197 1756 3276 ἶ

328 3351 416 3400 vero
434 3305 584 3396 trahenti
600 3342 638 3390 se
654 3314 769 3389 turbae
789 3321 939 3422 summis
957 3293 1121 3414 cor'poris
1137 3315 1274 3390 viribus
1292 3316 1519 3408 obluctatus,
1544 3343 1649 3394 com·

326 3449 453 3550 plures
469 3442 673 3517 robustiore
688 3437 848 3537 impulsu
871 3439 1070 3536 praecipites
1092 3439 1245 3512 humum
1264 3455 1386 3538 petere
1408 3441 1537 3542 coigit.
1591 3443 1650 3514 Ab

327 3571 452 3646 iisdem
474 3587 624 3664 quoque
648 3565 783 3636 exuviae
799 3561 963 3632 renitenti
979 3558 1165 3654 detractae,
1193 3563 1343 3661 jamque
1373 3587 1432 3637 res
1456 3561 1505 3638 ad
1522 3565 1604 3639 vini
1619 3585 1653 3639 et

328 3701 442 3772 rixam
467 3713 587 3787 usque
618 3708 808 3785 progressa
837 3685 1029 3781 permixtos
1054 3688 1202 3785 strepitu
1229 3701 1353 3762 cantus
1380 3685 1546 3760 exaudiri
1575 3713 1653 3762 uon

328 3817 541 3922 patiebatur.
593 3811 704 3910 Igitur
728 3805 890 3880 Absalon
915 3803 1101 3880 adsedem
1124 3807 1319 3906 pontificali
1345 3807 1488 3906 fastigio
1510 3833 1652 3884 conse-

330 3958 465 4017 cratam
481 3941 541 4036 pia
563 3933 679 4033 plebis
703 3928 868 4004 violentia
891 3927 1108 4026 perductus,
1136 3934 1172 4004 in
1186 3955 1228 4002 ea
1246 3930 1414 4006 collocari
1428 3955 1562 4030 passus
1577 3955 1655 4004 uon

330 4081 401 4156 est,
425 4085 471 4134 ne
492 4057 568 4132 ulla
591 4081 633 4129 ex
655 4070 759 4152 parte
783 4050 994 4150 cogentibus
1016 4051 1174 4126 assentiri
1199 4071 1395 4152 putaretur.
1454 4057 1580 4148 Quam
1602 4053 1656 4128 ob

329 4213 405 4260 rem
420 4184 521 4284 prius
536 4178 584 4251 ab
605 4174 757 4268 Eskillo,
779 4200 863 4248 mox
878 4199 900 4246 a
916 4172 1148 4248 Waldemaro
1166 4175 1278 4250 oblati
1294 4157 1371 4252 ¹sibi
1386 4177 1558 4252 divinitus
1575 4175 1658 4250 ho-

250 4284 253 4296 *
330 4313 428 4382 noris
452 4317 661 4378 ornamenta
681 4297 847 4397 amplecti
870 4315 1036 4400 rogatus,
1069 4324 1115 4370 ne
1137 4302 1320 4397 praesentis
1343 4299 1501 4374 ecclesiae
1523 4301 1660 4400 maje-

332 4443 459 4501 statem
486 4450 585 4499 novo
610 4439 643 4496 et
664 4421 821 4496 inaudito
850 4434 1057 4520 contemptu
1078 4420 1330 4522 perfunderet,
1366 4425 1565 4522 impetrata
1594 4422 1659 4496 lo-

331 4546 468 4648 quendi
494 4551 617 4649 copia,
646 4546 694 4621 ad
718 4546 926 4646 appellandi
949 4547 1110 4620 officinm
1133 4548 1330 4645 procurrit,
1381 4570 1551 4644 cumque
1572 4567 1663 4644 pre·

331 4671 436 4746 cibus
451 4669 690 4744 obsecuturus
707 4687 916 4770 putaretur,
937 4669 1194 4745 validissimum
1209 4669 1461 4768 repugnationi
1481 4691 1564 4742 suae
1595 4683 1663 4742 tu-

332 4809 535 4872 tamentum
561 4793 702 4894 adjecit.
753 4797 946 4892 Rapuisset
963 4793 1054 4868 alins
1071 4794 1202 4870 oblate
1218 4791 1397 4892 dignitatis
1417 4786 1663 4878 beneficium,
