3536 5462
613 293 944 374 watntsttattus
962 294 986 363 l.
1331 297 1405 372 897

137 506 294 582 donatus
316 521 424 606 atque
448 528 491 580 ex
509 505 650 605 privata
677 505 820 581 fortuna
842 501 891 580 ad
909 503 1121 578 eminentem
1136 503 1315 602 dignitatis
1332 507 1456 588 lucum

118 647 335 734 provector
348 629 474 704 iuerat.
521 630 672 702 Tantam
688 627 830 704 victoris
846 628 1030 702 caritatem
1044 625 1231 727 supplicii,
1253 630 1356 729 quod
1372 659 1456 708 me-

135 770 270 846 ruerat,
293 753 376 830 loco
391 765 560 850 expertus
577 766 639 826 est.
687 751 798 847 Cujus
812 747 1019 826 insidiarum
1041 765 1235 848 apparatus
1256 749 1327 827 boe
1340 779 1456 832 secu-

99 879 104 898 *
135 882 233 970 rior,
267 901 343 977 qno
366 873 613 950 incredibilior
636 874 753 950 extitit.
803 875 932 972 Neque
950 877 1045 946 enim
1060 870 1165 946 facile
1182 877 1276 973 regis
1296 879 1457 956 animum

135 1000 266 1078 subire
287 996 444 1098 poterat,
465 993 591 1070 abillo
609 995 678 1070 sibi
697 992 839 1070 insidias
855 998 965 1084 necti,
988 999 1045 1070 cui
1062 993 1245 1093 quondam
1264 997 1454 1077 salutema

135 1148 179 1198 se
196 1121 368 1196 tributam
385 1124 604 1195 meminerat.
658 1119 752 1192 Ouin
768 1121 836 1192 ‘res
848 1115 911 1190 diu
928 1113 1104 1207 latuisset,
1124 1117 1294 1192 iudicium
1316 1119 1455 1221 hujux-

137 1243 238 1322 modi
254 1243 330 1320 luit.
355 1267 357 1272 ·
380 1239 535 1335 Quidam
554 1241 761 1318 Tbeutones
786 1238 996 1316 insidiarum
1018 1245 1170 1332 conscii,
1191 1245 1456 1344 Magnoclien-

136 1367 220 1444 telae
236 1365 423 1464 obsequiis
436 1362 608 1455 devincti,
630 1391 716 1438 cum
732 1363 835 1456 forte,
853 1365 1079 1462 negotiorum
1094 1366 1175 1463 ejus
1191 1391 1316 1440 curam
1333 1367 1455 1444 admi-

135 1487 324 1566 nistrando
342 1484 539 1563 Hclsatiam
557 1501 808 1586 peragrantes,
833 1483 1024 1584 cujusdam
1043 1483 1234 1560 solitariam
1246 1491 1361 1566 *vitam
1380 1492 1454 1567 de-

136 1614 254 1716 gentis
277 1610 434 1710 hospitio
455 1609 593 1708 excepti
610 1607 780 1700 luissent,
812 1609 968 1706 ejusque
991 1607 1202 1684 cubiculum
1225 1637 1245 1685 a
1269 1638 1309 1687 se
1335 1615 1455 1692 medic

136 1752 277 1811 tantum
291 1734 425 1832 pariete
442 1730 635 1808 discretum
654 1737 839 1821 nescirent,
855 1745 1029 1808 nonarno
1045 1732 1198 1808 invicem
1210 1753 1376 1814 sermone
1394 1741 1456 1816 el·-

136 1857 254 1936 susius
266 1854 405 1949 habito,
426 1853 655 1933 vehementer
677 1879 717 1932 sc
731 1857 850 1928 mirari
872 1853 1014 1945 dixere,
1045 1879 1122 1954 quo
1150 1874 1258 1954 pacto
1280 1886 1344 1936 rex
1367 1865 1456 1940 inter

138 1998 194 2058 tot
215 1975 417 2081 preparata
439 1977 509 2052 sihi
541 1975 747 2054 insidiarum
774 1993 976 2052 commenta
999 1973 1204 2052 mortalium
1229 1980 1351 2057 adbuc
1372 1984 1456 2062 luce

139 2103 369 2204 fungeretur,
395 2123 487 2200 quas
502 2105 657 2202 Magnus
674 2127 758 2176 cum
775 2097 892 2174 Caroli
916 2099 996 2173 filiis
1014 2102 1095 2199 ejus
1111 2104 1218 2200 capiti
1234 2103 1454 2183 clandestino

139 2224 292 2306 consilio
305 2223 449 2299 molitus
465 2223 581 2298 fuerit.
618 2226 692 2300 Has
708 2247 793 2297 vero
811 2247 946 2314 omnes,
962 2221 1154 2297 adversum
1170 2227 1320 2302 inscium
1338 2255 1454 2305 exco-

137 2353 289 2452 gitatas,
312 2371 384 2420 non
403 2347 557 2428 fortuitis
574 2344 743 2422 humanae
761 2343 976 2420 conditionis
994 2346 1150 2442 casibus,
1175 2337 1240 2424 sed
1255 2326 1462 2428 «τοιιεῐιιιιῐῑψΙ

136 2473 214 2554 bus
228 2468 356 2548 divinae
372 2473 600 2570 protectionis
616 2468 786 2546 subsidiis
806 2494 884 2546 esse
901 2467 1092 2569 dispulsas.
1144 2471 1328 2572 Siquidem
1343 2479 1456 2580 blag-

138 2619 243 2686 num,
263 2590 385 2694 gladio
408 2591 579 2669 duntaxat
595 2591 870 2694 venabulcque,
896 2619 971 2692 quo
987 2592 1093 2692 tigres
1107 2597 1340 2694 ¹,cccupandt
1360 2626 1455 2676 ecn-

138 2715 366 2804 eremitorio
382 2715 552 2808 habeba,
576 2731 744 2808 utentem,
768 2717 923 2818 petitura
940 2715 1155 2791 sialandiam
1174 2721 1248 2818 regi
1265 2723 1457 2800 comitandi
1595 2749 1604 2762 ·
1703 2733 1717 2771 ¹

139 2841 359 2942 obsequim
376 2838 424 2916 ad
440 2837 630 2939 cujusdam
646 2863 766 2939 usque
781 2839 865 2914 vadi
881 2844 1067 2914 transitum
1085 2839 1305 2938 exhibuisse,
1330 2846 1457 2950 ibique

142 2969 297 3056 Kanuti,
321 2968 381 3063 qui
399 2965 479 3064 pari
501 2979 680 3036 armatura
695 2964 887 3038 instructus
904 2955 1004 3058 (narn
1025 2963 1063 3036 id
1080 2989 1192 3066 genus
1211 2971 1246 3039 in
1261 2971 1456 3048 venationis

137 3085 378 3183 sectatoribus
399 3101 604 3184 suspectum
629 3107 801 3161 essenon
823 3087 980 3185 poterat)
1003 3113 1086 3162 cum
1111 3089 1306 3189 conjuratis
1326 3091 1454 3169 eodem

142 3231 315 3313 tempure,
331 3213 564 3308 supervenire
586 3205 765 3304 debebat,
802 3235 960 3286 occursu
984 3208 1209 3304 fraudatum,
1243 3211 1457 3318 facinusque

140 3336 221 3410 sine
236 3329 411 3432 complice
434 3335 584 3430 experiri
605 3357 678 3408 nco
702 3357 852 3422 ausum,
877 3359 944 3432 per
959 3357 1138 3409 summam
1154 3339 1331 3435 propositi
1344 3339 1458 3417 disai-

140 3455 393 3546 mulstionem‚
425 3455 647 3536 consalutato
670 3483 776 3557 rege,
808 3459 960 3557 proprie
983 3458 1200 3556 repetivisse.
1252 3465 1336 3537 Post
1351 3469 1456 3567 cujus

138 3580 342 3668 Qucum
349 3581 531 3655 Kanutum
545 3580 620 3680 regi
634 3579 773 3654 ,vadum
785 3592 1006 3678 transgresso
1020 3580 1170 3654 obvium
1182 3584 1343 3676 extitisse,
1369 3603 1455 3662 tur-

136 3704 529 3800 bamrnqueccnscrtis
544 3700 701 3778 absentia
713 3703 975 3800 prosecutionis
984 3700 1142 3775 officium
1155 3703 1348 3782 simulasse.
1374 3709 1456 3784 Ali-

140 3840 280 3925 qoantc
294 3839 414 3909 tamen
429 3847 513 3904 eum
528 3829 645 3900 acrius
660 3821 882 3924 avidiusque,
899 3847 1009 3923 quam
1024 3827 1209 3924 Magnum,
1228 3833 1457 3930 propositum

139 3949 274 4047 exequi
289 3971 548 4046 perseverasse,
573 3954 634 4050 qui
652 3973 786 4048 regem,
807 3951 948 4048 equites
961 3941 1009 4020 ad
1021 3973 1122 4022 mare
1136 3957 1365 4048 premittere,
1387 3961 1456 4030 sti-

141 4069 388 4172 postibusque
407 4070 582 4163 foeminis,
606 4070 878 4154 moechandum
903 4075 939 4144 in
962 4069 1079 4146 littore
1107 4071 1290 4149 considere
1311 4092 1348 4150 et
1364 4081 1458 4154 inter

141 4210 324 4280 ementes
335 4198 516 4296 navigium
531 4194 935 4290 conscenderesclitum,
947 4193 1096 4297 aggredi
1110 4197 1347 4294 constituerit,
1364 4225 1453 4300 per*

141 4321 347 4417 egissetque
360 4317 518 4412 facinus,
541 4318 579 4390 ni
596 4339 675 4411 rex,
700 4319 843 4421 absque
865 4319 1145 4396 omnishumani
1161 4319 1279 4394 indicii
1303 4331 1457 4421 monitis,

140 4438 356 4542 benigniore
370 4439 572 4515 coelestium
586 4464 674 4515 cura
689 4441 916 4540 compulsus,
941 4439 1071 4515 relictis
1091 4466 1207 4543 ocyus
1220 4443 1457 4551 pedissequis,

141 4579 257 4640 ratem
279 4581 413 4667 praeter
441 4563 588 4640 solitum
614 4563 786 4640 scandere
813 4566 1074 4670 ‚maturavisset
1137 4569 1310 4644 Carolum
1335 4591 1457 4652 autem

190 4733 339 4822 ²Tr'gm]
360 4738 463 4822 Apros
484 4735 686 4822 stephaniae,
709 4731 775 4819 lya·
821 4734 945 4822 gandcs
963 4747 1063 4824 putat.
1107 4739 1208 4804 Hodie
1226 4760 1325 4828 neque
1342 4743 1391 4807 hm
1411 4741 1458 4809 i'e·

137 4859 191 4908 eea
212 4841 356 4908 smalx·
373 4839 409 4924 (l.
424 4863 450 4906 c.
471 4846 543 4923 vu,
566 4834 643 4922 443)
663 4842 775 4910 intelli·
828 4866 872 4908 rac
890 4843 920 4908 in
943 4843 1051 4910 Danin
1067 4845 1272 4914 inveniuntur.
