3538 5460
337 278 438 354 1962
694 275 872 352 fltstott
887 277 994 352 DAN.
1008 276 1149 352 UBER
1165 277 1257 352 XVI.

308 483 545 590 impeditione
575 487 769 580 sermonis,
801 485 964 566 essetis
995 485 1221 588 adsciscunt,
1263 481 1448 566 hominem
1477 507 1630 588 prorsus

307 632 420 710 regno
443 610 629 708 imparem,
648 631 733 688 cum
756 613 793 682 in
811 632 857 686 eo
880 608 971 691 nihil
989 626 1123 718 preter
1145 595 1530 710 guentoniensem
1552 633 1628 685 na-

306 747 384 804 tum
410 745 473 806 aut
495 728 951 808 sortuna'commcndabiie
973 730 1195 820 reddidisset.
1244 733 1355 832 igitur
1370 732 1517 831 majore
1545 757 1629 808 cem

306 853 510 954 opprobrio
534 850 641 926 talem
664 857 783 928 virum
804 857 927 934 svetta
949 856 1083 930 miserit
1109 879 1156 928 an
1181 855 1308 930 Scania
1340 853 1533 954 receperit,
1567 854 1630 928 in-

306 991 446 1052 certum
469 991 531 1050 est
591 978 673 1068 Quo
696 1001 843 1053 rumore
868 978 1003 1054 attoniti
1026 975 1260 1078 perculsique
1281 993 1486 1076 magnates,
1519 991 1629 1076 prout

305 1121 347 1174 se
368 1097 527 1178 hostium
546 1094 725 1175 adventus
751 1100 848 1174 sama
872 1099 1036 1178 variabat
1043 1149 1068 1192 ‚,
1087 1098 1206 1174 dubiis
1227 1097 1448 1176 munionem
1471 1097 1628 1200 legatio-

305 1220 413 1296 nibus
436 1220 598 1322 fatigant,
631 1245 862 1322 nuncupem
891 1224 971 1324 ejus
999 1225 1260 1322 transitumque
1283 1239 1495 1322 posceniee,
1528 1247 1629 1298 nunc

306 1340 461 1418 eundem
493 1368 574 1418 curn
602 1359 676 1418 tota
698 1369 810 1418 manu
833 1343 1073 1444 supersedere
1099 1345 1279 1444 jubentes.
1338 1344 1509 1427 Nondum
1532 1349 1629 1420 enim

307 1465 441 1540 Soaniae
465 1481 585 1564 partes
602 1465 783 1543 Haraldus
799 1474 986 1570 irruperat
1039 1471 1138 1562 Quas
1152 1493 1237 1542 cum
1251 1469 1391 1557 Canuti,
1414 1469 1542 1544 Suetim
1560 1497 1628 1571 req

307 1588 383 1690 gis,
408 1585 644 1690 ejusdemque
669 1577 824 1692 satrapae
840 1593 987 1690 Byrgeri
1013 1586 1190 1690 presidiis
1214 1591 1447 1690 irrupisset¹‚
1469 1589 1520 1666 ad
1541 1593 1625 1668 novi

305 1711 480 1812 principis
513 1713 720 1810 opinionem
756 1711 887 1814 cupide
917 1728 1126 1812 congestum
1160 1711 1292 1813 vulgus
1322 1713 1557 1802 incredibiles
1591 1719 1624 1790 ei

306 1837 431 1932 copias
454 1835 623 1909 sociabat.
674 1835 814 1930 Quibus
839 1836 963 1928 fretus,
984 1833 1169 1910 Lundensi
1182 1835 1266 1910 urbi
1287 1853 1411 1936 portas
1428 1836 1626 1914 sibielata-

306 1951 402 2032 denti
432 1955 609 2034 excidium
637 1959 790 2036 minatus
814 1975 878 2036 cst
936 1961 1123 2060 igiturex
1156 1959 1386 2060 magnatibus
1417 1959 1626 2064 complures

306 2350 424 2436 jectam
450 2347 603 2414 Humidus
628 2361 735 2416 noster
759 2349 838 2416 iilius
864 2363 930 2416 emt
994 2356 1029 2416 ui
1053 2355 1179 2441 rupisset
1204 2349 1238 2414 in
1263 2350 1312 2418 ed.
1337 2375 1405 2440 pc,
1433 2353 1490 2418 nisi
1517 2352 1626 2433 muris,

304 2458 386 2522 iilius
405 2458 511 2538 Omni,
535 2476 624 2544 quum
644 2459 839 2537 scanienses,
860 2477 931 2544 reg·
994 2471 1082 2524 testu
1103 2458 1257 2539 excidisse,
1276 2479 1338 2545 quo
1356 2460 1423 2524 hec
1437 2459 1625 2528 referuntur.

305 2579 397 2630 nante
421 2564 516 2627 Erico
542 2576 652 2649 quarto
679 2564 797 2648 (Lam),
825 2584 930 2650 regem
996 2564 1625 2642 Canutas‚Sueciaerexindesbsdlfiius·

305 2684 487 2736 meruerunt
501 2667 544 2753 (r.
560 2690 652 2754 supra
673 2693 743 2756 pag.
761 2667 823 2736 667
836 2670 930 2758 sqq.).
995 2669 1238 2755 quesds.1i95‚
1253 2670 1332 2736 fitius
1347 2687 1411 2737 erat
1420 2676 1504 2740 Erici
1515 2677 1626 2752 uncti,

303 2779 349 2841 ita
375 2797 448 2840 arus
478 2778 505 2841 ei
531 2774 631 2841 fumat
655 2781 812 2842 Humidus
830 2783 930 2856 Κιεία,
996 2778 1087 2860 regis,
1104 2776 1320 2858 etChristinae‚
1341 2780 1428 2863 enjus
1445 2793 1571 2867 neptem
1584 2801 1622 2846 es

303 2903 519 2968 proavnttero
528 2885 742 2948 Ericmboncs
751 2905 813 2950 rex.
831 2885 931 2979 Quam
994 2901 1101 2947 maore
1129 2903 1253 2948 uxorem
1285 2883 1419 2950 dnserst.
1469 2888 1625 2952 Hessidm

305 2988 929 3076 conjectaremntiquecommendsntcnm
995 2989 1132 3073 Strong,
1165 2989 1314 3076 siqnidem
1346 2994 1397 3058 hic
1425 2994 1516 3060 Oisri
1541 2993 1625 3058 [ilias

303 3115 417 3160 nomen
436 3095 527 3178 hujus
545 3097 693 3184 principis
710 3110 742 3162 et
757 3097 929 3162 favorScn·
995 3107 1028 3160 st
1056 3095 1181 3160 Haraldi
1206 3098 1305 3160 Resiae
1337 3119 1433 3184 nepos
1464 3097 1624 3166 habendas

304 3199 463 3280 niensium,
483 3215 549 3268 tam
569 3201 710 3268 educatio
731 3203 796 3286 ejus
810 3201 841 3265 in
855 3205 928 3268 Sre-
995 3215 1052 3277 cst,
1067 3204 1213 3288 patruelis
1230 3215 1295 3268 eret
1309 3205 1483 3283 christine,
1502 3208 1625 3283 matris,

304 3307 362 3387 cia,
382 3308 600 3395 tumideaiqae
621 3310 762 3374 auxilium
787 3309 815 3373 ei
834 3332 851 3372 a
873 3311 929 3374 Ca·
995 3321 1026 3374 et
1046 3307 1212 3386 utititas,
1240 3330 1344 3374 socrus
1370 3313 1497 3390 Canuti,
1528 3331 1623 3398 quem

227 3441 231 3454 ·
303 3425 380 3476 nuto
398 3416 598 3498 regcsreciae
614 3417 720 3494 istam,
738 3413 928 3502 quaeexinde
994 3415 1086 3499 igitur
1105 3418 1249 3498 cognatio
1277 3417 1363 3490 sctis
1379 3419 1552 3504 propinqus
1580 3420 1623 3484 ui

194 3563 199 3574 ι
304 3517 667 3607 fsciilimeexplicantur.
705 3522 764 3588 Sed
784 3541 865 3586 mera
882 3534 928 3585 ts·
995 3541 1064 3585 eum
1093 3519 1296 3605 adjuvsndum
1325 3522 1488 3610 instigerit.
1541 3525 1623 3610 Regi

302 3627 623 3712 monestconjectura,
644 3629 928 3714 missltemrepng·
993 3629 1143 3712 pretereo
1163 3627 1270 3694 Danias
1290 3629 1490 3696 Weidemsro
1518 3631 1624 3716 primo

302 3735 526 3800 mtsnctoritas
535 3733 928 3824 Eritieidii‚qni‚qunmii-
994 3746 1026 3798 et
1054 3733 1119 3798 filio
1149 3733 1215 3816 ejus
1250 3755 1303 3800 rex
1331 3738 1448 3802 sisois
1480 3735 1622 3812 infensus

302 3842 398 3906 lums
417 3841 562 3924 sangvine
581 3843 691 3908 Canuti
711 3845 741 3910 V
759 3855 861 3906 ortum
881 3839 927 3904 di·
994 3853 1076 3919 emt,
1112 3841 1196 3927 qnod
1222 3841 1481 3921 Sterhero‚.fliio
1505 3843 1622 3923 Caroli,

301 3959 402 4027 seret,
431 3960 557 4012 auctore
578 3947 706 4012 fortasse
731 3945 791 4010 {ide
813 3946 928 4031 dignis·
992 3947 1106 4033 prioris
1125 3948 1218 4033 regis,
1238 3948 1324 4033 regni
1342 3949 1459 4017 Sueciae
1481 3947 1623 4034 petitori,

298 4053 386 4135 aimo,
403 4053 493 4118 nobis
508 4073 581 4116 vero
595 4053 765 4138 incognito,
785 4075 855 4121 usus
870 4066 926 4118 est.
992 4067 1085 4142 nepte
1111 4053 1304 4123 Weidemsri
1332 4053 1414 4120 edito
1449 4053 1492 4136 (a.
1526 4077 1622 4144 snpra

298 4195 340 4208 -
353 4165 388 4224 ln
402 4158 558 4224 annalibus
572 4160 659 4222 Petri
676 4158 747 4224 Otii
760 4160 926 4232 et'fhomae
992 4183 1062 4247 psg.
1079 4157 1166 4243 786),
1187 4159 1342 4246 refugium
1364 4161 1396 4223 in
1416 4161 1517 4226 Denie
1538 4183 1620 4249 pru·

298 4251 472 4332 Barthoiini
495 4287 531 4331 ex
553 4267 685 4352 antiquis
708 4265 844 4331 historie
861 4287 925 4332 mo-
991 4267 1116 4332 iebant.
1157 4268 1303 4353 Birgerus
1322 4273 1436 4346 Buces,
1466 4267 1542 4346 das,
1564 4273 1623 4354 qni

299 4375 452 4439 numeratis
475 4373 626 4458 excerptis
646 4372 727 4455 (Str.
748 4376 788 4436 R.
804 4377 883 4440 Dan.
901 4376 925 4453 i,
991 4385 1024 4438 et
1053 4374 1118 4459 ipse
1138 4373 1379 4460 consengvineus
1404 4385 1477 4438 erat·
1489 4373 1621 4438 Harsidi

301 4472 379 4558 178,
406 4475 481 4562 341]
504 4478 642 4544 Humido
670 4490 779 4544 nostro
810 4498 927 4564 cogam
991 4481 1123 4568 Siren&
1141 4480 1201 4562 jum
1219 4494 1306 4544 antes
1325 4481 1361 4543 iis
1375 4480 1486 4544 suxilio
1505 4477 1624 4560 iuerat,

298 4601 370 4647 men
384 4585 497 4670 Sireng
516 4583 666 4670 (gracilis)
685 4585 817 4658 additor.
991 4588 1044 4674 qui
1062 4607 1189 4672 regnum
1198 4584 1305 4649 Deniae
1323 4585 1626 4664 turbsrecoaabsn·

347 4693 357 4728 ¹
389 4691 473 4776 Quos
497 4715 610 4776 quum.
630 4691 849 4783 ..irrupissed
878 4695 924 4758 tta
962 4729 966 4741 ι
991 4706 1043 4761 tttt·
1062 4689 1136 4779 (tir.
1154 4714 1247 4779 tuprt
1266 4711 1337 4779 pag·
1358 4687 1443 4776 ΜΒ).

298 4815 370 4864 tunt
389 4795 498 4882 steph.
518 4796 710 4874 scribendum
724 4821 784 4888 pro
805 4824 878 4888 quos
892 4813 925 4868 et
