3508 5460
1313 297 1385 370 823

598 259 927 372 wauuuuaaus
946 303 969 370 1.

125 534 210 602 curn
226 509 261 578 in
278 531 321 578 ee
337 507 467 576 ostium
484 509 663 578 intraturis
687 506 841 603 patebat.
901 509 1024 604 Ipsum
1047 529 1132 577 vero
1157 504 1280 578 sanum
1303 500 1436 599 duplex

115 637 309 726 ‘septorum
333 625 424 699 ordo
453 626 712 718 claudebat,e
736 631 869 727 quibus
886 631 1049 717 exterior,
1068 627 1263 724 parietibus
1286 642 1436 697 contex-

125 769 196 843 tus,
219 753 373 846 puniceo
387 747 541 821 culmine
558 749 765 847 tegebatur;
796 755 940 824 interior
960 774 1066 838 vero,
1084 764 1238 846 quatuor
1263 733 1436 821 subnixus

123 872 300 972 postibus,
326 877 500 970 parietum
517 871 598 946 loce
626 873 823 970 pensilibus
850 873 971 945 aulaeis
987 872 1133 963 nitebat,
1152 897 1220 944 nec
1240 873 1436 968 quicquam

125 1022 207 1068 cum
232 999 404 1066 exteriore
426 1011 557 1090 praeter
582 1012 714 1068 tectum
738 1012 772 1068 et
795 1017 911 1093 pauca
935 995 1118 1092 laquearia
1143 975 1436 1063 communicabat.

123 1122 251 1216 lugens
278 1122 314 1188 iu
338 1115 416 1188 aede
442 1117 669 1189 simulacrum
679 1153 693 1208 ,·
735 1145 879 1191 omnem
911 1117 1059 1190 humani
1083 1116 1241 1211 corporis
1272 1110 1435 1182 habitum

124 1238 319 1339 granditate
334 1237 602 1330 transcendens,
627 1257 783 1338 quatuor
796 1241 975 1340 capitibus
992 1237 1212 1335 totidemque
1236 1230 1436 1306 cervicibus

125 1363 326 1436 mirandum
347 1361 548 1461 perstabat,
576 1365 753 1462 equibus
781 1363 855 1438 duo
886 1379 1011 1461 pectus
1048 1361 1269 1458 totidemque
1295 1373 1437 1450 tergunt

124 1489 298 1584 respicere
312 1485 559 1558 videbantur¹.
620 1491 797 1560 Caeterum
816 1503 885 1558 tam
903 1503 982 1559 ante
999 1511 1108 1584 quam
1122 1499 1218 1554 retro
1236 1477 1436 1553 collocato-

124 1637 204 1681 rum
229 1635 341 1681 unum
357 1608 594 1699 dextrorsum,
620 1609 770 1682 alterum
792 1609 985 1682 laevorsum
1014 1605 1348 1702 contemplationem
1374 1595 1435 1668 di-‘

123 1739 237 1830 rigere
256 1730 453 1806 videbatur.
504 1737 666 1805 Corrasae
681 1733 817 1823 barba,
835 1738 949 1804 crines
965 1734 1093 1804 attonsi
1108 1724 1378 1828 figurabantur,
1399 1733 1437 1788 ut

125 1853 265 1926 artificis
283 1852 489 1926 industriam
509 1856 756 1952 Regianorum
781 1860 887 1926 ritum
911 1857 945 1926 in
971 1855 1066 1927 cultu
1096 1857 1253 1951 capitum
1282 1841 1436 1917 aemula*

124 1993 194 2048 tam
210 1991 367 2074 putares.
421 1981 461 2047 ln
484 1975 604 2048 dextra
625 2002 738 2050 corun
756 1981 853 2050 vario
873 1951 1004 2050 metalli
1019 2001 1148 2076 genere
1164 1970 1344 2046 excultum
1364 1989 1435 2062 ge-

124 2101 258 2189 stabat,
300 2098 594 2197 quodsaeerdos
617 2125 801 2173 sacrorum
828 2103 906 2199 ejus
941 2105 1077 2197 peritus
1117 2095 1297 2168 annuatim
1336 2111 1436 2172 mero

122 2221 337 2320 perfundere
351 2227 593 2312 consueverat,
618 2249 659 2296 ex
675 2228 754 2320 ipso
768 2222 916 2320 liquoris
931 2221 1054 2292 habitu
1074 2218 1253 2316 sequentis
1269 2218 1350 2286 anni
1368 2235 1437 2282 co-

122 2349 199 2443 pias
219 2361 485 2444 prospecturus.
539 2348 646 2417 Laeva
666 2371 788 2416 arcum
806 2345 940 2417 rellexo
962 2347 998 2414 in
1019 2340 1109 2414 latus
1127 2339 1277 2412 brachio
1296 2337 1435 2434 figura-

122 2470 191 2540 bat.
245 2473 276 2540 T
280 2474 379 2540 unica
395 2467 442 2540 ad
460 2469 561 2540 tibias
580 2469 784 2566 prominens
801 2467 1015 2567 fingebatur,
1034 2489 1115 2563 quae
1132 2491 1174 2536 ex
1193 2461 1334 2534 diversa
1351 2457 1436 2554 ligni

123 2595 266 2664 materia
284 2610 423 2680 creatae,
451 2607 522 2662 tam
540 2615 673 2664 arcano
690 2615 782 2663 nexu
805 2590 957 2689 genibus
981 2587 1241 2686 jungebantur,
1267 2601 1307 2656 ut
1328 2606 1435 2652 euni-

121 2716 261 2814 paginis
276 2712 377 2787 locus
396 2740 467 2787 non
486 2717 552 2787 nisi
568 2715 753 2788 curiosiori
768 2711 1064 2809 contemplatione
1079 2705 1299 2806 deprehendi
1319 2719 1432 2802 potu*

121 2837 196 2908 erit.
249 2835 362 2912 Pedes
377 2835 491 2910 humo
509 2840 664 2936 contigui
682 2834 938 2926 cernebantur,
964 2859 1088 2906 eorum
1115 2833 1192 2905 basi
1209 2833 1298 2902 intra
1319 2823 1436 2899 solutu

119 2957 261 3032 latente.
314 2961 420 3032 Haud
438 2957 565 3060 procul
581 2959 721 3032 frenum
739 2984 781 3032 ac
797 2957 886 3032 sella
900 2955 1076 3031 simulacri
1096 2954 1358 3053 compluraque
1376 2945 1436 3018 di-

118 3265 179 3326 eol.
201 3257 296 3340 680),
325 3263 377 3324 ubi
408 3260 444 3324 de
467 3274 596 3346 quatuor
619 3262 749 3324 contiuis

115 3369 349 3433 Stettinensium
361 3369 414 3448 (ita
433 3371 545 3452 templa
567 3387 671 3429 eorum
695 3391 748 3429 uo·

114 3478 200 3538 miae
221 3475 340 3542 Slarico
364 3478 483 3557 t‘ocat),
510 3475 634 3556 jubente
656 3476 747 3540 Otto-

112 3603 167 3661 ne,
187 3581 350 3646 destruetis
371 3600 473 3664 ageas,
494 3602 552 3642 aaa
572 3605 608 3642 ee
625 3583 683 3652 bis,
703 3583 748 3642 in-

112 3690 197 3774 quit,
224 3713 287 3774 quce
302 3690 479 3776 principalis
504 3705 589 3758 erat,
622 3689 750 3750 mirabili

109 3801 199 3858 culta
220 3813 249 3858 et
270 3797 397 3877 artificio
423 3811 591 3856 constructa
602 3795 685 3876 suit,
707 3795 750 3852 ia-

108 3907 210 3965 tirius
230 3920 258 3964 et
278 3907 406 3978 exterius
433 3903 601 3984 scrrlpturas
629 3901 750 3970 babeas,

107 4013 148 4070 de
176 4011 345 4095 parietibus
373 4009 588 4093 prominentes,
609 4011 751 4088 integriter

105 4117 263 4176 dommum
292 4132 322 4174 et
350 4115 497 4175 volucrum
531 4130 560 4172 et
594 4114 749 4174 bestiarum

104 4239 176 4282 tam
192 4224 317 4305 proprie
328 4225 390 4282 suis
403 4219 619 4280 habitudinibus
632 4241 748 4302 expres·

100 4351 177 4398 sas,
188 4343 224 4414 ,¹⁴¹
233 4330 349 4410 spirare
353 4343 480 4411 putares
496 4341 524 4386 et
535 4329 640 4399 urbere,
657 4326 747 4406 quod-

101 4457 165 4516 que
198 4455 299 4494 rarum
328 4434 472 4503 draerim,
505 4432 615 4510 colores
643 4433 748 4511 sinagi-

100 4563 183 4600 aum
216 4541 444 4600 extrinsecarum
467 4537 549 4598 nulla
578 4551 747 4621 tempestate

97 4650 226 4708 nivium
250 4647 298 4706 vel
315 4647 447 4706 imbrium
459 4645 583 4728 fuscari
607 4645 654 4703 vel
672 4643 748 4702 dr'lui

91 4766 276 4841 poterant,
304 4753 337 4812 id
363 4767 468 4834 agean
488 4752 636 4812 industria
651 4754 747 4836 pieto-

96 4883 187 4924 rum.
242 4855 332 4949 Haud
361 4858 448 4920 aliter
471 4857 586 4920 externi
616 4857 745 4940 parietes

804 3263 912 3345 templi
939 3261 995 3322 ded
1025 3257 1177 3342 Radegast
1205 3256 1314 3330 dicati,
1353 3249 1435 3334 quod

804 3381 869 3432 erat
885 3369 1022 3450 Rbetra,
1043 3365 1207 3448 sculpturis
1224 3361 1324 3425 ornati
1347 3359 1436 3420 fuisse

804 3471 964 3550 videntur,
1007 3485 1085 3536 teste
1115 3472 1277 3534 Ditbmarc
1306 3465 1435 3532 lllerseb.

803 3578 931 3654 (Chron.
952 3578 1036 3640 Libr.
1057 3581 1100 3644 Vl
1120 3600 1190 3662 pag.
1213 3573 1271 3638 l5l
1295 3575 1333 3637 ed
1359 3576 1437 3638 Wa-

804 3683 916 3766 garri).

852 3899 861 3932 ¹
884 3898 1022 3980 Quattuor
1047 3893 1191 3980 capitibus·
1295 3898 1435 3978 respicere

804 3999 991 4080 videbantur]
1024 4004 1100 4062 lltec
1125 3997 1303 4062 delbertitas
1330 3999 1436 4082 pleris-

805 4126 863 4190 que
879 4105 969 4168 idolis
981 4108 1160 4173 Vendorum
1180 4106 1350 4170 communis
1362 4117 1435 4167 erat.

802 4217 916 4274 Multos
942 4231 971 4275 et
1001 4217 1111 4276 duobus
1139 4217 1187 4275 ael
1199 4213 1307 4272 ·tribus
1331 4215 1378 4272 vel
1404 4237 1437 4272 eo

804 4321 932 4404 amplius
968 4323 1112 4408 capitibus
1140 4321 1331 4404 exsculpunt,
1362 4317 1436 4381 dicit

804 4429 986 4490 Helmoldus
1012 4429 1033 4486 l.
1055 4445 1080 4486 c.
1102 4419 1203 4504 1‚83,
1225 4423 1436 4509 adstipulanti-

802 4533 859 4596 bus
878 4532 1061 4618 imagiaibus
1080 4531 1192 4593 horum
1208 4530 1334 4594 deorum
1348 4531 1436 4594 lieto-

803 4663 881 4718 rum,
901 4661 971 4724 quoe
992 4639 1165 4702 recentiore
1188 4649 1327 4722 tempore
1344 4661 1360 4703 e
1375 4651 1435 4708 ter-

804 4735 847 4810 ra
860 4747 971 4832 passim
993 4745 1117 4810 effossa
1137 4745 1434 4824 sunt(cb·.Grim11t

806 4855 957 4922 Deutscbe
977 4853 1104 4939 mythol.
1130 4880 1161 4940 p.
1183 4851 1266 4936 223).
