3538 5460
313 374 319 384 ¹
372 277 447 356 aaa
517 255 521 271 “
724 281 900 356 aaron
914 283 1021 357 oss.
1036 285 1173 358 anau
1188 285 1263 357 xv.

318 489 478 566 Absalon
501 489 732 592 regi'obrius
747 489 881 584 iactus,
918 489 1170 592 compluribus
1192 493 1404 568 innocentius
1426 495 1630 596 testimoniis

317 613 462 716 objecta
478 612 690 714 purgando,
716 629 863 695 cunctas
888 595 1158 688 mendaciorum
1175 631 1316 714 partes,
1341 613 1476 716 quibus
1503 612 1628 688 absens

316 753 459 814 notatus
472 737 606 830 fuerat,
637 737 729 812 adeo
747 736 874 812 validis
889 737 1119 838 copiosisque
1134 737 1330 814 rationibus
1350 735 1569 826 subruebat,
1591 753 1629 810 ut

316 863 560 936 criminatores
576 877 716 934 reatum
733 861 893 934 confiteri
912 875 1055 934 coactos
1072 857 1276 934 adveniam
1296 887 1318 934 a
1339 885 1379 936 se
1400 839 1627 962 flagitandam

314 981 531 1075 adduceret,
563 982 683 1083 deque
708 981 978 1058 accusatoribus
1001 987 1056 1057 sui
1082 1000 1309 1059 veneratores
1335 983 1501 1058 efficeret.
1558 985 1628 1056 Nec

314 1131 428 1207 parva
444 1106 545 1206 apud
561 1129 686 1180 omnes
701 1105 915 1204 eloquentia
933 1106 1014 1203 ejus
1029 1105 1219 1180 admiratio
1237 1109 1356 1198 extitit,
1372 1104 1627 1207 mmpluribus,

314 1231 378 1328 qui
392 1227 563 1321 aderaut,
588 1227 710 1304 divino
724 1253 788 1301 orc
803 1254 885 1302 eum
903 1231 1018 1328 egisse
1042 1227 1256 1326 diceqtibus.
1310 1228 1380 1303 Sed
1405 1227 1486 1304 baec
1509 1231 1626 1302 omnia

312 1355 556 1428 scaniensium
577 1349 686 1452 legati
716 1350 764 1426 ad
795 1352 929 1426 civium
966 1351 1155 1426 arbitrium
1192 1351 1390 1454 relegantes
1424 1349 1626 1440 discedunt,

311 1473 455 1575 absque
466 1475 590 1575 patriae
606 1499 785 1550 consensu
803 1474 944 1548 nullum
967 1474 1037 1546 sibi
1059 1476 1301 1575 componendi
1320 1478 1381 1576 jus
1408 1499 1485 1550 esse
1508 1473 1628 1548 testati.

311 1596 383 1672 Sed
397 1623 518 1698 neque
533 1624 660 1674 eorum
676 1597 750 1671 fida
772 1595 1022 1672 adhortatione
1037 1597 1197 1697 populos
1215 1599 1411 1674 Smuiensis
1432 1596 1479 1671 ad
1502 1596 1625 1696 depo-

309 1718 466 1794 nendam
481 1721 773 1796 consternationis
787 1745 864 1794 sure
879 1719 1019 1794 rabiem
1034 1719 1164 1794 adduci
1177 1725 1303 1821 potuit.
1360 1725 1451 1795 Nam
1471 1747 1540 1796 nec
1553 1719 1625 1792 ‹le-

310 1844 422 1916 cimas
436 1841 704 1941 pontificalibus
721 1841 847 1918 usibus
869 1843 960 1918 solvi
982 1860 1166 1936 curatum,
1191 1871 1259 1919 uec
1284 1851 1497 1945 quicquam,
1523 1841 1626 1942 qnod

309 1964 358 2041 ad
374 1964 578 2066 praestanda
593 1988 777 2058 sacrorum
798 1965 881 2063 jura
902 1966 1092 2060 attinebat,
1118 1966 1328 2042 exhibitum.
1380 1971 1543 2061 Quorum
1561 1977 1627 2038 tn·-

306 2087 456 2165 fandam
476 2086 761 2189 sacrilegamque
778 2091 1007 2190 pertinaciam
1020 2089 1199 2183 Absalou,
1227 2092 1392 2190 proximo
1411 2087 1626 2164 sacerdotali

307 2213 459 2314 cancilio
490 2238 559 2314 per
583 2211 771 2311 epistolam
803 2214 961 2304 visitato,
996 2229 1207 2290 cunctarum
1229 2216 1361 2288 Scaniae
1389 2211 1625 2288 ecclesiarum

307 2337 537 2440 obseratione
558 2337 679 2435 puniri
693 2336 874 2435 praecepit.
926 2337 1040 2434 Cujus
1066 2333 1170 2440 edicti
1192 2339 1402 2437 praemonita
1429 2336 1536 2436 plebs
1556 2363 1626 2435 per

305 2459 402 2534 idem
418 2476 560 2559 tempus
574 2476 655 2534 ante
671 2458 787 2535 aedem
800 2461 982 2532 Laurentii
995 2461 1031 2530 in
1050 2463 1258 2534 concionem
1277 2478 1413 2534 armata
1429 2459 1624 2536 descendit.

304 2581 361 2657 Ad
377 2607 489 2682 quam
514 2582 719 2659 sacerdotes
747 2581 840 2656 binis
863 2579 996 2654 ordinis
1011 2583 1067 2656 sui
1080 2583 1182 2674 viris,
1206 2581 1270 2678 qui
1285 2581 1499 2678 pontificalis
1514 2582 1622 2658 edicti

303 2705 459 2804 rigorem
486 2723 726 2806 exponerent,
767 2706 903 2796 missis,
944 2729 1130 2780 sacrorum
1163 2706 1398 2780 cessationem
1434 2704 1623 2806 divinique

304 2835 576 2904 taciturnitatem
602 2825 727 2919 officii,
753 2829 782 2904 si
808 2827 1030 2902 decimarum
1059 2828 1275 2904 solutionem
1302 2829 1461 2902 abnuere
1485 2853 1620 2927 perse-

303 2968 473 3044 verasset,
490 2953 611 3026 minati
629 2967 722 3026 suot,
772 2951 991 3051 Delegantur
1007 2951 1154 3026 totidem
1170 2979 1191 3027 e
1207 2952 1323 3054 plebe
1336 2969 1479 3026 mutuas
1492 2976 1620 3028 sacer-

302 3071 401 3148 dotio
416 3080 531 3152 minas
546 3077 758 3150 intentatun'.
807 3076 866 3150 Ab
889 3074 947 3150 his
974 3101 1191 3174 responsum
1214 3093 1286 3169 est,
1311 3074 1516 3152 sacerdotes
1544 3073 1620 3148 ali-

176 3228 180 3236 ·
301 3212 423 3271 menta
452 3222 519 3272 sua
552 3196 671 3297 plebi,
711 3224 785 3272 non
816 3199 977 3299 pontifici
1007 3196 1161 3290 debere,
1208 3225 1367 3298 quorum
1396 3223 1548 3272 munere
1581 3216 1621 3272 et

299 3318 477 3395 beneficio
497 3323 705 3395 necessariis
729 3328 810 3396 vitm
843 3321 971 3396 usibus
993 3323 1156 3396 instructi
1177 3337 1380 3396 noscantur.
1438 3321 1621 3414 Quocirca

299 3459 362 3519 aut
386 3443 515 3519 divinis
542 3443 769 3535 inserviant,⁸
795 3460 857 3519 aut
894 3445 1023 3546 ingrati
1054 3444 1352 3544 patria‘cedant,
1390 3449 1420 3520 si
1450 3461 1620 3519 neutrum

298 3568 464 3670 egissent,
489 3591 563 3640 non
579 3564 698 3641 solum
714 3563 896 3641 honorum
913 3573 1075 3650 omnium
1091 3570 1287 3667 poenam¹,
1310 3565 1495 3642 sedetiam
1518 3591 1621 3642 saeva

296 3757 411 3802 nomen
435 3735 546 3802 deinde
572 3733 661 3800 facile
685 3735 807 3823 integro
827 3735 923 3802 littori
988 3758 1068 3805 mam
1085 3735 1246 3802 confirmat
1262 3735 1395 3802 Adamas
1412 3741 1533 3820 Brem,
1560 3737 1620 3822 qni

295 3845 418 3910 deserto
446 3863 541 3930 nsque
568 3843 607 3908 ad
632 3841 747 3907 fretum
773 3843 922 3909 orientale
986 3846 1020 3908 in
1042 3845 1139 3909 desen
1159 3847 1238 3908 Dan.
1257 3863 1324 3930 cap.
1344 3840 1385 3908 75
1405 3847 1538 3931 primum
1558 3846 1620 3910 ba-

294 3953 457 4039 proprium
475 3949 602 4016 eradere
621 3952 735 4037 potnit,
756 3949 828 4015 dum
846 3951 920 4016 silva
986 3949 1035 4033 jus
1059 3949 1135 4014 arcis
1156 3950 1344 4015 mentionem
1367 3949 1500 4032 faciens,
1527 3951 1619 4016 illam

292 4079 390 4146 paens
407 4058 565 4138 contiuua,
582 4079 652 4142 qma
665 4057 845 4122 interiorem
858 4069 920 4122 ten
984 4058 1208 4142 Habmgeborg
1245 4057 1348 4144 vocat)
1374 4058 1531 4124 conditum
1561 4057 1618 4122 sit.

292 4187 360 4230 ram
381 4165 439 4230 bsc
458 4186 514 4228 ors
526 4163 742 4230 circumdatam
761 4163 918 4228 etiamtum
984 4161 1067 4227 Alias
1089 4163 1282 4248 conjecturas
1311 4163 1350 4230 de
1374 4165 1493 4252 origine
1515 4163 1620 4228 nomi·

291 4269 470 4356 operiebat,
498 4289 535 4334 ex
561 4269 669 4336 eodem
690 4267 758 4336 rico
786 4267 918 4336 forsitan
983 4269 1031 4333 uis
1051 4290 1081 4334 r.
1100 4270 1211 4352 Solam,
1240 4271 1316 4337 Crit.
1343 4271 1423 4337 nise
1447 4270 1483 4338 ai
1498 4275 1616 4337 Deam.

289 4376 763 4464 Halirsngiaoreappeiiabatur.
797 4380 842 4442 lta
859 4377 917 4442 rai-
982 4373 1088 4458 t,171
1106 4397 1152 4462 sq.
1173 4381 1216 4460 11,
1237 4376 1300 4444 201
1321 4401 1367 4467 sq.
1388 4375 1452 4443 811
1474 4399 1532 4467 ιφ,
1552 4381 1618 4444 La-

290 4494 356 4548 ten
367 4482 434 4549 iieri
444 4495 557 4571 potest,
578 4495 614 4548 at
632 4483 685 4549 ille
704 4483 788 4549 mom
802 4504 913 4549 nomen
981 4481 1096 4567 gerba,
1113 4484 1192 4549 Stes
1212 4487 1252 4550 R.
1269 4485 1352 4552 nist.
1370 4489 1395 4566 1,
1411 4480 1477 4550 ³04
1495 4507 1544 4572 sq.

286 4609 377 4656 snam
400 4589 514 4666 littori,
543 4590 604 4656 boc
631 4610 704 4655 vero
723 4612 812 4656 suam
831 4588 915 4656 ireto

287 4708 362 4764 uta
390 4694 525 4774 dederit,
551 4717 643 4782 quam
663 4700 915 4784 Halissngiaborg
1026 4701 1036 4734 ¹
1062 4702 1217 4763 Honorum
1235 4701 1362 4786 ριινιὰυιι
1382 4693 1525 4788 poenam]
1551 4700 1617 4764 be-

287 4799 625 4890 (bammtiqaissimam
636 4803 840 4874 canuaninis
849 4801 913 4870 for·
979 4801 1112 4889 gendum
1132 4801 1255 4872 ridetur
1273 4807 1420 4872 bomrron
