3524 5460
367 286 443 368 694
691 287 1141 367 montianum
1155 290 1246 364 XIV.

315 501 501 594 subvertit,
525 507 561 574 in
580 523 640 604 eas
661 523 701 574 se
718 496 939 574 conditiones
962 497 1133 576 fallaciter
1156 496 1352 574 adductum
1373 497 1566 593 affirmans,
1586 503 1628 572 in

316 653 410 730 quas
427 628 647 698 Danicorum
669 619 791 696 adhuc
804 646 932 722 regum
955 645 1063 694 nemo
1079 623 1300 694 concesserit.
1358 626 1534 696 Praeterea
1550 624 1627 696 Ca-

316 767 415 844 nuto,
429 751 524 848 justa
541 745 695 844 petenti,
717 742 926 841 provinciali
945 742 1115 816 duntaxat
1129 740 1427 820 administratione
1449 765 1629 832 concessa,

316 873 435 974 regios
462 881 606 970 penates
624 890 645 938 a
663 881 789 938 caetera
809 891 847 940 sc
861 865 1062 940 conditione
1080 867 1272 940 secrevisse
1289 865 1442 941 dicebat.
1502 871 1625 940 Frau-

317 994 421 1070 datus
443 1005 550 1091 pacto
578 991 739 1061 Canutus
773 985 903 1062 vadem
921 986 1096 1062 sollicitat.
1150 990 1220 1083 Qui
1235 1015 1349 1088 quum
1371 1013 1492 1088 regem
1514 986 1627 1062 dese-

317 1143 395 1194 rere
420 1113 479 1189 vel
501 1117 729 1212 sponsionem
755 1134 987 1208 corrumpere
1007 1135 1111 1209 aeque
1134 1108 1273 1184 foedum
1296 1127 1456 1209 putaret,
1482 1109 1627 1186 utrobi-

318 1263 391 1340 que
408 1237 514 1310 samae
529 1231 728 1334 periculum
748 1232 1022 1332 contemplatus,
1049 1247 1184 1304 mutare
1200 1249 1343 1330 pactum
1358 1259 1468 1332 quarn
1486 1247 1629 1306 everte-

317 1391 358 1440 re
372 1359 508 1452 maluit,
532 1373 700 1446 statuens,
715 1370 767 1446 ut,
790 1381 904 1452 quum
920 1380 983 1426 rex
998 1352 1211 1426 Sialandiam
1230 1363 1444 1430 commeatui
1468 1378 1536 1429 suo
1557 1377 1629 1430 ne-

318 1487 505 1562 cessariam
526 1480 694 1568 duceret,
725 1474 824 1550 aliud
846 1499 913 1574 pro
938 1500 980 1548 ea
1010 1482 1149 1550 Canuto
1178 1478 1396 1576 stipendium
1425 1481 1630 1576 assignaret,

318 1635 384 1684 nec
400 1606 676 1700 sructuparcius
701 1625 768 1672 nec
790 1599 905 1697 spatio
938 1606 1150 1674 contractius
1188 1625 1253 1674 nec
1283 1598 1630 1674 honore‘deiectius.

318 1737 493 1806 Asseusus
510 1723 698 1798 conditioni
719 1712 779 1796 'rex
811 1725 1019 1820 tripertitam
1048 1726 1186 1796 Canuto
1203 1721 1474 1822 praesecturam¹
1492 1725 1630 1796 consti-

319 1857 395 1942 tuit,
419 1855 524 1946 eique
547 1852 584 1922 in
615 1850 729 1937 Jutia,
761 1843 936 1918 Sialandia
972 1871 1014 1917 ac
1041 1848 1161 1920 Scania
1204 1845 1383 1946 peculiare
1416 1841 1631 1918 beneficium

320 1955 437 2066 tradit,
462 1972 661 2044 intercisam
677 1969 758 2043 loco
774 1966 1052 2042 dominationem
1074 1974 1191 2042 minus
1212 1968 1336 2044 solidae
1358 1965 1539 2068 potestatis
1561 1971 1630 2062 g'e·

321 2116 457 2176 sturam
473 2095 681 2168 existimans.
733 2093 851 2190 Hujus
865 2097 915 2164 rei
933 2096 1092 2164 Canutus
1105 2080 1374 2168 Waldemarum
1390 2075 1511 2166 denuo
1529 2113 1630 2188 prae-

320 2221 404 2298 dem
421 2219 585 2315 exposcit
639 2217 766 2310 Quem,
791 2211 1015 2307 volutantes,
1031 2233 1289 2314 repugnantem
1305 2220 1434 2308 Sveno,
1456 2208 1630 2288 condendi

210 2341 213 2348 ’
319 2341 468 2419 loedoria
489 2337 626 2430 avidus,
644 2336 875 2435 sponsionem
902 2327 1031 2408 iterare
1055 2344 1183 2438 coegit,
1207 2365 1353 2440 negans,
1376 2347 1404 2412 si
1421 2353 1528 2436 pacto
1555 2334 1629 2408 ob-

319 2469 415 2543 viam
432 2468 525 2555 isset
548 2463 627 2561 ejus
644 2459 816 2532 Canutive
832 2455 1067 2546 defectionem
1085 2489 1181 2562 aegre
1197 2463 1362 2537 laturum.
1426 2463 1506 2533 Hoc
1521 2456 1631 2532 fretus
1744 2529 1745 2536 ,

295 2599 298 2612 “
319 2596 472 2692 pignore
492 2589 653 2659 Canutus
670 2577 800 2678 cupide
815 2579 1079 2672 conditionibus
1096 2584 1234 2660 fruitur.

450 2709 560 2810 Igitur
576 2707 704 2796 Sveno,
721 2700 870 2801 perinde
885 2729 928 2776 ac
947 2703 1125 2780 bellorum
1147 2726 1245 2783 metu
1267 2708 1425 2797 solutus,
1441 2705 1477 2776 in
1499 2727 1632 2802 super-

318 2833 419 2913 biam
432 2833 570 2934 lapsus,
596 2829 729 2928 patrios
746 2849 886 2917 mores,
907 2823 1012 2924 quod
1032 2851 1161 2925 parurn
1186 2833 1253 2906 sibi
1271 2832 1475 2908 viderentur
1492 2823 1632 2914 exculti,

319 2974 494 3062 tanquam
510 2967 666 3054 agrestes
682 2965 718 3023 et
731 2945 928 3022 inconditos
943 2951 1089 3048 petitae
1112 2952 1270 3029 finitimis
1290 2953 1490 3028 urbanitate
1507 2965 1632 3025 muta·-

320 3083 381 3171 vit,
396 3086 593 3179 spretoque
613 3071 750 3148 Danico
774 3076 856 3162 ritu,
876 3073 1127 3150 Germanicum
1154 3077 1341 3152 aemulatus
1363 3091 1426 3150 est.
1481 3076 1574 3146 Nam
1598 3083 1634 3144 et

321 3199 456 3278 cultum
475 3198 686 3270 Saxonicum
707 3199 877 3295 sumpsit,
902 3211 948 3289 ct,
972 3221 1017 3270 ne
1034 3223 1079 3270 eo
1104 3199 1314 3274 invidiosius
1339 3213 1508 3290 uteretur,
1535 3191 1632 3268 mili-

321 3339 399 3400 tum
414 3317 532 3396 studia
555 3316 602 3394 ad
629 3317 777 3394 similem
793 3320 898 3394 vestis
918 3343 1025 3392 usum
1045 3320 1211 3416 adduxit,
1245 3325 1365 3396 rustici
1391 3322 1501 3395 moris
1527 3316 1633 3392 taedio

322 3444 527 3544 comptionis
542 3440 702 3516 famulitii
725 3467 836 3544 grege
859 3439 1032 3542 palatium
1049 3447 1232 3518 instruens.
1286 3446 1380 3538 Quin
1403 3443 1508 3514 etiam
1535 3465 1634 3540 epu·

241 3629 243 3634 ,
321 3564 418 3642 landi
438 3563 627 3642 rusticitate
641 3561 810 3664 depulsa,
843 3581 1004 3640 externas
1018 3569 1148 3654 mensis
1171 3567 1354 3642 comitates
1388 3560 1537 3638 adscivit
1563 3585 1634 3634 co-

321 3690 649 3786 messationumque
664 3693 755 3762 ritus
780 3686 928 3763 cultiore
941 3691 1133 3766 ministerio
1156 3686 1335 3790 gerendos
1351 3689 1507 3760 instituit.
1561 3687 1636 3756 Nec

236 3787 258 3918 κ’
321 3811 441 3890 solum
456 3807 594 3886 cultum
608 3815 765 3902 novarit,
779 3809 956 3886 sedetiam
970 3808 1099 3886 edendi
1107 3810 1327 3910 bibendique
1335 3808 1501 3884 lacedas²
1515 3804 1636 3880 tradi-

321 3935 381 4014 dit.
431 3932 531 4008 ldem
548 3930 654 4010 studii
673 3939 709 4006 in
728 3932 896 4011 novanda
910 3933 1071 4010 clientela
1095 3932 1407 4032 adsciscendisque
1427 3929 1638 4006 satellitibus

368 4230 378 4266 ¹
392 4229 580 4314 Trapertt'tam
596 4225 713 4290 Cranto
724 4226 946 4314 profecturam]
1007 4225 1258 4290 ‹tJoetandtokd
1273 4225 1366 4288 haud
1379 4231 1391 4289 ι’
1404 4227 1542 4292 St'olaadi
1549 4226 1583 4288 ol
1607 4224 1637 4288 θ

321 4333 430 4398 Partes
462 4331 598 4416 singulas
631 4345 789 4398 enumerat
819 4332 947 4398 lutosis
1006 4332 1101 4396 lterud
1112 4336 1132 4396 α’
1144 4332 1260 4410 Sidae).
1642 4363 1646 4370 ·

321 4434 555 4520 linytlingorunt
585 4459 617 4523 p.
639 4434 712 4518 357,
740 4440 948 4504 nomarclrinm
1054 4443 1066 4476 ²
1086 4439 1204 4502 Edendi
1222 4441 1388 4524 bibendique
1396 4510 1397 4514 ,
1398 4435 1546 4524 facetias]
1571 4438 1639 4506 Vix

321 4539 411 4608 nabo
435 4539 467 4604 ia
497 4542 651 4608 Jutlandin
677 4539 727 4628 (ex
744 4545 863 4610 Suhmii
884 4566 952 4608 sen·
1009 4541 1120 4608 Noster
1135 4564 1214 4606 nora
1227 4543 1370 4628 intelligit
1385 4543 1501 4612 fercula
1522 4557 1572 4610 aut
1585 4545 1642 4608 ri-

322 4647 418 4714 mutia
435 4647 522 4712 ttulit
537 4649 949 4737 etSltnnderborgcomple·
1007 4671 1047 4714 ns
1065 4649 1230 4736 majoribus
1252 4651 1424 4736 incognita,
1452 4651 1504 4718 sed
1529 4649 1642 4737 potins

321 4752 482 4836 alentem),
494 4773 544 4818 sex
561 4756 735 4840 toparchias
746 4758 778 4822 in
795 4757 947 4822 sialandia
1007 4770 1105 4822 certas
1120 4757 1153 4820 in
1167 4757 1237 4820 cibo
1251 4755 1396 4822 sumendo
1418 4759 1567 4830 comitem
1578 4777 1642 4824 re·

320 4859 511 4948 totidemque
528 4860 561 4924 in
583 4861 700 4926 Sennis.
758 4857 843 4952 (Apa
866 4867 947 4948 mla
1007 4864 1102 4948 gulas,
1125 4861 1280 4930 nommin
1294 4863 1489 4951 propinando
1505 4883 1643 4933 morem.
