3508 5460
347 305 422 378 772
660 289 835 366 fltsrolt
850 286 955 358 DAN.
967 283 1107 356 Lfflstt
1123 281 1215 354 xlv.

295 509 522 617 ejulabnndis
538 505 685 581 vocibus
708 500 920 600 deprecans,
939 497 1121 592 municipii
1139 490 1207 566 sibi
1230 491 1430 590 ingressum
1443 479 1612 582 permitti,

295 637 604 738 suppliciumque,
628 622 752 726 quoad
774 619 857 694 inde
882 632 1139 710 reverteretur,
1164 609 1309 685 differri.
1359 607 1446 697 Rex,
1466 601 1612 675 alienis-
1737 623 1738 638 ¹

296 765 420 838 simam
436 757 503 830 sibi
519 748 764 828 crudelitatem
778 742 987 820 simulanter
1002 737 1200 838 amplexus,
1214 731 1359 806 tandem
1372 731 1512 826 rogatui
1528 747 1612 798 ees·
1737 727 1738 820 J

297 893 352 975 sit,
365 877 554 981 profatus,
572 874 609 946 ni
633 870 724 944 urbe
744 869 936 967 potiretur,
962 859 1129 938 obsidem
1150 857 1362 956 periturum.
1423 851 1615 922 conventis
1737 899 1738 916 .

298 999 507 1104 oppidanis,
539 991 736 1083 Gerardns,
761 989 852 1090 quid
875 985 1031 1062 mandati
1060 981 1169 1055 literis
1184 979 1399 1075 receperint,
1431 971 1620 1070 perquirit.

297 1132 344 1202 Ut
372 1123 559 1224 cognovit,
594 1115 827 1191 adolescentis
854 1117 956 1210 capiti
994 1105 1174 1179 deditione
1200 1094 1463 1174 consulendum
1485 1090 1619 1192 juberi,
1737 1129 1738 1134 =

297 1244 499 1347 parendum
521 1242 694 1332 hortatus,
717 1236 847 1328 effecit,
873 1249 913 1310 ut
928 1230 1111 1330 oppidani,
1130 1251 1195 1302 sua
1211 1247 1255 1296 ac
1273 1245 1396 1295 rerum
1420 1215 1619 1290 incolumi-

298 1389 370 1444 tate
389 1381 512 1468 pacta,
537 1389 692 1438 vacuum
706 1364 782 1460 regi
798 1357 1032 1453 municipium
1051 1347 1242 1425 traderent.
1292 1349 1344 1418 lta
1365 1339 1619 1442 religiosissimi
1737 1327 1738 1366 r

298 1496 444 1592 spiritus
460 1493 697 1562 circumventa
719 1481 926 1581 simplicitas
943 1479 1053 1554 finem
1066 1473 1193 1574 praelio
1211 1470 1305 1544 fecit.
1355 1469 1442 1539 llaec
1461 1460 1619 1536 audien·
1737 1471 1738 1476 ’

299 1637 373 1692 tem
396 1609 574 1687 Eskillum
595 1607 682 1681 nibil
710 1608 840 1708 aegrins
862 1625 1023 1703 unquam
1045 1597 1188 1686 tulisse,
1220 1588 1406 1691 proditum
1428 1603 1489 1662 est.
1553 1585 1621 1676 Qni

300 1758 421 1815 tamen
434 1730 677 1834 postmodnm,
684 1735 869 1830 praemissa
882 1726 984 1825 pacis
998 1722 1185 1821 legatione,
1208 1717 1245 1788 in
1261 1713 1423 1787 Scaniam
1439 1733 1623 1796 reversus,

302 1859 434 1936 codem
455 1857 653 1956 praecipitio
680 1859 807 1927 mentis
833 1849 881 1924 ad
904 1842 1188 1946 recuperandam
1204 1840 1300 1938 regis
1321 1836 1511 1908 amicitiam
1526 1857 1622 1932 pro-

304 1986 425 2074 currit,
451 2003 527 2080 quo
551 1975 599 2052 ad
617 1972 848 2051 deserendam
866 1970 1062 2072 prolapsus
1082 1969 1208 2042 luerat.
1268 1957 1452 2060 Siquidem
1474 1953 1622 2029 benefi-

304 2110 377 2200 cia,
401 2127 484 2204 quae
503 2101 704 2198 superiores
721 2120 825 2196 reges
848 2096 956 2170 sacris
979 2091 1119 2166 aedibus
1133 2087 1300 2187 religiosa
1321 2080 1534 2156 liberalitate
1552 2077 1623 2152 de-

304 2228 468 2320 tulerant,
484 2228 592 2326 regiae
610 2219 774 2321 potestati
781 2233 911 2316 praeter
927 2216 982 2290 sas
999 2211 1169 2314 potienda
1185 2210 1340 2283 restituit
1371 2201 1480 2296 Quod
1493 2226 1623 2300 parurn

303 2355 399 2428 licite
413 2364 554 2452 gestum
569 2360 711 2444 postera
729 2364 854 2439 regum
872 2341 1057 2437 usurpavit
1072 2336 1253 2412 autoritas.
1304 2326 1400 2422 lade,
1432 2351 1479 2400 ne
1504 2325 1623 2400 schis-

306 2480 410 2550 matis
432 2473 596 2570 contagio
614 2464 866 2566 implicaretur,
900 2460 1228 2558 Hierosolymitanae
1248 2449 1543 2554 peregrinationis
1561 2451 1624 2520 iter

306 2595 519 2698 ingredimr,
544 2595 652 2666 satius
671 2604 767 2660 ratus
798 2587 916 2660 asnis
940 2583 1132 2685 penatibus
1166 2603 1314 2682 quama
1340 2550 1512 2648 Romanae
1530 2570 1623 2642 arni-

307 2725 396 2796 citiae
410 2715 596 2792 liminibus
616 2709 770 2786 exulare.

439 2837 579 2914 Eodem
602 2853 764 2933 tempore
780 2831 1017 2906 Christiernus
1033 2830 1217 2930 quidam¹,
1244 2830 1364 2906 adhuc
1378 2833 1528 2928 privatae
1543 2849 1624 2900 sor-

308 2971 364 3058 tis,
389 2979 582 3060 antequam
599 2961 790 3057 Magantiae
806 2955 964 3056 pontilex
985 2971 1125 3028 creatus
1140 2971 1250 3045 esset,
1274 2955 1426 3028 Daniam
1442 2950 1623 3050 legationis

311 3085 412 3162 titulo
427 3085 569 3184 petivit,
594 3087 657 3180 qni
677 3105 756 3152 eam
774 3075 1079 3153 exhortationibus
1103 3084 1177 3152 suis
1194 3077 1243 3150 ad
1261 3079 1462 3150 societatem
1481 3070 1624 3144 Octavi-

312 3235 389 3284 anae
413 3208 573 3280 factionis
594 3201 800 3301 impelleret.
858 3206 1033 3275 Caeterum
1057 3200 1178 3275 multae
1204 3199 1416 3275 adulationis
1440 3193 1624 3272 conatibus

313 3332 434 3431 aliqua
458 3353 503 3403 ex
528 3342 630 3426 parte
649 3326 742 3425 regis
764 3327 1020 3399 conniventiam
1053 3330 1271 3416 assecutus2,
1296 3321 1481 3396 obseratas
1501 3313 1623 3392 Eskilli

360 3603 583 3669 'Christianus
611 3593 742 3684 quidam]
778 3595 940 3661 Cbristier·
1000 3596 1080 3662 inter
1100 3597 1316 3684 imperatorem
1344 3605 1376 3658 et
1393 3613 1504 3680 papam
1519 3606 1625 3678 paean·

313 3711 449 3788 ansilla,
468 3703 791 3787 natnsin'l'bnringis,
812 3715 945 3768 eratco·
1000 3703 1062 3768 dat.
1104 3707 1290 3790 Plerumque
1305 3703 1338 3765 in
1353 3701 1438 3764 ltalia
1459 3697 1546 3773 risit,
1567 3693 1625 3771 nbi,

313 3816 436 3884 mes-dc
456 3813 547 3880 Bueb
567 3823 599 3874 et
620 3812 804 3896 praepositus
830 3817 944 3876 Merse-
999 3809 1103 3874 multis
1119 3809 1211 3874 rebus
1227 3823 1259 3874 ct
1274 3807 1398 3872 fortiter
1416 3817 1448 3869 et
1463 3801 1627 3890 prudenter

312 3921 483 4008 burgensis,
499 3917 548 3983 vir
565 3915 656 3980 rebus
682 3918 822 4002 gerendis
843 3931 940 3982 natos.
999 3917 1103 4000 gestis,
1118 3938 1197 3981 anno
1213 3912 1294 3981 1183
1301 3913 1381 3978 lebri
1389 3923 1549 3998 correptos
1561 3926 1627 3992 per·

313 4034 392 4094 Post
409 4045 514 4091 necem
540 4023 689 4100 Arnoldi,
717 4022 941 4110 archiepiscopi
999 4021 1044 4085 iit
1077 4022 1224 4102 (Conradi
1246 4043 1349 4084 rernm
1365 4023 1506 4104 lingunt.
1524 4016 1626 4080 chron.

312 4133 497 4220 moguntini,
512 4129 819 4195 anonanlliseleotus
836 4141 881 4192 est
895 4151 942 4192 ar·
1001 4126 1082 4214 apud
1112 4126 1297 4207 Reuberum,
1321 4127 1472 4212 Scriptor.
1494 4147 1525 4210 p.
1558 4110 1628 4198 4⁵6.

316 4239 536 4325 cbiepisonpns.
560 4261 561 4266 ¹
587 4235 648 4300 Sed
672 4234 853 4298 electionem
882 4235 938 4297 ina-
1000 4238 1134 4298 Raumer
1147 4233 1329 4298 Gescbichts
1359 4232 1414 4297 der
1440 4231 1629 4294 Hobenstan·

223 4416 227 4424 ,
317 4357 440 4431 perator
454 4358 519 4408 tom
535 4341 730 4428 improbavit,
751 4339 850 4425 ipsum
866 4359 940 4404 vero
999 4339 1053 4404 lea
1068 4343 1137 4411 Vol.
1155 4339 1173 4406 l
1187 4342 1299 4427 passim
1314 4350 1345 4404 at
1361 4361 1391 4424 p.
1405 4334 1492 4420 275).

318 4451 633 4516 cancellariumsnom
656 4461 687 4511 et
705 4445 943 4532 gubernatorem
1047 4453 1178 4532 ²Iiegis
1219 4449 1431 4511 conanensium
1469 4431 1627 4513 assecutos]

317 4556 540 4642 provinciarum
571 4554 741 4618 ltalicnrnm
767 4551 943 4632 constituit3
1006 4553 1179 4620 Ostendant
1202 4553 1281 4616 banc
1304 4547 1539 4626 conniventiam,
1559 4559 1628 4628 qam

316 4661 479 4748 pansisque
493 4660 578 4722 annis
602 4660 779 4744 interjectis,
801 4679 869 4723 cum
898 4681 945 4722 nr·
1002 4662 1144 4744 leguntur
1157 4657 1238 4744 apud
1257 4659 1407 4723 Ottoncm
1426 4659 1579 4719 Murenam
1594 4649 1630 4709 in

317 4767 545 4852 ohiepiscopum
602 4767 770 4848 Mogontia
820 4765 944 4830 crearit.
1000 4767 1126 4830 historia
1161 4785 1263 4830 rernm
1304 4759 1507 4826 Landeminm
1550 4749 1630 4840 apud
1737 4739 1738 4810 l

317 4875 447 4938 Multum
470 4871 523 4934 ille
541 4871 673 4936 contulit
702 4871 741 4934 ad
771 4872 943 4936 inimicitias
1004 4861 1631 4956 notatariumscript.rentolaotvlr·
