<?xml version="1.0" encoding="UTF-8"?>
<!DOCTYPE html PUBLIC "-//W3C//DTD XHTML 1.0 Transitional//EN"
    "http://www.w3.org/TR/xhtml1/DTD/xhtml1-transitional.dtd">
<html xmlns="http://www.w3.org/1999/xhtml" xml:lang="en" lang="en">
 <head>
  <title>
</title>
<meta http-equiv="Content-Type" content="text/html;charset=utf-8" />
  <meta name='ocr-system' content='tesseract 3.04.00' />
  <meta name='ocr-capabilities' content='ocr_page ocr_carea ocr_par ocr_line ocrx_word'/>
</head>
<body>
  <div class='ocr_page' id='page_1' title='image "./historiadanica01velsgoog_0080.png"; bbox 0 0 3582 5466; ppageno 0'>
   <div class='ocr_carea' id='block_1_1' title="bbox 693 291 1403 362">
    <p class='ocr_par' dir='ltr' id='par_1_1' title="bbox 693 291 1403 362">
     <span class='ocr_line' id='line_1_1' title="bbox 693 291 1403 362; baseline 0.003 -2"><span class='ocrx_word' id='word_1_1' title='bbox 693 291 926 362; x_wconf 80' lang='lat' dir='ltr'>tttcoLttJS.</span> <span class='ocrx_word' id='word_1_2' title='bbox 1331 291 1403 362; x_wconf 81' lang='lat' dir='ltr'>titt</span> 
     </span>
    </p>
   </div>
   <div class='ocr_carea' id='block_1_2' title="bbox 57 497 1454 2806">
    <p class='ocr_par' dir='ltr' id='par_1_2' title="bbox 57 497 1454 2806">
     <span class='ocr_line' id='line_1_2' title="bbox 145 497 1454 598; baseline 0.002 -25"><span class='ocrx_word' id='word_1_3' title='bbox 145 503 236 574; x_wconf 85' lang='lat' dir='ltr'>aium</span> <span class='ocrx_word' id='word_1_4' title='bbox 258 503 413 598; x_wconf 83' lang='lat' dir='ltr'>Magnus</span> <span class='ocrx_word' id='word_1_5' title='bbox 438 502 607 598; x_wconf 83' lang='lat' dir='ltr'>conjugio</span> <span class='ocrx_word' id='word_1_6' title='bbox 633 497 863 574; x_wconf 80' lang='lat' dir='ltr'>delibaverat.</span> <span class='ocrx_word' id='word_1_7' title='bbox 934 501 1004 592; x_wconf 87' lang='lat' dir='ltr'>Qui</span> <span class='ocrx_word' id='word_1_8' title='bbox 1027 501 1130 591; x_wconf 72' lang='lat' dir='ltr'>cum,</span> <span class='ocrx_word' id='word_1_9' title='bbox 1147 497 1275 572; x_wconf 86' lang='lat' dir='ltr'>sedulo</span> <span class='ocrx_word' id='word_1_10' title='bbox 1299 502 1454 576; x_wconf 81' lang='lat' dir='ltr'>Sveones</span> 
     </span>
     <span class='ocr_line' id='line_1_3' title="bbox 145 619 1453 720; baseline 0.003 -26"><span class='ocrx_word' id='word_1_11' title='bbox 145 621 303 712; x_wconf 78' lang='lat' dir='ltr'><strong>adortus,</strong></span> <span class='ocrx_word' id='word_1_12' title='bbox 328 623 365 694; x_wconf 90' lang='lat' dir='ltr'>in</span> <span class='ocrx_word' id='word_1_13' title='bbox 383 619 638 694; x_wconf 85' lang='lat' dir='ltr'>Hallaudenses</span> <span class='ocrx_word' id='word_1_14' title='bbox 657 626 759 694; x_wconf 77' lang='lat' dir='ltr'>edam</span> <span class='ocrx_word' id='word_1_15' title='bbox 786 647 884 694; x_wconf 90' lang='lat' dir='ltr'>arma</span> <span class='ocrx_word' id='word_1_16' title='bbox 904 622 1095 720; x_wconf 89' lang='lat' dir='ltr'>proferret,</span> <span class='ocrx_word' id='word_1_17' title='bbox 1129 623 1311 718; x_wconf 86' lang='lat' dir='ltr'>inopinata</span> <span class='ocrx_word' id='word_1_18' title='bbox 1327 649 1453 698; x_wconf 91' lang='lat' dir='ltr'>eorum</span> 
     </span>
     <span class='ocr_line' id='line_1_4' title="bbox 143 744 1454 842; baseline 0.005 -26"><span class='ocrx_word' id='word_1_19' title='bbox 143 747 340 842; x_wconf 78' lang='lat' dir='ltr'>irruptione</span> <span class='ocrx_word' id='word_1_20' title='bbox 355 744 554 840; x_wconf 87' lang='lat' dir='ltr'>perculsus,</span> <span class='ocrx_word' id='word_1_21' title='bbox 580 761 618 816; x_wconf 93' lang='lat' dir='ltr'>ut</span> <span class='ocrx_word' id='word_1_22' title='bbox 638 761 712 818; x_wconf 87' lang='lat' dir='ltr'>emt</span> <span class='ocrx_word' id='word_1_23' title='bbox 729 745 972 818; x_wconf 82' lang='lat' dir='ltr'>calceamentis</span> <span class='ocrx_word' id='word_1_24' title='bbox 997 767 1143 833; x_wconf 88' lang='lat' dir='ltr'>vacuus,</span> <span class='ocrx_word' id='word_1_25' title='bbox 1169 744 1390 842; x_wconf 89' lang='lat' dir='ltr'>probrosum</span> <span class='ocrx_word' id='word_1_26' title='bbox 1406 747 1454 822; x_wconf 93' lang='lat' dir='ltr'>ad</span> 
     </span>
     <span class='ocr_line' id='line_1_5' title="bbox 143 849 1454 968; baseline 0.003 -28"><span class='ocrx_word' id='word_1_27' title='bbox 143 893 251 942; x_wconf 81' lang='lat' dir='ltr'>nates</span> <span class='ocrx_word' id='word_1_28' title='bbox 266 891 454 940; x_wconf 77' lang='lat' dir='ltr'>recursum</span> <span class='ocrx_word' id='word_1_29' title='bbox 474 864 609 957; x_wconf 84' lang='lat' dir='ltr'>habuit,</span> <span class='ocrx_word' id='word_1_30' title='bbox 634 867 785 964; x_wconf 85' lang='lat' dir='ltr'>ejusque</span> <span class='ocrx_word' id='word_1_31' title='bbox 802 849 899 966; x_wconf 77' lang='lat' dir='ltr'>fngae</span> <span class='ocrx_word' id='word_1_32' title='bbox 917 864 1173 940; x_wconf 81' lang='lat' dir='ltr'>deformitatem</span> <span class='ocrx_word' id='word_1_33' title='bbox 1191 869 1292 940; x_wconf 86' lang='lat' dir='ltr'>etiam</span> <span class='ocrx_word' id='word_1_34' title='bbox 1311 895 1454 968; x_wconf 81' lang='lat' dir='ltr'>cogno-</span> 
     </span>
     <span class='ocr_line' id='line_1_6' title="bbox 144 987 1453 1089; baseline 0.003 -27"><span class='ocrx_word' id='word_1_35' title='bbox 144 997 236 1062; x_wconf 92' lang='lat' dir='ltr'>mine</span> <span class='ocrx_word' id='word_1_36' title='bbox 258 993 480 1086; x_wconf 85' lang='lat' dir='ltr'>usurpavit¹.</span> <span class='ocrx_word' id='word_1_37' title='bbox 542 989 655 1085; x_wconf 92' lang='lat' dir='ltr'>Cujus</span> <span class='ocrx_word' id='word_1_38' title='bbox 680 1013 827 1063; x_wconf 88' lang='lat' dir='ltr'>manum</span> <span class='ocrx_word' id='word_1_39' title='bbox 851 993 939 1089; x_wconf 86' lang='lat' dir='ltr'>lngo</span> <span class='ocrx_word' id='word_1_40' title='bbox 953 987 1055 1063; x_wconf 90' lang='lat' dir='ltr'>saluti</span> <span class='ocrx_word' id='word_1_41' title='bbox 1078 1015 1153 1064; x_wconf 79' lang='lat' dir='ltr'>suae</span> <span class='ocrx_word' id='word_1_42' title='bbox 1169 996 1358 1086; x_wconf 84' lang='lat' dir='ltr'>perniciter</span> <span class='ocrx_word' id='word_1_43' title='bbox 1379 995 1453 1066; x_wconf 88' lang='lat' dir='ltr'>im-</span> 
     </span>
     <span class='ocr_line' id='line_1_7' title="bbox 143 1109 1449 1210; baseline 0.001 -25"><span class='ocrx_word' id='word_1_44' title='bbox 143 1115 332 1186; x_wconf 82' lang='lat' dir='ltr'>minentem</span> <span class='ocrx_word' id='word_1_45' title='bbox 348 1112 440 1184; x_wconf 88' lang='lat' dir='ltr'>ferre</span> <span class='ocrx_word' id='word_1_46' title='bbox 454 1115 638 1208; x_wconf 87' lang='lat' dir='ltr'>nequiens,</span> <span class='ocrx_word' id='word_1_47' title='bbox 663 1109 841 1186; x_wconf 80' lang='lat' dir='ltr'>merendae</span> <span class='ocrx_word' id='word_1_48' title='bbox 858 1113 957 1210; x_wconf 86' lang='lat' dir='ltr'>pacis</span> <span class='ocrx_word' id='word_1_49' title='bbox 971 1113 1083 1210; x_wconf 84' lang='lat' dir='ltr'>gratia</span> <span class='ocrx_word' id='word_1_50' title='bbox 1109 1112 1183 1184; x_wconf 87' lang='lat' dir='ltr'>filia</span> <span class='ocrx_word' id='word_1_51' title='bbox 1208 1116 1240 1184; x_wconf 93' lang='lat' dir='ltr'>ei</span> <span class='ocrx_word' id='word_1_52' title='bbox 1262 1120 1298 1185; x_wconf 92' lang='lat' dir='ltr'>in</span> <span class='ocrx_word' id='word_1_53' title='bbox 1322 1122 1449 1188; x_wconf 83' lang='lat' dir='ltr'>matri·</span> 
     </span>
     <span class='ocr_line' id='line_1_8' title="bbox 145 1232 1451 1334; baseline 0.001 -25"><span class='ocrx_word' id='word_1_54' title='bbox 145 1241 303 1310; x_wconf 91' lang='lat' dir='ltr'>monium</span> <span class='ocrx_word' id='word_1_55' title='bbox 318 1235 456 1327; x_wconf 88' lang='lat' dir='ltr'>tradita,</span> <span class='ocrx_word' id='word_1_56' title='bbox 474 1233 675 1333; x_wconf 90' lang='lat' dir='ltr'>periculum</span> <span class='ocrx_word' id='word_1_57' title='bbox 691 1234 866 1308; x_wconf 88' lang='lat' dir='ltr'>beneficio</span> <span class='ocrx_word' id='word_1_58' title='bbox 887 1233 1027 1331; x_wconf 88' lang='lat' dir='ltr'>repulit.</span> <span class='ocrx_word' id='word_1_59' title='bbox 1059 1238 1112 1307; x_wconf 88' lang='lat' dir='ltr'>Ex</span> <span class='ocrx_word' id='word_1_60' title='bbox 1125 1232 1194 1306; x_wconf 90' lang='lat' dir='ltr'>hac</span> <span class='ocrx_word' id='word_1_61' title='bbox 1211 1237 1330 1334; x_wconf 90' lang='lat' dir='ltr'>itaque</span> <span class='ocrx_word' id='word_1_62' title='bbox 1346 1240 1451 1310; x_wconf 88' lang='lat' dir='ltr'>Mar-</span> 
     </span>
     <span class='ocr_line' id='line_1_9' title="bbox 144 1355 1452 1458; baseline 0.002 -28"><span class='ocrx_word' id='word_1_63' title='bbox 144 1359 432 1458; x_wconf 76' lang='lat' dir='ltr'>garetaMagnus</span> <span class='ocrx_word' id='word_1_64' title='bbox 451 1355 590 1455; x_wconf 89' lang='lat' dir='ltr'>prolem</span> <span class='ocrx_word' id='word_1_65' title='bbox 617 1367 690 1430; x_wconf 90' lang='lat' dir='ltr'>non</span> <span class='ocrx_word' id='word_1_66' title='bbox 715 1357 875 1448; x_wconf 83' lang='lat' dir='ltr'>sustulit,</span> <span class='ocrx_word' id='word_1_67' title='bbox 912 1356 1077 1432; x_wconf 87' lang='lat' dir='ltr'>Nicolaus</span> <span class='ocrx_word' id='word_1_68' title='bbox 1107 1355 1308 1430; x_wconf 86' lang='lat' dir='ltr'>infelicibus</span> <span class='ocrx_word' id='word_1_69' title='bbox 1333 1359 1452 1432; x_wconf 89' lang='lat' dir='ltr'>sobo-</span> 
     </span>
     <span class='ocr_line' id='line_1_10' title="bbox 144 1477 1452 1581; baseline 0.003 -29"><span class='ocrx_word' id='word_1_70' title='bbox 144 1479 393 1578; x_wconf 86' lang='lat' dir='ltr'>lemauspiciis</span> <span class='ocrx_word' id='word_1_71' title='bbox 409 1483 630 1580; x_wconf 78' lang='lat' dir='ltr'>propagavit.</span> <span class='ocrx_word' id='word_1_72' title='bbox 701 1483 816 1581; x_wconf 86' lang='lat' dir='ltr'>Cujus</span> <span class='ocrx_word' id='word_1_73' title='bbox 844 1478 939 1555; x_wconf 87' lang='lat' dir='ltr'>filius</span> <span class='ocrx_word' id='word_1_74' title='bbox 962 1484 1050 1578; x_wconf 79' lang='lat' dir='ltr'>lngo</span> <span class='ocrx_word' id='word_1_75' title='bbox 1075 1481 1172 1552; x_wconf 90' lang='lat' dir='ltr'>initio</span> <span class='ocrx_word' id='word_1_76' title='bbox 1194 1477 1452 1574; x_wconf 77' lang='lat' dir='ltr'>adolescentiae,</span> 
     </span>
     <span class='ocr_line' id='line_1_11' title="bbox 143 1600 1452 1702; baseline 0.002 -26"><span class='ocrx_word' id='word_1_77' title='bbox 143 1601 281 1676; x_wconf 88' lang='lat' dir='ltr'>effrenis</span> <span class='ocrx_word' id='word_1_78' title='bbox 299 1607 383 1701; x_wconf 87' lang='lat' dir='ltr'>equi</span> <span class='ocrx_word' id='word_1_79' title='bbox 404 1601 549 1676; x_wconf 81' lang='lat' dir='ltr'>lascivia</span> <span class='ocrx_word' id='word_1_80' title='bbox 576 1627 748 1676; x_wconf 84' lang='lat' dir='ltr'>excussus</span> <span class='ocrx_word' id='word_1_81' title='bbox 776 1601 1013 1701; x_wconf 85' lang='lat' dir='ltr'>ejusdemque</span> <span class='ocrx_word' id='word_1_82' title='bbox 1028 1600 1170 1702; x_wconf 79' lang='lat' dir='ltr'>ungulis</span> <span class='ocrx_word' id='word_1_83' title='bbox 1195 1606 1354 1676; x_wconf 85' lang='lat' dir='ltr'>artuatim</span> <span class='ocrx_word' id='word_1_84' title='bbox 1374 1605 1452 1678; x_wconf 93' lang='lat' dir='ltr'>ob-</span> 
     </span>
     <span class='ocr_line' id='line_1_12' title="bbox 57 1723 1451 1825; baseline -0.001 -25"><span class='ocrx_word' id='word_1_85' title='bbox 57 1767 61 1776; x_wconf 92' lang='lat'><em>·</em></span> <span class='ocrx_word' id='word_1_86' title='bbox 143 1729 254 1816; x_wconf 82' lang='lat' dir='ltr'>tritus,</span> <span class='ocrx_word' id='word_1_87' title='bbox 276 1723 601 1824; x_wconf 86' lang='lat' dir='ltr'>splendidissimum</span> <span class='ocrx_word' id='word_1_88' title='bbox 619 1728 826 1824; x_wconf 76' lang='lat' dir='ltr'>sangninem</span> <span class='ocrx_word' id='word_1_89' title='bbox 843 1725 945 1798; x_wconf 89' lang='lat' dir='ltr'>luteis</span> <span class='ocrx_word' id='word_1_90' title='bbox 972 1727 1112 1800; x_wconf 81' lang='lat' dir='ltr'>viarum</span> <span class='ocrx_word' id='word_1_91' title='bbox 1129 1724 1296 1798; x_wconf 89' lang='lat' dir='ltr'>sordibus</span> <span class='ocrx_word' id='word_1_92' title='bbox 1315 1750 1451 1825; x_wconf 82' lang='lat' dir='ltr'>eroga-</span> 
     </span>
     <span class='ocr_line' id='line_1_13' title="bbox 144 1847 1450 1947; baseline 0 -25"><span class='ocrx_word' id='word_1_93' title='bbox 144 1853 204 1938; x_wconf 84' lang='lat' dir='ltr'>vit,</span> <span class='ocrx_word' id='word_1_94' title='bbox 229 1849 496 1946; x_wconf 87' lang='lat' dir='ltr'>tristissimoque</span> <span class='ocrx_word' id='word_1_95' title='bbox 511 1847 572 1919; x_wconf 91' lang='lat' dir='ltr'>fati</span> <span class='ocrx_word' id='word_1_96' title='bbox 594 1872 726 1946; x_wconf 81' lang='lat' dir='ltr'>genere</span> <span class='ocrx_word' id='word_1_97' title='bbox 751 1866 1005 1947; x_wconf 87' lang='lat' dir='ltr'>consumptus,</span> <span class='ocrx_word' id='word_1_98' title='bbox 1031 1850 1164 1945; x_wconf 86' lang='lat' dir='ltr'>sparsis</span> <span class='ocrx_word' id='word_1_99' title='bbox 1189 1851 1306 1920; x_wconf 86' lang='lat' dir='ltr'>v&#39;iatim</span> <span class='ocrx_word' id='word_1_100' title='bbox 1330 1873 1450 1922; x_wconf 88' lang='lat' dir='ltr'>mem-</span> 
     </span>
     <span class='ocr_line' id='line_1_14' title="bbox 141 1967 1451 2070; baseline -0.002 -24"><span class='ocrx_word' id='word_1_101' title='bbox 141 1971 233 2062; x_wconf 88' lang='lat' dir='ltr'>bris,</span> <span class='ocrx_word' id='word_1_102' title='bbox 274 1970 432 2044; x_wconf 89' lang='lat' dir='ltr'>lacerum</span> <span class='ocrx_word' id='word_1_103' title='bbox 456 1967 558 2042; x_wconf 83' lang='lat' dir='ltr'>liumi</span> <span class='ocrx_word' id='word_1_104' title='bbox 581 1968 736 2047; x_wconf 89' lang='lat' dir='ltr'>cadaver</span> <span class='ocrx_word' id='word_1_105' title='bbox 762 1973 877 2045; x_wconf 87' lang='lat' dir='ltr'>iacuit.</span> <span class='ocrx_word' id='word_1_106' title='bbox 930 1969 1174 2070; x_wconf 83' lang='lat' dir='ltr'>Ptedagogus²</span> <span class='ocrx_word' id='word_1_107' title='bbox 1202 1972 1349 2069; x_wconf 88' lang='lat' dir='ltr'>quippe,</span> <span class='ocrx_word' id='word_1_108' title='bbox 1367 1997 1451 2046; x_wconf 92' lang='lat' dir='ltr'>eum</span> 
     </span>
     <span class='ocr_line' id='line_1_15' title="bbox 142 2090 1450 2195; baseline 0.002 -27"><span class='ocrx_word' id='word_1_109' title='bbox 142 2119 237 2193; x_wconf 83' lang='lat' dir='ltr'>equo</span> <span class='ocrx_word' id='word_1_110' title='bbox 253 2093 473 2168; x_wconf 69' lang='lat' dir='ltr'>mesfacere</span> <span class='ocrx_word' id='word_1_111' title='bbox 492 2093 656 2188; x_wconf 73' lang='lat' dir='ltr'>cupiens,</span> <span class='ocrx_word' id='word_1_112' title='bbox 666 2090 827 2168; x_wconf 88' lang='lat' dir='ltr'>habenas</span> <span class='ocrx_word' id='word_1_113' title='bbox 844 2119 954 2166; x_wconf 85' lang='lat' dir='ltr'>manu</span> <span class='ocrx_word' id='word_1_114' title='bbox 972 2095 1150 2166; x_wconf 87' lang='lat' dir='ltr'>continere</span> <span class='ocrx_word' id='word_1_115' title='bbox 1166 2099 1334 2191; x_wconf 86' lang='lat' dir='ltr'>permisit,</span> <span class='ocrx_word' id='word_1_116' title='bbox 1351 2122 1450 2195; x_wconf 88' lang='lat' dir='ltr'>qua-</span> 
     </span>
     <span class='ocr_line' id='line_1_16' title="bbox 141 2213 1449 2315; baseline 0.005 -27"><span class='ocrx_word' id='word_1_117' title='bbox 141 2241 221 2288; x_wconf 90' lang='lat' dir='ltr'>rum</span> <span class='ocrx_word' id='word_1_118' title='bbox 238 2217 401 2315; x_wconf 79' lang='lat' dir='ltr'>regimini</span> <span class='ocrx_word' id='word_1_119' title='bbox 416 2217 681 2312; x_wconf 84' lang='lat' dir='ltr'>intempestivus</span> <span class='ocrx_word' id='word_1_120' title='bbox 698 2215 916 2309; x_wconf 80' lang='lat' dir='ltr'>adolescens,</span> <span class='ocrx_word' id='word_1_121' title='bbox 943 2213 1037 2314; x_wconf 92' lang='lat' dir='ltr'>pede</span> <span class='ocrx_word' id='word_1_122' title='bbox 1052 2215 1228 2288; x_wconf 88' lang='lat' dir='ltr'>subselliis</span> <span class='ocrx_word' id='word_1_123' title='bbox 1244 2217 1449 2310; x_wconf 78' lang='lat' dir='ltr'>inhaerente,</span> 
     </span>
     <span class='ocr_line' id='line_1_17' title="bbox 141 2335 1449 2439; baseline 0.002 -27"><span class='ocrx_word' id='word_1_124' title='bbox 141 2339 345 2438; x_wconf 79' lang='lat' dir='ltr'>mntiguum</span> <span class='ocrx_word' id='word_1_125' title='bbox 361 2335 441 2412; x_wconf 91' lang='lat' dir='ltr'>solo</span> <span class='ocrx_word' id='word_1_126' title='bbox 459 2361 593 2435; x_wconf 83' lang='lat' dir='ltr'>corpus</span> <span class='ocrx_word' id='word_1_127' title='bbox 606 2336 743 2414; x_wconf 83' lang='lat' dir='ltr'>habuit·</span> <span class='ocrx_word' id='word_1_128' title='bbox 801 2345 953 2439; x_wconf 84' lang='lat' dir='ltr'>Magnus</span> <span class='ocrx_word' id='word_1_129' title='bbox 972 2360 1078 2426; x_wconf 87' lang='lat' dir='ltr'>vero,</span> <span class='ocrx_word' id='word_1_130' title='bbox 1095 2335 1316 2414; x_wconf 83' lang='lat' dir='ltr'>felicioribus</span> <span class='ocrx_word' id='word_1_131' title='bbox 1338 2359 1449 2414; x_wconf 88' lang='lat' dir='ltr'>natu-</span> 
     </span>
     <span class='ocr_line' id='line_1_18' title="bbox 142 2459 1447 2560; baseline 0.003 -28"><span class='ocrx_word' id='word_1_132' title='bbox 142 2485 190 2532; x_wconf 83' lang='lat' dir='ltr'>rae</span> <span class='ocrx_word' id='word_1_133' title='bbox 201 2485 314 2558; x_wconf 72' lang='lat' dir='ltr'>quiam</span> <span class='ocrx_word' id='word_1_134' title='bbox 334 2459 488 2554; x_wconf 72' lang='lat' dir='ltr'>fortuitae</span> <span class='ocrx_word' id='word_1_135' title='bbox 505 2464 727 2536; x_wconf 87' lang='lat' dir='ltr'>incrementis</span> <span class='ocrx_word' id='word_1_136' title='bbox 746 2477 909 2551; x_wconf 86' lang='lat' dir='ltr'>evectus,</span> <span class='ocrx_word' id='word_1_137' title='bbox 936 2465 1151 2532; x_wconf 89' lang='lat' dir='ltr'>teterrimum</span> <span class='ocrx_word' id='word_1_138' title='bbox 1178 2465 1447 2560; x_wconf 77' lang='lat' dir='ltr'>consanguineae</span> 
     </span>
     <span class='ocr_line' id='line_1_19' title="bbox 142 2580 1449 2682; baseline 0.002 -26"><span class='ocrx_word' id='word_1_139' title='bbox 142 2581 248 2656; x_wconf 82' lang='lat' dir='ltr'>credis</span> <span class='ocrx_word' id='word_1_140' title='bbox 260 2583 442 2680; x_wconf 85' lang='lat' dir='ltr'>piaculum</span> <span class='ocrx_word' id='word_1_141' title='bbox 462 2583 593 2672; x_wconf 89' lang='lat' dir='ltr'>edidit,</span> <span class='ocrx_word' id='word_1_142' title='bbox 627 2599 737 2682; x_wconf 85' lang='lat' dir='ltr'>atque</span> <span class='ocrx_word' id='word_1_143' title='bbox 752 2583 799 2656; x_wconf 90' lang='lat' dir='ltr'>ad</span> <span class='ocrx_word' id='word_1_144' title='bbox 813 2585 1035 2656; x_wconf 89' lang='lat' dir='ltr'>notissimum</span> <span class='ocrx_word' id='word_1_145' title='bbox 1059 2580 1218 2678; x_wconf 87' lang='lat' dir='ltr'>perfidiae</span> <span class='ocrx_word' id='word_1_146' title='bbox 1244 2585 1449 2682; x_wconf 87' lang='lat' dir='ltr'>exemplum</span> 
     </span>
     <span class='ocr_line' id='line_1_20' title="bbox 142 2703 1449 2806; baseline 0.003 -30"><span class='ocrx_word' id='word_1_147' title='bbox 142 2709 260 2778; x_wconf 76' lang='lat' dir='ltr'>evasit.</span> <span class='ocrx_word' id='word_1_148' title='bbox 313 2708 382 2778; x_wconf 91' lang='lat' dir='ltr'>Cui</span> <span class='ocrx_word' id='word_1_149' title='bbox 397 2722 510 2779; x_wconf 87' lang='lat' dir='ltr'>mater</span> <span class='ocrx_word' id='word_1_150' title='bbox 526 2705 736 2806; x_wconf 83' lang='lat' dir='ltr'>ampliorem</span> <span class='ocrx_word' id='word_1_151' title='bbox 752 2703 1220 2804; x_wconf 82' lang='lat' dir='ltr'>propinquorunrfavorem</span> <span class='ocrx_word' id='word_1_152' title='bbox 1241 2704 1449 2780; x_wconf 82' lang='lat' dir='ltr'>allittitatum</span> 
     </span>
    </p>
   </div>
   <div class='ocr_carea' id='block_1_3' title="bbox 139 2824 1447 3051">
    <p class='ocr_par' dir='ltr' id='par_1_3' title="bbox 139 2824 1447 3051">
     <span class='ocr_line' id='line_1_21' title="bbox 139 2824 1447 2926; baseline -0.001 -27"><span class='ocrx_word' id='word_1_153' title='bbox 139 2824 310 2900; x_wconf 86' lang='lat' dir='ltr'>beneficio</span> <span class='ocrx_word' id='word_1_154' title='bbox 325 2852 447 2900; x_wconf 88' lang='lat' dir='ltr'>creare</span> <span class='ocrx_word' id='word_1_155' title='bbox 464 2835 625 2926; x_wconf 88' lang='lat' dir='ltr'>cupiens,</span> <span class='ocrx_word' id='word_1_156' title='bbox 642 2831 814 2902; x_wconf 73' lang='grc' dir='ltr'>Ηοιιιιιιο3</span> <span class='ocrx_word' id='word_1_157' title='bbox 836 2824 1013 2926; x_wconf 85' lang='lat' dir='ltr'>Regnaldi</span> <span class='ocrx_word' id='word_1_158' title='bbox 1040 2827 1155 2900; x_wconf 86' lang='lat' dir='ltr'>fratris</span> <span class='ocrx_word' id='word_1_159' title='bbox 1173 2825 1294 2918; x_wconf 84' lang='lat' dir='ltr'>liliam,</span> <span class='ocrx_word' id='word_1_160' title='bbox 1319 2831 1447 2926; x_wconf 85' lang='lat' dir='ltr'>lnger-</span> 
     </span>
     <span class='ocr_line' id='line_1_22' title="bbox 140 2947 1447 3051; baseline 0 -31"><span class='ocrx_word' id='word_1_161' title='bbox 140 2951 246 3040; x_wconf 81' lang='lat' dir='ltr'>tam⁴‚</span> <span class='ocrx_word' id='word_1_162' title='bbox 287 2949 445 3026; x_wconf 81' lang='lat' dir='ltr'>Canuto⁵</span> <span class='ocrx_word' id='word_1_163' title='bbox 466 2949 717 3051; x_wconf 82' lang='lat' dir='ltr'>lugiburgam,</span> <span class='ocrx_word' id='word_1_164' title='bbox 740 2955 874 3026; x_wconf 86' lang='lat' dir='ltr'>sororis</span> <span class='ocrx_word' id='word_1_165' title='bbox 908 2948 1037 3042; x_wconf 87' lang='lat' dir='ltr'>filiam,</span> <span class='ocrx_word' id='word_1_166' title='bbox 1057 2951 1227 3048; x_wconf 81' lang='lat' dir='ltr'>conjugio</span> <span class='ocrx_word' id='word_1_167' title='bbox 1257 2947 1447 3048; x_wconf 87' lang='lat' dir='ltr'>copulavit.</span> 
     </span>
    </p>
   </div>
   <div class='ocr_carea' id='block_1_4' title="bbox 126 3267 1449 4942">
    <p class='ocr_par' dir='ltr' id='par_1_4' title="bbox 131 3267 1449 4204">
     <span class='ocr_line' id='line_1_23' title="bbox 183 3267 1447 3357; baseline -0.003 -24"><span class='ocrx_word' id='word_1_168' title='bbox 183 3277 300 3355; x_wconf 74' lang='lat' dir='ltr'>&#39;Fuga</span> <span class='ocrx_word' id='word_1_169' title='bbox 316 3271 568 3354; x_wconf 81' lang='lat' dir='ltr'>deformitatem..</span> <span class='ocrx_word' id='word_1_170' title='bbox 598 3281 764 3357; x_wconf 76' lang='lat' dir='ltr'>cognomine</span> <span class='ocrx_word' id='word_1_171' title='bbox 824 3273 939 3334; x_wconf 84' lang='lat' dir='ltr'>litteras</span> <span class='ocrx_word' id='word_1_172' title='bbox 958 3271 1075 3334; x_wconf 83' lang='lat' dir='ltr'>Nicolai</span> <span class='ocrx_word' id='word_1_173' title='bbox 1092 3272 1170 3355; x_wconf 77' lang='lat' dir='ltr'>regis</span> <span class='ocrx_word' id='word_1_174' title='bbox 1187 3273 1218 3332; x_wconf 91' lang='lat' dir='ltr'>in</span> <span class='ocrx_word' id='word_1_175' title='bbox 1233 3267 1447 3353; x_wconf 87' lang='lat' dir='ltr'>compendium</span> 
     </span>
     <span class='ocr_line' id='line_1_24' title="bbox 138 3374 1448 3464; baseline -0.003 -24"><span class='ocrx_word' id='word_1_176' title='bbox 138 3377 304 3464; x_wconf 78' lang='lat' dir='ltr'>usurparit]</span> <span class='ocrx_word' id='word_1_177' title='bbox 316 3379 433 3460; x_wconf 79' lang='lat' dir='ltr'>Fugam</span> <span class='ocrx_word' id='word_1_178' title='bbox 446 3377 569 3461; x_wconf 90' lang='lat' dir='ltr'>quidem</span> <span class='ocrx_word' id='word_1_179' title='bbox 587 3379 680 3441; x_wconf 84' lang='lat' dir='ltr'>semel</span> <span class='ocrx_word' id='word_1_180' title='bbox 695 3399 763 3442; x_wconf 90' lang='lat' dir='ltr'>cor·</span> <span class='ocrx_word' id='word_1_181' title='bbox 826 3379 974 3456; x_wconf 84' lang='lat' dir='ltr'>redactas,</span> <span class='ocrx_word' id='word_1_182' title='bbox 997 3377 1105 3462; x_wconf 89' lang='lat' dir='ltr'>quibus</span> <span class='ocrx_word' id='word_1_183' title='bbox 1120 3378 1256 3440; x_wconf 77' lang='lat' dir='ltr'>ecclesiae</span> <span class='ocrx_word' id='word_1_184' title='bbox 1272 3379 1318 3439; x_wconf 89' lang='lat' dir='ltr'>Sti</span> <span class='ocrx_word' id='word_1_185' title='bbox 1337 3374 1448 3438; x_wconf 74' lang='lat' dir='ltr'>libani</span> 
     </span>
     <span class='ocr_line' id='line_1_25' title="bbox 139 3483 1448 3568; baseline -0.003 -22"><span class='ocrx_word' id='word_1_186' title='bbox 139 3485 233 3568; x_wconf 88' lang='lat' dir='ltr'>ripuit</span> <span class='ocrx_word' id='word_1_187' title='bbox 253 3503 307 3546; x_wconf 80' lang='lat' dir='ltr'>rex</span> <span class='ocrx_word' id='word_1_188' title='bbox 332 3487 459 3567; x_wconf 73' lang='lat' dir='ltr'>Magnus</span> <span class='ocrx_word' id='word_1_189' title='bbox 489 3483 565 3562; x_wconf 86' lang='lat' dir='ltr'>(vid.</span> <span class='ocrx_word' id='word_1_190' title='bbox 591 3485 670 3548; x_wconf 81' lang='lat' dir='ltr'>Hiut.</span> <span class='ocrx_word' id='word_1_191' title='bbox 698 3505 762 3568; x_wconf 79' lang='lat' dir='ltr'>reg.</span> <span class='ocrx_word' id='word_1_192' title='bbox 823 3497 853 3547; x_wconf 90' lang='lat' dir='ltr'>et</span> <span class='ocrx_word' id='word_1_193' title='bbox 872 3483 992 3560; x_wconf 87' lang='lat' dir='ltr'>Canuti,</span> <span class='ocrx_word' id='word_1_194' title='bbox 1015 3505 1085 3568; x_wconf 82' lang='lat' dir='ltr'>quae</span> <span class='ocrx_word' id='word_1_195' title='bbox 1102 3484 1239 3548; x_wconf 75' lang='lat' dir='ltr'>Otbinin</span> <span class='ocrx_word' id='word_1_196' title='bbox 1255 3495 1311 3560; x_wconf 84' lang='lat' dir='ltr'>eat,</span> <span class='ocrx_word' id='word_1_197' title='bbox 1334 3493 1448 3543; x_wconf 82' lang='lat' dir='ltr'>sertam</span> 
     </span>
     <span class='ocr_line' id='line_1_26' title="bbox 138 3586 1448 3676; baseline -0.004 -23"><span class='ocrx_word' id='word_1_198' title='bbox 138 3593 234 3654; x_wconf 82' lang='lat' dir='ltr'>Norr.</span> <span class='ocrx_word' id='word_1_199' title='bbox 256 3593 294 3652; x_wconf 93' lang='lat' dir='ltr'>lll</span> <span class='ocrx_word' id='word_1_200' title='bbox 314 3611 345 3673; x_wconf 90' lang='lat' dir='ltr'>p.</span> <span class='ocrx_word' id='word_1_201' title='bbox 367 3586 462 3669; x_wconf 84' lang='lat'><strong>516);</strong></span> <span class='ocrx_word' id='word_1_202' title='bbox 488 3603 620 3654; x_wconf 84' lang='lat' dir='ltr'>attamen</span> <span class='ocrx_word' id='word_1_203' title='bbox 644 3611 763 3653; x_wconf 84' lang='lat' dir='ltr'>caueam</span> <span class='ocrx_word' id='word_1_204' title='bbox 822 3603 940 3675; x_wconf 86' lang='lat' dir='ltr'>partem</span> <span class='ocrx_word' id='word_1_205' title='bbox 964 3590 1138 3676; x_wconf 77' lang='lat' dir='ltr'>piscationis</span> <span class='ocrx_word' id='word_1_206' title='bbox 1160 3590 1191 3651; x_wconf 95' lang='lat' dir='ltr'>in</span> <span class='ocrx_word' id='word_1_207' title='bbox 1214 3589 1379 3672; x_wconf 75' lang='lat' dir='ltr'>Lineborg</span> <span class='ocrx_word' id='word_1_208' title='bbox 1395 3587 1448 3649; x_wconf 90' lang='lat' dir='ltr'>do·</span> 
     </span>
     <span class='ocr_line' id='line_1_27' title="bbox 137 3691 1449 3784; baseline -0.002 -28"><span class='ocrx_word' id='word_1_209' title='bbox 137 3695 325 3779; x_wconf 72' lang='lat' dir='ltr'>cognominis</span> <span class='ocrx_word' id='word_1_210' title='bbox 339 3691 761 3784; x_wconf 84' lang='lat' dir='ltr'>Barsod(Nudipcdia)8nor·</span> <span class='ocrx_word' id='word_1_211' title='bbox 824 3709 877 3758; x_wconf 89' lang='lat' dir='ltr'>nat</span> <span class='ocrx_word' id='word_1_212' title='bbox 901 3717 959 3780; x_wconf 91' lang='lat' dir='ltr'>pro</span> <span class='ocrx_word' id='word_1_213' title='bbox 984 3697 1081 3758; x_wconf 87' lang='lat' dir='ltr'>anima</span> <span class='ocrx_word' id='word_1_214' title='bbox 1106 3697 1234 3758; x_wconf 91' lang='lat' dir='ltr'>multum</span> <span class='ocrx_word' id='word_1_215' title='bbox 1262 3693 1319 3756; x_wconf 87' lang='lat' dir='ltr'>sibi</span> <span class='ocrx_word' id='word_1_216' title='bbox 1345 3691 1449 3754; x_wconf 89' lang='lat' dir='ltr'>dilecti</span> 
     </span>
     <span class='ocr_line' id='line_1_28' title="bbox 135 3799 1448 3887; baseline -0.002 -24"><span class='ocrx_word' id='word_1_217' title='bbox 135 3823 174 3864; x_wconf 88' lang='lat' dir='ltr'>ro</span> <span class='ocrx_word' id='word_1_218' title='bbox 193 3821 263 3864; x_wconf 87' lang='lat' dir='ltr'>cum</span> <span class='ocrx_word' id='word_1_219' title='bbox 276 3802 392 3882; x_wconf 85' lang='lat' dir='ltr'>majore</span> <span class='ocrx_word' id='word_1_220' title='bbox 405 3803 620 3887; x_wconf 85' lang='lat' dir='ltr'>probabilitate</span> <span class='ocrx_word' id='word_1_221' title='bbox 641 3802 762 3866; x_wconf 91' lang='lat' dir='ltr'>deducit</span> <span class='ocrx_word' id='word_1_222' title='bbox 823 3801 1010 3886; x_wconf 80' lang='lat' dir='ltr'>filiilngonis</span> <span class='ocrx_word' id='word_1_223' title='bbox 1027 3799 1102 3881; x_wconf 85' lang='lat' dir='ltr'>(vid.</span> <span class='ocrx_word' id='word_1_224' title='bbox 1120 3801 1255 3883; x_wconf 88' lang='lat' dir='ltr'>Diplom.</span> <span class='ocrx_word' id='word_1_225' title='bbox 1273 3803 1364 3862; x_wconf 80' lang='lat' dir='ltr'>Arriae</span> <span class='ocrx_word' id='word_1_226' title='bbox 1387 3803 1448 3862; x_wconf 85' lang='lat' dir='ltr'>lda-</span> 
     </span>
     <span class='ocr_line' id='line_1_29' title="bbox 134 3901 1200 3996; baseline -0.005 -26"><span class='ocrx_word' id='word_1_227' title='bbox 134 3931 152 3970; x_wconf 85' lang='lat' dir='ltr'>a</span> <span class='ocrx_word' id='word_1_228' title='bbox 174 3907 286 3970; x_wconf 84' lang='lat' dir='ltr'>vestitu</span> <span class='ocrx_word' id='word_1_229' title='bbox 307 3909 450 3986; x_wconf 83' lang='lat' dir='ltr'>Section,</span> <span class='ocrx_word' id='word_1_230' title='bbox 481 3931 569 3996; x_wconf 87' lang='lat' dir='ltr'>quem</span> <span class='ocrx_word' id='word_1_231' title='bbox 590 3929 644 3972; x_wconf 88' lang='lat' dir='ltr'>rex</span> <span class='ocrx_word' id='word_1_232' title='bbox 664 3908 762 3970; x_wconf 90' lang='lat' dir='ltr'>imita·</span> <span class='ocrx_word' id='word_1_233' title='bbox 821 3929 939 3992; x_wconf 79' lang='lat' dir='ltr'>gnaean.</span> <span class='ocrx_word' id='word_1_234' title='bbox 959 3908 1019 3969; x_wconf 86' lang='lat' dir='ltr'>rol.</span> <span class='ocrx_word' id='word_1_235' title='bbox 1038 3910 1096 3990; x_wconf 87' lang='lat' dir='ltr'>lp.</span> <span class='ocrx_word' id='word_1_236' title='bbox 1115 3901 1200 3983; x_wconf 77' lang='lat'>243).</span> 
     </span>
     <span class='ocr_line' id='line_1_30' title="bbox 132 4007 1448 4104; baseline -0.005 -28"><span class='ocrx_word' id='word_1_237' title='bbox 132 4026 185 4077; x_wconf 85' lang='lat' dir='ltr'>tus</span> <span class='ocrx_word' id='word_1_238' title='bbox 206 4013 326 4076; x_wconf 84' lang='lat' dir='ltr'>nudatis</span> <span class='ocrx_word' id='word_1_239' title='bbox 354 4016 492 4079; x_wconf 81' lang='lat' dir='ltr'>cruribus</span> <span class='ocrx_word' id='word_1_240' title='bbox 512 4037 569 4102; x_wconf 86' lang='lat' dir='ltr'>per</span> <span class='ocrx_word' id='word_1_241' title='bbox 584 4019 700 4104; x_wconf 86' lang='lat' dir='ltr'>plateas</span> <span class='ocrx_word' id='word_1_242' title='bbox 715 4016 761 4076; x_wconf 90' lang='lat' dir='ltr'>in·</span> <span class='ocrx_word' id='word_1_243' title='bbox 867 4009 1033 4092; x_wconf 80' lang='lat' dir='ltr'>³Hanrr&#39;co]</span> <span class='ocrx_word' id='word_1_244' title='bbox 1059 4012 1138 4074; x_wconf 85' lang='lat' dir='ltr'>Filio</span> <span class='ocrx_word' id='word_1_245' title='bbox 1162 4011 1309 4074; x_wconf 83' lang='lat' dir='ltr'>Svenonis</span> <span class='ocrx_word' id='word_1_246' title='bbox 1335 4008 1366 4070; x_wconf 92' lang='lat' dir='ltr'>in</span> <span class='ocrx_word' id='word_1_247' title='bbox 1388 4007 1448 4070; x_wconf 81' lang='lat' dir='ltr'>line</span> 
     </span>
     <span class='ocr_line' id='line_1_31' title="bbox 131 4115 1449 4204; baseline -0.003 -22"><span class='ocrx_word' id='word_1_248' title='bbox 131 4120 272 4185; x_wconf 84' lang='lat' dir='ltr'>cedebat.</span> <span class='ocrx_word' id='word_1_249' title='bbox 821 4119 893 4182; x_wconf 89' lang='lat' dir='ltr'>libri</span> <span class='ocrx_word' id='word_1_250' title='bbox 921 4119 1121 4204; x_wconf 72' lang='lat' dir='ltr'>precedentis</span> <span class='ocrx_word' id='word_1_251' title='bbox 1148 4115 1317 4193; x_wconf 87' lang='lat' dir='ltr'>memorati,</span> <span class='ocrx_word' id='word_1_252' title='bbox 1343 4117 1449 4200; x_wconf 91' lang='lat' dir='ltr'>nepoti</span> 
     </span>
    </p>

    <p class='ocr_par' dir='ltr' id='par_1_5' title="bbox 127 4225 1449 4732">
     <span class='ocr_line' id='line_1_32' title="bbox 178 4225 1113 4314; baseline -0.002 -26"><span class='ocrx_word' id='word_1_253' title='bbox 178 4225 407 4310; x_wconf 60' lang='lat' dir='ltr'>wadagogas]</span> <span class='ocrx_word' id='word_1_254' title='bbox 426 4227 603 4292; x_wconf 84' lang='lat' dir='ltr'>Traditione</span> <span class='ocrx_word' id='word_1_255' title='bbox 621 4226 765 4314; x_wconf 87' lang='lat' dir='ltr'>populari</span> <span class='ocrx_word' id='word_1_256' title='bbox 821 4227 971 4290; x_wconf 77' lang='lat' dir='ltr'>erenonir</span> <span class='ocrx_word' id='word_1_257' title='bbox 985 4225 1113 4288; x_wconf 76' lang='lat' dir='ltr'>Ettritii.</span> 
     </span>
     <span class='ocr_line' id='line_1_33' title="bbox 130 4326 1449 4420; baseline -0.002 -26"><span class='ocrx_word' id='word_1_258' title='bbox 130 4331 305 4410; x_wconf 87' lang='lat' dir='ltr'>ferebatur,</span> <span class='ocrx_word' id='word_1_259' title='bbox 321 4331 403 4398; x_wconf 89' lang='lat' dir='ltr'>bunc</span> <span class='ocrx_word' id='word_1_260' title='bbox 416 4333 630 4420; x_wconf 78' lang='lat' dir='ltr'>paedagogum,</span> <span class='ocrx_word' id='word_1_261' title='bbox 649 4333 762 4395; x_wconf 78' lang='lat' dir='ltr'>vestitu</span> <span class='ocrx_word' id='word_1_262' title='bbox 868 4336 1115 4416; x_wconf 78' lang='lat' dir='ltr'>‘Fratrisfiliam</span> <span class='ocrx_word' id='word_1_263' title='bbox 1135 4326 1300 4414; x_wconf 76' lang='lat' dir='ltr'>Ingertam]</span> <span class='ocrx_word' id='word_1_264' title='bbox 1320 4327 1449 4412; x_wconf 82' lang='lat' dir='ltr'>Stepha-</span> 
     </span>
     <span class='ocr_line' id='line_1_34' title="bbox 127 4433 1447 4528; baseline -0.008 -22"><span class='ocrx_word' id='word_1_265' title='bbox 127 4439 277 4506; x_wconf 80' lang='lat' dir='ltr'>anuliebri</span> <span class='ocrx_word' id='word_1_266' title='bbox 297 4453 440 4521; x_wconf 81' lang='lat' dir='ltr'>assumto,</span> <span class='ocrx_word' id='word_1_267' title='bbox 460 4441 600 4528; x_wconf 77' lang='lat' dir='ltr'>effugere</span> <span class='ocrx_word' id='word_1_268' title='bbox 621 4437 761 4516; x_wconf 78' lang='lat' dir='ltr'>voluisse,</span> <span class='ocrx_word' id='word_1_269' title='bbox 820 4441 896 4520; x_wconf 85' lang='lat' dir='ltr'>nius,</span> <span class='ocrx_word' id='word_1_270' title='bbox 922 4451 956 4502; x_wconf 93' lang='lat' dir='ltr'>nt</span> <span class='ocrx_word' id='word_1_271' title='bbox 968 4437 1178 4523; x_wconf 88' lang='lat' dir='ltr'>perspicuitati</span> <span class='ocrx_word' id='word_1_272' title='bbox 1195 4437 1376 4514; x_wconf 87' lang='lat' dir='ltr'>consuleret,</span> <span class='ocrx_word' id='word_1_273' title='bbox 1395 4433 1447 4496; x_wconf 89' lang='lat' dir='ltr'>nd-</span> 
     </span>
     <span class='ocr_line' id='line_1_35' title="bbox 127 4541 1446 4630; baseline -0.004 -21"><span class='ocrx_word' id='word_1_274' title='bbox 127 4545 185 4609; x_wconf 82' lang='lat' dir='ltr'>eed</span> <span class='ocrx_word' id='word_1_275' title='bbox 194 4544 349 4610; x_wconf 80' lang='lat' dir='ltr'>detectam</span> <span class='ocrx_word' id='word_1_276' title='bbox 361 4549 464 4614; x_wconf 80' lang='lat' dir='ltr'>tivum</span> <span class='ocrx_word' id='word_1_277' title='bbox 477 4547 568 4612; x_wconf 85' lang='lat' dir='ltr'>fuisse</span> <span class='ocrx_word' id='word_1_278' title='bbox 580 4542 763 4616; x_wconf 81' lang='lat' dir='ltr'>terraobru·</span> <span class='ocrx_word' id='word_1_279' title='bbox 821 4543 900 4606; x_wconf 91' lang='lat' dir='ltr'>didit</span> <span class='ocrx_word' id='word_1_280' title='bbox 912 4542 1003 4607; x_wconf 84' lang='lat' dir='ltr'>verbe</span> <span class='ocrx_word' id='word_1_281' title='bbox 1010 4545 1110 4628; x_wconf 81' lang='lat' dir='ltr'>filiam</span> <span class='ocrx_word' id='word_1_282' title='bbox 1118 4547 1281 4628; x_wconf 75' lang='lat' dir='ltr'>Ingentem,</span> <span class='ocrx_word' id='word_1_283' title='bbox 1294 4563 1362 4630; x_wconf 73' lang='lat' dir='ltr'>quae</span> <span class='ocrx_word' id='word_1_284' title='bbox 1371 4541 1446 4606; x_wconf 91' lang='lat' dir='ltr'>omi-</span> 
     </span>
     <span class='ocr_line' id='line_1_36' title="bbox 127 4647 984 4732; baseline -0.006 -18"><span class='ocrx_word' id='word_1_285' title='bbox 127 4664 200 4714; x_wconf 89' lang='lat' dir='ltr'>tum</span> <span class='ocrx_word' id='word_1_286' title='bbox 228 4647 338 4732; x_wconf 78' lang='lat' dir='ltr'>(sulm</span> <span class='ocrx_word' id='word_1_287' title='bbox 366 4653 447 4716; x_wconf 80' lang='lat' dir='ltr'>Eiet.</span> <span class='ocrx_word' id='word_1_288' title='bbox 473 4651 509 4716; x_wconf 89' lang='lat' dir='ltr'>af</span> <span class='ocrx_word' id='word_1_289' title='bbox 523 4656 633 4718; x_wconf 84' lang='lat' dir='ltr'>Deum.</span> <span class='ocrx_word' id='word_1_290' title='bbox 663 4647 760 4714; x_wconf 77' lang='lat' dir='ltr'>vols</span> <span class='ocrx_word' id='word_1_291' title='bbox 820 4649 861 4712; x_wconf 85' lang='lat' dir='ltr'>sit</span> <span class='ocrx_word' id='word_1_292' title='bbox 876 4649 922 4710; x_wconf 87' lang='lat' dir='ltr'>ed.</span> <span class='ocrx_word' id='word_1_293' title='bbox 937 4671 984 4732; x_wconf 88' lang='lat' dir='ltr'>pr.</span> 
     </span>
    </p>

    <p class='ocr_par' dir='ltr' id='par_1_6' title="bbox 126 4752 1445 4942">
     <span class='ocr_line' id='line_1_37' title="bbox 128 4752 1445 4842; baseline -0.008 -20"><span class='ocrx_word' id='word_1_294' title='bbox 128 4755 264 4842; x_wconf 74' lang='lat' dir='ltr'>p.237)</span> <span class='ocrx_word' id='word_1_295' title='bbox 284 4757 412 4824; x_wconf 84' lang='lat' dir='ltr'>obitam</span> <span class='ocrx_word' id='word_1_296' title='bbox 430 4754 759 4842; x_wconf 62' lang='lat' dir='ltr'>transmittimur.)</span> <span class='ocrx_word' id='word_1_297' title='bbox 864 4752 1017 4838; x_wconf 78' lang='lat' dir='ltr'>‘CanutoJ</span> <span class='ocrx_word' id='word_1_298' title='bbox 1037 4756 1117 4820; x_wconf 85' lang='lat' dir='ltr'>Filio</span> <span class='ocrx_word' id='word_1_299' title='bbox 1138 4757 1221 4820; x_wconf 84' lang='lat' dir='ltr'>Erici</span> <span class='ocrx_word' id='word_1_300' title='bbox 1247 4755 1334 4820; x_wconf 84' lang='lat' dir='ltr'>Boni.</span> <span class='ocrx_word' id='word_1_301' title='bbox 1381 4756 1445 4814; x_wconf 78' lang='lat' dir='ltr'>Ma-</span> 
     </span>
     <span class='ocr_line' id='line_1_38' title="bbox 126 4858 1444 4942; baseline -0.005 -16"><span class='ocrx_word' id='word_1_302' title='bbox 126 4865 168 4928; x_wconf 79' lang='lat' dir='ltr'>ad</span> <span class='ocrx_word' id='word_1_303' title='bbox 196 4887 310 4928; x_wconf 82' lang='lat' dir='ltr'>annum</span> <span class='ocrx_word' id='word_1_304' title='bbox 333 4863 413 4928; x_wconf 76' lang='lat'>1121</span> <span class='ocrx_word' id='word_1_305' title='bbox 439 4863 543 4928; x_wconf 89' lang='lat' dir='ltr'>refert.</span> <span class='ocrx_word' id='word_1_306' title='bbox 619 4863 760 4928; x_wconf 86' lang='lat' dir='ltr'>Habemu</span> <span class='ocrx_word' id='word_1_307' title='bbox 818 4861 994 4936; x_wconf 82' lang='lat' dir='ltr'>trimonium</span> <span class='ocrx_word' id='word_1_308' title='bbox 1026 4865 1135 4926; x_wconf 86' lang='lat' dir='ltr'>Canuti</span> <span class='ocrx_word' id='word_1_309' title='bbox 1167 4883 1236 4928; x_wconf 86' lang='lat' dir='ltr'>cum</span> <span class='ocrx_word' id='word_1_310' title='bbox 1272 4858 1444 4942; x_wconf 75' lang='lat' dir='ltr'>lngiburga,</span> 
     </span>
    </p>
   </div>
   <div class='ocr_carea' id='block_1_5' title="bbox 0 0 1796 5466">
    <p class='ocr_par' dir='ltr' id='par_1_7' title="bbox 0 0 1796 5466">
     <span class='ocr_line' id='line_1_39' title="bbox 0 0 1796 5466; baseline 0 2"><span class='ocrx_word' id='word_1_311' title='bbox 0 0 1796 5466; x_wconf 95' lang='lat' dir='ltr'> </span> 
     </span>
    </p>
   </div>
  </div>
 </body>
</html>
