<?xml version="1.0" encoding="UTF-8"?>
<!DOCTYPE html PUBLIC "-//W3C//DTD XHTML 1.0 Transitional//EN"
    "http://www.w3.org/TR/xhtml1/DTD/xhtml1-transitional.dtd">
<html xmlns="http://www.w3.org/1999/xhtml" xml:lang="en" lang="en">
 <head>
  <title>
</title>
<meta http-equiv="Content-Type" content="text/html;charset=utf-8" />
  <meta name='ocr-system' content='tesseract 3.04.00' />
  <meta name='ocr-capabilities' content='ocr_page ocr_carea ocr_par ocr_line ocrx_word'/>
</head>
<body>
  <div class='ocr_page' id='page_1' title='image "./historiadanica01velsgoog_0020.png"; bbox 0 0 3582 5466; ppageno 0'>
   <div class='ocr_carea' id='block_1_1' title="bbox 764 317 1444 398">
    <p class='ocr_par' dir='ltr' id='par_1_1' title="bbox 764 317 1444 398">
     <span class='ocr_line' id='line_1_1' title="bbox 764 317 1444 398; baseline -0.01 -2"><span class='ocrx_word' id='word_1_1' title='bbox 764 323 922 398; x_wconf 83' lang='lat' dir='ltr'><strong>SVENO.</strong></span> <span class='ocrx_word' id='word_1_2' title='bbox 1371 317 1444 392; x_wconf 78' lang='lat'><strong>557</strong></span> 
     </span>
    </p>
   </div>
   <div class='ocr_carea' id='block_1_2' title="bbox 164 527 1503 1491">
    <p class='ocr_par' dir='ltr' id='par_1_2' title="bbox 164 527 1503 1491">
     <span class='ocr_line' id='line_1_2' title="bbox 164 527 1498 644; baseline -0.005 -36"><span class='ocrx_word' id='word_1_3' title='bbox 164 535 369 644; x_wconf 64' lang='lat' dir='ltr'><strong>⁶Sulmonis</strong></span> <span class='ocrx_word' id='word_1_4' title='bbox 389 557 559 635; x_wconf 78' lang='lat' dir='ltr'><strong>reguum,</strong></span> <span class='ocrx_word' id='word_1_5' title='bbox 594 531 696 632; x_wconf 85' lang='lat' dir='ltr'><strong>quod</strong></span> <span class='ocrx_word' id='word_1_6' title='bbox 725 549 805 606; x_wconf 89' lang='lat' dir='ltr'><strong>ante</strong></span> <span class='ocrx_word' id='word_1_7' title='bbox 829 528 1027 604; x_wconf 75' lang='lat' dir='ltr'><strong>admodum</strong></span> <span class='ocrx_word' id='word_1_8' title='bbox 1049 529 1329 620; x_wconf 78' lang='lat' dir='ltr'><strong>claudicaverat,</strong></span> <span class='ocrx_word' id='word_1_9' title='bbox 1350 527 1498 627; x_wconf 69' lang='lat' dir='ltr'><strong>pmiodo</strong></span> 
     </span>
     <span class='ocr_line' id='line_1_3' title="bbox 193 649 1503 756; baseline -0.005 -26"><span class='ocrx_word' id='word_1_10' title='bbox 193 673 304 756; x_wconf 83' lang='lat' dir='ltr'><strong>atque</strong></span> <span class='ocrx_word' id='word_1_11' title='bbox 326 663 498 730; x_wconf 65' lang='lat' dir='ltr'><strong>mammo</strong></span> <span class='ocrx_word' id='word_1_12' title='bbox 514 655 618 730; x_wconf 85' lang='lat' dir='ltr'><strong>hoste</strong></span> <span class='ocrx_word' id='word_1_13' title='bbox 636 677 801 748; x_wconf 79' lang='lat' dir='ltr'><strong>securam,</strong></span> <span class='ocrx_word' id='word_1_14' title='bbox 828 658 1063 754; x_wconf 87' lang='lat' dir='ltr'><strong>prosperioris</strong></span> <span class='ocrx_word' id='word_1_15' title='bbox 1085 655 1236 728; x_wconf 77' lang='lat' dir='ltr'><strong>fortunae</strong></span> <span class='ocrx_word' id='word_1_16' title='bbox 1248 651 1421 754; x_wconf 75' lang='lat' dir='ltr'><strong>gradibus</strong></span> <span class='ocrx_word' id='word_1_17' title='bbox 1435 649 1503 724; x_wconf 81' lang='lat' dir='ltr'><strong>in-&#39;</strong></span> 
     </span>
     <span class='ocr_line' id='line_1_4' title="bbox 196 774 1498 878; baseline -0.006 -24"><span class='ocrx_word' id='word_1_18' title='bbox 196 777 384 871; x_wconf 71' lang='lat' dir='ltr'><strong>essebur,</strong></span> <span class='ocrx_word' id='word_1_19' title='bbox 408 803 696 878; x_wconf 85' lang='lat' dir='ltr'><strong>oppressumque</strong></span> <span class='ocrx_word' id='word_1_20' title='bbox 722 780 847 851; x_wconf 77' lang='lat' dir='ltr'><strong>Danioe</strong></span> <span class='ocrx_word' id='word_1_21' title='bbox 871 774 1155 875; x_wconf 84' lang='lat' dir='ltr'><strong>gubernaculum</strong></span> <span class='ocrx_word' id='word_1_22' title='bbox 1177 776 1285 876; x_wconf 88' lang='lat' dir='ltr'><strong>plena</strong></span> <span class='ocrx_word' id='word_1_23' title='bbox 1310 775 1498 874; x_wconf 90' lang='lat' dir='ltr'><strong>prosperi·-</strong></span> 
     </span>
     <span class='ocr_line' id='line_1_5' title="bbox 195 895 1500 1000; baseline -0.008 -24"><span class='ocrx_word' id='word_1_24' title='bbox 195 909 274 976; x_wconf 86' lang='lat' dir='ltr'><strong>tatis</strong></span> <span class='ocrx_word' id='word_1_25' title='bbox 292 901 371 975; x_wconf 83' lang='lat' dir='ltr'><strong>vela</strong></span> <span class='ocrx_word' id='word_1_26' title='bbox 389 900 589 977; x_wconf 72' lang='lat' dir='ltr'><strong>solvebant.</strong></span> <span class='ocrx_word' id='word_1_27' title='bbox 639 903 706 974; x_wconf 82' lang='lat' dir='ltr'><strong>iiic</strong></span> <span class='ocrx_word' id='word_1_28' title='bbox 720 925 834 1000; x_wconf 90' lang='lat' dir='ltr'><strong>quum</strong></span> <span class='ocrx_word' id='word_1_29' title='bbox 857 897 1064 972; x_wconf 64' lang='lat' dir='ltr'>liberalitate</span> <span class='ocrx_word' id='word_1_30' title='bbox 1078 897 1241 990; x_wconf 86' lang='lat' dir='ltr'><strong>illustris,</strong></span> <span class='ocrx_word' id='word_1_31' title='bbox 1266 895 1500 972; x_wconf 84' lang='lat' dir='ltr'><strong>beneficentia</strong></span> 
     </span>
     <span class='ocr_line' id='line_1_6' title="bbox 195 1018 1499 1122; baseline -0.004 -25"><span class='ocrx_word' id='word_1_32' title='bbox 195 1023 349 1115; x_wconf 83' lang='lat' dir='ltr'><strong>celeber,</strong></span> <span class='ocrx_word' id='word_1_33' title='bbox 375 1025 582 1122; x_wconf 89' lang='lat' dir='ltr'><strong>cunctisque</strong></span> <span class='ocrx_word' id='word_1_34' title='bbox 607 1021 832 1098; x_wconf 87' lang='lat' dir='ltr'><strong>humanitatis</strong></span> <span class='ocrx_word' id='word_1_35' title='bbox 853 1023 1016 1122; x_wconf 87' lang='lat' dir='ltr'><strong>partibus</strong></span> <span class='ocrx_word' id='word_1_36' title='bbox 1039 1021 1314 1120; x_wconf 86' lang='lat' dir='ltr'><strong>perlectissimus</strong></span> <span class='ocrx_word' id='word_1_37' title='bbox 1338 1018 1499 1092; x_wconf 82' lang='lat' dir='ltr'><strong>habere·-</strong></span> 
     </span>
     <span class='ocr_line' id='line_1_7' title="bbox 195 1142 1500 1242; baseline -0.005 -22"><span class='ocrx_word' id='word_1_38' title='bbox 195 1153 289 1242; x_wconf 86' lang='lat' dir='ltr'><strong>tur²,</strong></span> <span class='ocrx_word' id='word_1_39' title='bbox 313 1153 419 1221; x_wconf 85' lang='lat' dir='ltr'><strong>etiam</strong></span> <span class='ocrx_word' id='word_1_40' title='bbox 445 1170 626 1223; x_wconf 65' lang='lat' dir='ltr'><strong>mnarum</strong></span> <span class='ocrx_word' id='word_1_41' title='bbox 650 1145 780 1220; x_wconf 74' lang='lat' dir='ltr'><strong>edium</strong></span> <span class='ocrx_word' id='word_1_42' title='bbox 804 1143 1071 1219; x_wconf 86' lang='lat' dir='ltr'><strong>condendarum</strong></span> <span class='ocrx_word' id='word_1_43' title='bbox 1091 1142 1406 1240; x_wconf 78' lang='lat' dir='ltr'><strong>ornandorumque</strong></span> <span class='ocrx_word' id='word_1_44' title='bbox 1428 1165 1500 1214; x_wconf 89' lang='lat' dir='ltr'><strong>cu-</strong></span> 
     </span>
     <span class='ocr_line' id='line_1_8' title="bbox 197 1264 1501 1366; baseline -0.005 -22"><span class='ocrx_word' id='word_1_45' title='bbox 197 1295 275 1344; x_wconf 87' lang='lat' dir='ltr'><strong>rsm</strong></span> <span class='ocrx_word' id='word_1_46' title='bbox 300 1270 526 1343; x_wconf 76' lang='lat' dir='ltr'><strong>intentissime</strong></span> <span class='ocrx_word' id='word_1_47' title='bbox 550 1269 673 1362; x_wconf 87' lang='lat' dir='ltr'><strong>edidit,</strong></span> <span class='ocrx_word' id='word_1_48' title='bbox 697 1267 899 1366; x_wconf 75' lang='lat' dir='ltr'><strong>rudemque</strong></span> <span class='ocrx_word' id='word_1_49' title='bbox 915 1265 1049 1358; x_wconf 79' lang='lat' dir='ltr'><strong>¹adhue</strong></span> <span class='ocrx_word' id='word_1_50' title='bbox 1076 1289 1259 1339; x_wconf 84' lang='lat' dir='ltr'><strong>sacrorum</strong></span> <span class='ocrx_word' id='word_1_51' title='bbox 1280 1267 1428 1364; x_wconf 82' lang='lat' dir='ltr'><strong>patriam</strong></span> <span class='ocrx_word' id='word_1_52' title='bbox 1453 1264 1501 1338; x_wconf 87' lang='lat' dir='ltr'><strong>ad</strong></span> 
     </span>
     <span class='ocr_line' id='line_1_9' title="bbox 199 1385 1502 1491; baseline -0.006 -25"><span class='ocrx_word' id='word_1_53' title='bbox 199 1391 384 1466; x_wconf 88' lang='lat' dir='ltr'><strong>cultiorem</strong></span> <span class='ocrx_word' id='word_1_54' title='bbox 400 1393 577 1491; x_wconf 83' lang='lat' dir='ltr'><strong>religionis</strong></span> <span class='ocrx_word' id='word_1_55' title='bbox 593 1419 697 1468; x_wconf 87' lang='lat' dir='ltr'><strong>usum</strong></span> <span class='ocrx_word' id='word_1_56' title='bbox 716 1390 891 1491; x_wconf 79' lang='lat' dir='ltr'><strong>perduxit.</strong></span> <span class='ocrx_word' id='word_1_57' title='bbox 941 1392 1072 1464; x_wconf 89' lang='lat' dir='ltr'><strong>Verum</strong></span> <span class='ocrx_word' id='word_1_58' title='bbox 1088 1389 1187 1464; x_wconf 90' lang='lat' dir='ltr'><strong>hunc</strong></span> <span class='ocrx_word' id='word_1_59' title='bbox 1204 1413 1343 1462; x_wconf 88' lang='lat' dir='ltr'><strong>morum</strong></span> <span class='ocrx_word' id='word_1_60' title='bbox 1359 1385 1502 1460; x_wconf 86' lang='lat' dir='ltr'><strong>cando-</strong></span> 
     </span>
    </p>
   </div>
   <div class='ocr_carea' id='block_1_3' title="bbox 135 1633 1519 2962">
    <p class='ocr_par' dir='ltr' id='par_1_3' title="bbox 135 1633 1519 2962">
     <span class='ocr_line' id='line_1_10' title="bbox 201 1633 1502 1738; baseline -0.005 -28"><span class='ocrx_word' id='word_1_61' title='bbox 201 1663 274 1736; x_wconf 88' lang='lat' dir='ltr'><strong>que</strong></span> <span class='ocrx_word' id='word_1_62' title='bbox 289 1635 477 1712; x_wconf 78' lang='lat' dir='ltr'><strong>illustrium</strong></span> <span class='ocrx_word' id='word_1_63' title='bbox 494 1637 698 1738; x_wconf 80' lang='lat' dir='ltr'><strong>puellarum</strong></span> <span class='ocrx_word' id='word_1_64' title='bbox 715 1643 871 1712; x_wconf 86' lang='lat' dir='ltr'><strong>castitate</strong></span> <span class='ocrx_word' id='word_1_65' title='bbox 892 1635 1058 1729; x_wconf 86' lang='lat' dir='ltr'><strong>delibata,</strong></span> <span class='ocrx_word' id='word_1_66' title='bbox 1084 1633 1283 1709; x_wconf 75' lang='lat' dir='ltr'><strong>utnullum</strong></span> <span class='ocrx_word' id='word_1_67' title='bbox 1308 1660 1350 1706; x_wconf 85' lang='lat' dir='ltr'><strong>ex</strong></span> <span class='ocrx_word' id='word_1_68' title='bbox 1373 1635 1502 1706; x_wconf 87' lang='lat' dir='ltr'><strong>matri-</strong></span> 
     </span>
     <span class='ocr_line' id='line_1_11' title="bbox 202 1756 1504 1859; baseline -0.003 -25"><span class='ocrx_word' id='word_1_69' title='bbox 202 1760 335 1854; x_wconf 78' lang='lat' dir='ltr'><strong>munio,</strong></span> <span class='ocrx_word' id='word_1_70' title='bbox 360 1765 407 1832; x_wconf 88' lang='lat' dir='ltr'><strong>ita</strong></span> <span class='ocrx_word' id='word_1_71' title='bbox 421 1761 626 1859; x_wconf 88' lang='lat' dir='ltr'><strong>complures</strong></span> <span class='ocrx_word' id='word_1_72' title='bbox 642 1785 683 1832; x_wconf 81' lang='lat' dir='ltr'><strong>ex</strong></span> <span class='ocrx_word' id='word_1_73' title='bbox 700 1759 890 1859; x_wconf 87' lang='lat' dir='ltr'><strong>pellicibus</strong></span> <span class='ocrx_word' id='word_1_74' title='bbox 906 1759 999 1832; x_wconf 86' lang='lat' dir='ltr'><strong>filios</strong></span> <span class='ocrx_word' id='word_1_75' title='bbox 1014 1756 1187 1832; x_wconf 83' lang='lat' dir='ltr'><strong>sustulit⁴.</strong></span> <span class='ocrx_word' id='word_1_76' title='bbox 1238 1760 1269 1829; x_wconf 84' lang='grc' dir='ltr'>Ε</span> <span class='ocrx_word' id='word_1_77' title='bbox 1294 1757 1426 1855; x_wconf 91' lang='lat' dir='ltr'><strong>quibus</strong></span> <span class='ocrx_word' id='word_1_78' title='bbox 1439 1756 1504 1830; x_wconf 88' lang='lat' dir='ltr'><strong>su-</strong></span> 
     </span>
     <span class='ocr_line' id='line_1_12' title="bbox 202 1878 1505 1976; baseline -0.004 -19"><span class='ocrx_word' id='word_1_79' title='bbox 202 1909 262 1957; x_wconf 90' lang='lat' dir='ltr'><strong>ere</strong></span> <span class='ocrx_word' id='word_1_80' title='bbox 279 1909 363 1957; x_wconf 89' lang='lat' dir='ltr'><strong>oum</strong></span> <span class='ocrx_word' id='word_1_81' title='bbox 380 1886 564 1958; x_wconf 88' lang='lat' dir='ltr'><strong>Gormone</strong></span> <span class='ocrx_word' id='word_1_82' title='bbox 578 1882 766 1976; x_wconf 71' lang='lat' dir='ltr'><strong>Beroaldus,</strong></span> <span class='ocrx_word' id='word_1_83' title='bbox 779 1910 861 1958; x_wconf 90' lang='lat' dir='ltr'><strong>curn</strong></span> <span class='ocrx_word' id='word_1_84' title='bbox 878 1883 1039 1956; x_wconf 75' lang='lat' dir='ltr'><strong>Svenonl</strong></span> <span class='ocrx_word' id='word_1_85' title='bbox 1052 1878 1250 1955; x_wconf 89' lang='lat' dir='ltr'><strong>Omundus.</strong></span> <span class='ocrx_word' id='word_1_86' title='bbox 1301 1881 1363 1951; x_wconf 87' lang='lat' dir='ltr'><strong>His</strong></span> <span class='ocrx_word' id='word_1_87' title='bbox 1378 1903 1505 1952; x_wconf 86' lang='lat' dir='ltr'><strong>acces-</strong></span> 
     </span>
     <span class='ocr_line' id='line_1_13' title="bbox 198 2001 1506 2102; baseline -0.008 -21"><span class='ocrx_word' id='word_1_88' title='bbox 198 2031 276 2081; x_wconf 86' lang='lat' dir='ltr'><strong>sere</strong></span> <span class='ocrx_word' id='word_1_89' title='bbox 294 2006 404 2081; x_wconf 90' lang='lat' dir='ltr'><strong>Ubbo</strong></span> <span class='ocrx_word' id='word_1_90' title='bbox 423 2022 457 2078; x_wconf 91' lang='lat' dir='ltr'><strong>et</strong></span> <span class='ocrx_word' id='word_1_91' title='bbox 470 2005 617 2098; x_wconf 78' lang='lat' dir='ltr'><strong>olavus,</strong></span> <span class='ocrx_word' id='word_1_92' title='bbox 643 2005 822 2096; x_wconf 84' lang='lat' dir='ltr'><strong>Nicolaus,</strong></span> <span class='ocrx_word' id='word_1_93' title='bbox 845 2007 976 2078; x_wconf 80' lang='lat' dir='ltr'><strong>Bidrno</strong></span> <span class='ocrx_word' id='word_1_94' title='bbox 1000 2019 1109 2102; x_wconf 84' lang='lat' dir='ltr'><strong>atque</strong></span> <span class='ocrx_word' id='word_1_95' title='bbox 1136 2001 1357 2092; x_wconf 88' lang='lat' dir='ltr'><strong>Benedictus,</strong></span> <span class='ocrx_word' id='word_1_96' title='bbox 1381 2017 1506 2098; x_wconf 83' lang='lat' dir='ltr'><strong>poter·</strong></span> 
     </span>
     <span class='ocr_line' id='line_1_14' title="bbox 200 2123 1508 2230; baseline -0.005 -26"><span class='ocrx_word' id='word_1_97' title='bbox 200 2157 249 2204; x_wconf 91' lang='lat' dir='ltr'><strong>no</strong></span> <span class='ocrx_word' id='word_1_98' title='bbox 269 2153 380 2230; x_wconf 83' lang='lat' dir='ltr'><strong>quam</strong></span> <span class='ocrx_word' id='word_1_99' title='bbox 415 2129 587 2220; x_wconf 79' lang='lat' dir='ltr'><strong>maxime,</strong></span> <span class='ocrx_word' id='word_1_100' title='bbox 628 2145 789 2204; x_wconf 84' lang='lat' dir='ltr'><strong>materno</strong></span> <span class='ocrx_word' id='word_1_101' title='bbox 827 2131 1011 2203; x_wconf 86' lang='lat' dir='ltr'><strong>minimum</strong></span> <span class='ocrx_word' id='word_1_102' title='bbox 1048 2129 1209 2226; x_wconf 76' lang='lat' dir='ltr'><strong>sanguini</strong></span> <span class='ocrx_word' id='word_1_103' title='bbox 1239 2123 1508 2225; x_wconf 88' lang='lat' dir='ltr'><strong>respondentes.</strong></span> 
     </span>
     <span class='ocr_line' id='line_1_15' title="bbox 201 2249 1508 2348; baseline -0.006 -21"><span class='ocrx_word' id='word_1_104' title='bbox 201 2251 401 2327; x_wconf 79' lang='lat' dir='ltr'><strong>eomtmilis</strong></span> <span class='ocrx_word' id='word_1_105' title='bbox 414 2249 555 2348; x_wconf 80' lang='lat' dir='ltr'><strong>copules</strong></span> <span class='ocrx_word' id='word_1_106' title='bbox 572 2249 770 2326; x_wconf 78' lang='lat' dir='ltr'><strong>obscuritas</strong></span> <span class='ocrx_word' id='word_1_107' title='bbox 789 2255 967 2325; x_wconf 88' lang='lat' dir='ltr'><strong>Canutum</strong></span> <span class='ocrx_word' id='word_1_108' title='bbox 984 2268 1019 2324; x_wconf 94' lang='lat' dir='ltr'><strong>et</strong></span> <span class='ocrx_word' id='word_1_109' title='bbox 1041 2251 1198 2341; x_wconf 64' lang='lat' dir='ltr'><strong>Ericuna</strong></span> <span class='ocrx_word' id='word_1_110' title='bbox 1220 2253 1370 2320; x_wconf 81' lang='lat' dir='ltr'><strong>maxima</strong></span> <span class='ocrx_word' id='word_1_111' title='bbox 1384 2253 1508 2346; x_wconf 80' lang='lat' dir='ltr'><strong>patriar</strong></span> 
     </span>
     <span class='ocr_line' id='line_1_16' title="bbox 200 2370 1506 2473; baseline -0.006 -23"><span class='ocrx_word' id='word_1_112' title='bbox 200 2391 416 2466; x_wconf 81' lang='lat' dir='ltr'><strong>ornamenta,</strong></span> <span class='ocrx_word' id='word_1_113' title='bbox 430 2375 630 2473; x_wconf 84' lang='lat' dir='ltr'><strong>progenuit.</strong></span> <span class='ocrx_word' id='word_1_114' title='bbox 656 2373 725 2447; x_wconf 86' lang='lat' dir='ltr'><strong>Sed</strong></span> <span class='ocrx_word' id='word_1_115' title='bbox 742 2391 778 2448; x_wconf 90' lang='lat' dir='ltr'><strong>et</strong></span> <span class='ocrx_word' id='word_1_116' title='bbox 793 2371 865 2446; x_wconf 88' lang='lat' dir='ltr'><strong>filia</strong></span> <span class='ocrx_word' id='word_1_117' title='bbox 881 2372 1017 2464; x_wconf 84' lang='lat' dir='ltr'><strong>Siritlua,</strong></span> <span class='ocrx_word' id='word_1_118' title='bbox 1029 2397 1111 2470; x_wconf 87' lang='lat' dir='ltr'><strong>quae</strong></span> <span class='ocrx_word' id='word_1_119' title='bbox 1136 2370 1365 2470; x_wconf 90' lang='lat' dir='ltr'><strong>postmodum</strong></span> <span class='ocrx_word' id='word_1_120' title='bbox 1381 2370 1506 2442; x_wconf 90' lang='lat' dir='ltr'><strong>Guth-</strong></span> 
     </span>
     <span class='ocr_line' id='line_1_17' title="bbox 202 2491 1508 2593; baseline -0.007 -21"><span class='ocrx_word' id='word_1_121' title='bbox 202 2497 327 2573; x_wconf 76' lang='lat' dir='ltr'><strong>sltulco</strong></span> <span class='ocrx_word' id='word_1_122' title='bbox 344 2496 502 2570; x_wconf 80' lang='lat' dir='ltr'><strong>Sclnricu</strong></span> <span class='ocrx_word' id='word_1_123' title='bbox 520 2497 676 2593; x_wconf 81' lang='lat' dir='ltr'><strong>conjunx</strong></span> <span class='ocrx_word' id='word_1_124' title='bbox 700 2503 855 2586; x_wconf 88' lang='lat' dir='ltr'><strong>accessit,</strong></span> <span class='ocrx_word' id='word_1_125' title='bbox 880 2501 916 2567; x_wconf 95' lang='lat' dir='ltr'><strong>in</strong></span> <span class='ocrx_word' id='word_1_126' title='bbox 944 2494 1175 2592; x_wconf 88' lang='lat' dir='ltr'><strong>sequentibus</strong></span> <span class='ocrx_word' id='word_1_127' title='bbox 1199 2491 1396 2584; x_wconf 87' lang='lat' dir='ltr'><strong>relerenda,</strong></span> <span class='ocrx_word' id='word_1_128' title='bbox 1421 2491 1508 2590; x_wconf 87' lang='lat' dir='ltr'><strong>pel-</strong></span> 
     </span>
     <span class='ocr_line' id='line_1_18' title="bbox 135 2613 1507 2718; baseline -0.004 -26"><span class='ocrx_word' id='word_1_129' title='bbox 135 2689 138 2700; x_wconf 89' lang='grc'>,</span> <span class='ocrx_word' id='word_1_130' title='bbox 205 2620 271 2693; x_wconf 91' lang='lat' dir='ltr'><strong>lice</strong></span> <span class='ocrx_word' id='word_1_131' title='bbox 283 2624 416 2718; x_wconf 81' lang='lat' dir='ltr'><strong>pariter</strong></span> <span class='ocrx_word' id='word_1_132' title='bbox 438 2635 514 2692; x_wconf 86' lang='lat' dir='ltr'><strong>orta</strong></span> <span class='ocrx_word' id='word_1_133' title='bbox 533 2617 707 2716; x_wconf 89' lang='lat' dir='ltr'><strong>proditur.</strong></span> <span class='ocrx_word' id='word_1_134' title='bbox 759 2618 918 2690; x_wconf 80' lang='lat' dir='ltr'><strong>Tandem</strong></span> <span class='ocrx_word' id='word_1_135' title='bbox 936 2643 997 2690; x_wconf 80' lang='lat' dir='ltr'><strong>rex</strong></span> <span class='ocrx_word' id='word_1_136' title='bbox 1015 2621 1172 2688; x_wconf 89' lang='lat' dir='ltr'><strong>animum</strong></span> <span class='ocrx_word' id='word_1_137' title='bbox 1189 2639 1296 2688; x_wconf 87' lang='lat' dir='ltr'><strong>suum</strong></span> <span class='ocrx_word' id='word_1_138' title='bbox 1315 2615 1363 2686; x_wconf 82' lang='lat' dir='ltr'><strong>ab</strong></span> <span class='ocrx_word' id='word_1_139' title='bbox 1381 2613 1507 2687; x_wconf 87' lang='lat' dir='ltr'><strong>illece-</strong></span> 
     </span>
     <span class='ocr_line' id='line_1_19' title="bbox 204 2737 1510 2846; baseline -0.006 -30"><span class='ocrx_word' id='word_1_140' title='bbox 204 2743 279 2816; x_wconf 84' lang='lat' dir='ltr'><strong>bris</strong></span> <span class='ocrx_word' id='word_1_141' title='bbox 301 2741 450 2816; x_wconf 85' lang='lat' dir='ltr'><strong>luxurioe</strong></span> <span class='ocrx_word' id='word_1_142' title='bbox 475 2759 510 2814; x_wconf 86' lang='lat' dir='ltr'><strong>et</strong></span> <span class='ocrx_word' id='word_1_143' title='bbox 533 2739 768 2814; x_wconf 85' lang='lat' dir='ltr'><strong>immoderato</strong></span> <span class='ocrx_word' id='word_1_144' title='bbox 786 2743 932 2846; x_wconf 71' lang='lat' dir='ltr'><strong>Veneris</strong></span> <span class='ocrx_word' id='word_1_145' title='bbox 964 2766 1029 2814; x_wconf 91' lang='lat' dir='ltr'><strong>usu</strong></span> <span class='ocrx_word' id='word_1_146' title='bbox 1056 2753 1244 2812; x_wconf 86' lang='lat' dir='ltr'><strong>retractum</strong></span> <span class='ocrx_word' id='word_1_147' title='bbox 1277 2737 1422 2839; x_wconf 83' lang='lat' dir='ltr'><strong>genialis</strong></span> <span class='ocrx_word' id='word_1_148' title='bbox 1442 2738 1510 2810; x_wconf 91' lang='lat' dir='ltr'><strong>tori</strong></span> 
     </span>
     <span class='ocr_line' id='line_1_20' title="bbox 205 2860 1519 2962; baseline -0.008 -22"><span class='ocrx_word' id='word_1_149' title='bbox 205 2870 358 2940; x_wconf 69' lang='lat' dir='ltr'><strong>manate</strong></span> <span class='ocrx_word' id='word_1_150' title='bbox 372 2862 541 2937; x_wconf 86' lang='lat' dir='ltr'><strong>cohibere</strong></span> <span class='ocrx_word' id='word_1_151' title='bbox 554 2867 742 2938; x_wconf 81' lang='lat' dir='ltr'><strong>constituit</strong></span> <span class='ocrx_word' id='word_1_152' title='bbox 782 2869 826 2937; x_wconf 93' lang='lat' dir='ltr'><strong>Ut</strong></span> <span class='ocrx_word' id='word_1_153' title='bbox 839 2889 926 2962; x_wconf 84' lang='lat' dir='ltr'><strong>ergo</strong></span> <span class='ocrx_word' id='word_1_154' title='bbox 943 2864 1135 2936; x_wconf 90' lang='lat' dir='ltr'><strong>multorum</strong></span> <span class='ocrx_word' id='word_1_155' title='bbox 1152 2860 1379 2959; x_wconf 87' lang='lat' dir='ltr'><strong>pellicatuum</strong></span> <span class='ocrx_word' id='word_1_156' title='bbox 1396 2885 1519 2959; x_wconf 82' lang='lat' dir='ltr'><strong>expe-.</strong></span> 
     </span>
    </p>
   </div>
   <div class='ocr_carea' id='block_1_4' title="bbox 204 2982 1626 3332">
    <p class='ocr_par' dir='ltr' id='par_1_4' title="bbox 204 2982 1626 3332">
     <span class='ocr_line' id='line_1_21' title="bbox 204 2982 1626 3086; baseline -0.006 -24"><span class='ocrx_word' id='word_1_157' title='bbox 204 2990 365 3062; x_wconf 87' lang='lat' dir='ltr'><strong>rientiam</strong></span> <span class='ocrx_word' id='word_1_158' title='bbox 389 2984 523 3058; x_wconf 89' lang='lat' dir='ltr'><strong>decenti</strong></span> <span class='ocrx_word' id='word_1_159' title='bbox 546 2992 752 3084; x_wconf 79' lang='lat' dir='ltr'><strong>nuptiarum</strong></span> <span class='ocrx_word' id='word_1_160' title='bbox 780 3011 847 3060; x_wconf 89' lang='lat' dir='ltr'><strong>usu</strong></span> <span class='ocrx_word' id='word_1_161' title='bbox 883 2992 1060 3084; x_wconf 89' lang='lat' dir='ltr'><strong>uniusque</strong></span> <span class='ocrx_word' id='word_1_162' title='bbox 1082 2987 1294 3056; x_wconf 82' lang='lat' dir='ltr'><strong>matrimonii</strong></span> <span class='ocrx_word' id='word_1_163' title='bbox 1318 2983 1397 3083; x_wconf 80' lang='lat' dir='ltr'><strong>lege</strong></span> <span class='ocrx_word' id='word_1_164' title='bbox 1421 2982 1517 3055; x_wconf 86' lang='lat' dir='ltr'><strong>red-·</strong></span> <span class='ocrx_word' id='word_1_165' title='bbox 1623 3078 1626 3086; x_wconf 89' lang='lat'><em>.</em></span> 
     </span>
     <span class='ocr_line' id='line_1_22' title="bbox 205 3105 1512 3206; baseline -0.004 -24"><span class='ocrx_word' id='word_1_166' title='bbox 205 3115 348 3203; x_wconf 87' lang='lat' dir='ltr'><strong>imeret,</strong></span> <span class='ocrx_word' id='word_1_167' title='bbox 374 3133 439 3181; x_wconf 89' lang='lat' dir='ltr'><strong>nec</strong></span> <span class='ocrx_word' id='word_1_168' title='bbox 452 3107 593 3196; x_wconf 73' lang='lat' dir='ltr'><strong>:talibus</strong></span> <span class='ocrx_word' id='word_1_169' title='bbox 612 3108 759 3182; x_wconf 88' lang='lat' dir='ltr'><strong>ulterius</strong></span> <span class='ocrx_word' id='word_1_170' title='bbox 782 3107 955 3181; x_wconf 88' lang='lat' dir='ltr'><strong>cubiculis</strong></span> <span class='ocrx_word' id='word_1_171' title='bbox 971 3108 1163 3206; x_wconf 85' lang='lat' dir='ltr'><strong>majestatis</strong></span> <span class='ocrx_word' id='word_1_172' title='bbox 1178 3132 1253 3181; x_wconf 85' lang='lat' dir='ltr'><strong>suae</strong></span> <span class='ocrx_word' id='word_1_173' title='bbox 1264 3109 1422 3206; x_wconf 84' lang='lat' dir='ltr'><strong>vigorem</strong></span> <span class='ocrx_word' id='word_1_174' title='bbox 1439 3105 1512 3178; x_wconf 86' lang='lat' dir='ltr'><strong>ab·</strong></span> 
     </span>
     <span class='ocr_line' id='line_1_23' title="bbox 206 3230 1512 3332; baseline -0.005 -26"><span class='ocrx_word' id='word_1_175' title='bbox 206 3247 382 3323; x_wconf 87' lang='lat' dir='ltr'><strong>sumeret,</strong></span> <span class='ocrx_word' id='word_1_176' title='bbox 407 3230 576 3316; x_wconf 86' lang='lat' dir='ltr'><strong>Gutham,</strong></span> <span class='ocrx_word' id='word_1_177' title='bbox 601 3232 736 3304; x_wconf 80' lang='lat' dir='ltr'><strong>Stetico</strong></span> <span class='ocrx_word' id='word_1_178' title='bbox 760 3257 845 3331; x_wconf 81' lang='lat' dir='ltr'><strong>rege</strong></span> <span class='ocrx_word' id='word_1_179' title='bbox 867 3233 1058 3332; x_wconf 81' lang='lat' dir='ltr'><strong>genita1n⁶,</strong></span> <span class='ocrx_word' id='word_1_180' title='bbox 1088 3232 1257 3332; x_wconf 83' lang='lat' dir='ltr'><strong>sangvine</strong></span> <span class='ocrx_word' id='word_1_181' title='bbox 1283 3231 1512 3329; x_wconf 86' lang='lat' dir='ltr'><strong>conjunctam</strong></span> 
     </span>
    </p>
   </div>
   <div class='ocr_carea' id='block_1_5' title="bbox 108 3515 1526 4984">
    <p class='ocr_par' dir='ltr' id='par_1_5' title="bbox 108 3515 1526 4984">
     <span class='ocr_line' id='line_1_24' title="bbox 207 3515 1512 3602; baseline -0.002 -22"><span class='ocrx_word' id='word_1_182' title='bbox 207 3535 266 3602; x_wconf 83' lang='lat' dir='ltr'><strong>que</strong></span> <span class='ocrx_word' id='word_1_183' title='bbox 292 3517 461 3580; x_wconf 82' lang='lat' dir='ltr'><strong>seueritatis</strong></span> <span class='ocrx_word' id='word_1_184' title='bbox 483 3519 548 3597; x_wconf 89' lang='lat' dir='ltr'><strong>ejus</strong></span> <span class='ocrx_word' id='word_1_185' title='bbox 577 3535 673 3602; x_wconf 83' lang='lat' dir='ltr'><strong>neque</strong></span> <span class='ocrx_word' id='word_1_186' title='bbox 689 3517 837 3579; x_wconf 88' lang='lat' dir='ltr'><strong>scelerum</strong></span> <span class='ocrx_word' id='word_1_187' title='bbox 892 3515 986 3597; x_wconf 83' lang='lat' dir='ltr'><strong>iubat]</strong></span> <span class='ocrx_word' id='word_1_188' title='bbox 1015 3515 1121 3581; x_wconf 80' lang='lat' dir='ltr'><strong>Adam.</strong></span> <span class='ocrx_word' id='word_1_189' title='bbox 1137 3522 1293 3580; x_wconf 87' lang='lat' dir='ltr'><strong>Bremens.</strong></span> <span class='ocrx_word' id='word_1_190' title='bbox 1318 3515 1425 3581; x_wconf 75' lang='lat' dir='ltr'><strong>libll&#39;</strong></span> <span class='ocrx_word' id='word_1_191' title='bbox 1447 3537 1512 3601; x_wconf 86' lang='lat' dir='ltr'><strong>cap.</strong></span> 
     </span>
     <span class='ocr_line' id='line_1_25' title="bbox 209 3619 1515 3710; baseline 0 -26"><span class='ocrx_word' id='word_1_192' title='bbox 209 3625 345 3708; x_wconf 76' lang='lat' dir='ltr'><strong>exempla</strong></span> <span class='ocrx_word' id='word_1_193' title='bbox 360 3623 468 3686; x_wconf 82' lang='lat' dir='ltr'><strong>desum</strong></span> <span class='ocrx_word' id='word_1_194' title='bbox 479 3621 573 3703; x_wconf 74' lang='lat' dir='ltr'><strong>(nist.</strong></span> <span class='ocrx_word' id='word_1_195' title='bbox 590 3643 652 3706; x_wconf 79' lang='lat' dir='ltr'><strong>reg.</strong></span> <span class='ocrx_word' id='word_1_196' title='bbox 664 3625 756 3686; x_wconf 73' lang='lat' dir='ltr'><strong>Nost.</strong></span> <span class='ocrx_word' id='word_1_197' title='bbox 773 3623 835 3685; x_wconf 80' lang='lat' dir='ltr'><strong>vol.</strong></span> <span class='ocrx_word' id='word_1_198' title='bbox 891 3619 939 3685; x_wconf 78' lang='lat'><strong>162</strong></span> <span class='ocrx_word' id='word_1_199' title='bbox 959 3625 1031 3686; x_wconf 86' lang='lat' dir='ltr'><strong>Cum</strong></span> <span class='ocrx_word' id='word_1_200' title='bbox 1041 3625 1138 3685; x_wconf 82' lang='lat' dir='ltr'><strong>rtrultis</strong></span> <span class='ocrx_word' id='word_1_201' title='bbox 1149 3627 1271 3710; x_wconf 79' lang='lat' dir='ltr'><strong>polleret</strong></span> <span class='ocrx_word' id='word_1_202' title='bbox 1285 3627 1453 3696; x_wconf 73' lang='lat' dir='ltr'><strong>virtutibus,</strong></span> <span class='ocrx_word' id='word_1_203' title='bbox 1467 3651 1515 3686; x_wconf 83' lang='lat' dir='ltr'><strong>so·</strong></span> 
     </span>
     <span class='ocr_line' id='line_1_26' title="bbox 209 3723 1228 3814; baseline 0 -23"><span class='ocrx_word' id='word_1_204' title='bbox 209 3731 249 3791; x_wconf 91' lang='lat' dir='ltr'><strong>lil</strong></span> <span class='ocrx_word' id='word_1_205' title='bbox 262 3751 291 3814; x_wconf 90' lang='lat' dir='ltr'><strong>p.</strong></span> <span class='ocrx_word' id='word_1_206' title='bbox 311 3727 380 3807; x_wconf 83' lang='lat'>100,</span> <span class='ocrx_word' id='word_1_207' title='bbox 403 3727 472 3808; x_wconf 77' lang='lat' dir='ltr'><strong>lffl,</strong></span> <span class='ocrx_word' id='word_1_208' title='bbox 494 3723 564 3806; x_wconf 67' lang='lat' dir='ltr'><strong>ill,</strong></span> <span class='ocrx_word' id='word_1_209' title='bbox 580 3729 640 3792; x_wconf 80' lang='lat' dir='ltr'><strong>vol.</strong></span> <span class='ocrx_word' id='word_1_210' title='bbox 658 3731 700 3795; x_wconf 85' lang='lat' dir='ltr'><strong>Vl</strong></span> <span class='ocrx_word' id='word_1_211' title='bbox 714 3751 744 3812; x_wconf 85' lang='lat' dir='ltr'><strong>p.</strong></span> <span class='ocrx_word' id='word_1_212' title='bbox 760 3725 833 3810; x_wconf 75' lang='lat'><strong>325,</strong></span> <span class='ocrx_word' id='word_1_213' title='bbox 888 3733 919 3792; x_wconf 77' lang='lat' dir='ltr'><strong>lo</strong></span> <span class='ocrx_word' id='word_1_214' title='bbox 932 3735 1086 3814; x_wconf 72' lang='lat' dir='ltr'><strong>agrotavit</strong></span> <span class='ocrx_word' id='word_1_215' title='bbox 1099 3731 1228 3791; x_wconf 49' lang='lat' dir='ltr'><strong>¹Irtuun&#39;o.</strong></span> 
     </span>
     <span class='ocr_line' id='line_1_27' title="bbox 208 3831 1516 3922; baseline -0.002 -22"><span class='ocrx_word' id='word_1_216' title='bbox 208 3834 458 3918; x_wconf 72' lang='lat' dir='ltr'><strong>Sagsbibliotbelr</strong></span> <span class='ocrx_word' id='word_1_217' title='bbox 475 3836 535 3900; x_wconf 87' lang='lat' dir='ltr'><strong>rol.</strong></span> <span class='ocrx_word' id='word_1_218' title='bbox 546 3833 568 3898; x_wconf 88' lang='grc'>3</span> <span class='ocrx_word' id='word_1_219' title='bbox 581 3857 612 3919; x_wconf 86' lang='lat' dir='ltr'><strong>p.</strong></span> <span class='ocrx_word' id='word_1_220' title='bbox 625 3831 688 3910; x_wconf 77' lang='lat'><strong>356</strong></span> <span class='ocrx_word' id='word_1_221' title='bbox 700 3837 798 3920; x_wconf 83' lang='lat' dir='ltr'><strong>sequ.)</strong></span> <span class='ocrx_word' id='word_1_222' title='bbox 933 3837 1123 3922; x_wconf 71' lang='lat' dir='ltr'><strong>*Complures</strong></span> <span class='ocrx_word' id='word_1_223' title='bbox 1141 3837 1337 3920; x_wconf 60' lang='lat' dir='ltr'><strong>expetibilia</strong></span> <span class='ocrx_word' id='word_1_224' title='bbox 1349 3838 1436 3918; x_wconf 77' lang='lat' dir='ltr'><strong>filios</strong></span> <span class='ocrx_word' id='word_1_225' title='bbox 1452 3861 1516 3898; x_wconf 79' lang='lat' dir='ltr'><strong>sus·</strong></span> 
     </span>
     <span class='ocr_line' id='line_1_28' title="bbox 259 3939 1515 4030; baseline 0.002 -26"><span class='ocrx_word' id='word_1_226' title='bbox 259 3945 480 4028; x_wconf 59' lang='lat' dir='ltr'><strong>&#39;Prospertorrlr</strong></span> <span class='ocrx_word' id='word_1_227' title='bbox 488 3943 624 4026; x_wconf 76' lang='lat' dir='ltr'><strong>sortasse</strong></span> <span class='ocrx_word' id='word_1_228' title='bbox 640 3943 781 4024; x_wconf 72' lang='lat' dir='ltr'><strong>gradibus</strong></span> <span class='ocrx_word' id='word_1_229' title='bbox 795 3947 839 4003; x_wconf 81' lang='lat' dir='ltr'><strong>irt-</strong></span> <span class='ocrx_word' id='word_1_230' title='bbox 892 3939 972 4020; x_wconf 79' lang='lat' dir='ltr'><strong>tulit]</strong></span> <span class='ocrx_word' id='word_1_231' title='bbox 999 3939 1235 4030; x_wconf 82' lang='lat' dir='ltr'><strong>Queluordeclm</strong></span> <span class='ocrx_word' id='word_1_232' title='bbox 1264 3941 1341 4004; x_wconf 81' lang='lat' dir='ltr'><strong>lilios</strong></span> <span class='ocrx_word' id='word_1_233' title='bbox 1368 3942 1515 4006; x_wconf 76' lang='lat' dir='ltr'><strong>Stenonls</strong></span> 
     </span>
     <span class='ocr_line' id='line_1_29' title="bbox 210 4043 1515 4132; baseline 0.002 -24"><span class='ocrx_word' id='word_1_234' title='bbox 210 4043 342 4127; x_wconf 60' lang='lat' dir='ltr'><strong>eabbae]</strong></span> <span class='ocrx_word' id='word_1_235' title='bbox 362 4049 431 4108; x_wconf 85' lang='lat' dir='ltr'><strong>Hoc</strong></span> <span class='ocrx_word' id='word_1_236' title='bbox 444 4051 521 4112; x_wconf 85' lang='lat' dir='ltr'><strong>Saxo</strong></span> <span class='ocrx_word' id='word_1_237' title='bbox 540 4069 575 4110; x_wconf 84' lang='lat' dir='ltr'><strong>ex</strong></span> <span class='ocrx_word' id='word_1_238' title='bbox 588 4069 639 4110; x_wconf 89' lang='lat' dir='ltr'><strong>sua</strong></span> <span class='ocrx_word' id='word_1_239' title='bbox 649 4048 771 4132; x_wconf 85' lang='lat' dir='ltr'><strong>scripsit</strong></span> <span class='ocrx_word' id='word_1_240' title='bbox 786 4047 838 4130; x_wconf 80' lang='lat' dir='ltr'><strong>by·</strong></span> <span class='ocrx_word' id='word_1_241' title='bbox 892 4059 1028 4109; x_wconf 87' lang='lat' dir='ltr'><strong>recenset</strong></span> <span class='ocrx_word' id='word_1_242' title='bbox 1040 4059 1129 4109; x_wconf 84' lang='lat' dir='ltr'><strong>autor</strong></span> <span class='ocrx_word' id='word_1_243' title='bbox 1139 4045 1275 4111; x_wconf 75' lang='lat' dir='ltr'><strong>historin</strong></span> <span class='ocrx_word' id='word_1_244' title='bbox 1282 4047 1515 4130; x_wconf 77' lang='lat' dir='ltr'><strong>linytliogorttm</strong></span> 
     </span>
     <span class='ocr_line' id='line_1_30' title="bbox 209 4151 1516 4238; baseline 0.003 -25"><span class='ocrx_word' id='word_1_245' title='bbox 209 4151 343 4234; x_wconf 82' lang='lat' dir='ltr'><strong>potbesi.</strong></span> <span class='ocrx_word' id='word_1_246' title='bbox 382 4153 450 4216; x_wconf 79' lang='lat' dir='ltr'><strong>dam</strong></span> <span class='ocrx_word' id='word_1_247' title='bbox 464 4173 554 4236; x_wconf 83' lang='lat' dir='ltr'><strong>supra</strong></span> <span class='ocrx_word' id='word_1_248' title='bbox 575 4151 755 4229; x_wconf 85' lang='lat' dir='ltr'><strong>monuimus,</strong></span> <span class='ocrx_word' id='word_1_249' title='bbox 768 4167 838 4217; x_wconf 88' lang='lat' dir='ltr'><strong>ante</strong></span> <span class='ocrx_word' id='word_1_250' title='bbox 893 4173 959 4237; x_wconf 82' lang='lat' dir='ltr'><strong>cop.</strong></span> <span class='ocrx_word' id='word_1_251' title='bbox 980 4151 1022 4216; x_wconf 72' lang='lat'><strong>23</strong></span> <span class='ocrx_word' id='word_1_252' title='bbox 1041 4153 1313 4237; x_wconf 79' lang='lat' dir='ltr'><strong>(Fornmannasdg.</strong></span> <span class='ocrx_word' id='word_1_253' title='bbox 1338 4156 1397 4216; x_wconf 83' lang='lat' dir='ltr'><strong>tol.</strong></span> <span class='ocrx_word' id='word_1_254' title='bbox 1416 4157 1458 4218; x_wconf 80' lang='lat' dir='ltr'><strong>Xl</strong></span> <span class='ocrx_word' id='word_1_255' title='bbox 1486 4179 1516 4238; x_wconf 91' lang='lat' dir='ltr'><strong>p.</strong></span> 
     </span>
     <span class='ocr_line' id='line_1_31' title="bbox 108 4255 1517 4342; baseline 0.004 -23"><span class='ocrx_word' id='word_1_256' title='bbox 108 4283 112 4290; x_wconf 90' lang='lat'><em>·</em></span> <span class='ocrx_word' id='word_1_257' title='bbox 211 4255 436 4341; x_wconf 82' lang='lat' dir='ltr'><strong>expeditionem</strong></span> <span class='ocrx_word' id='word_1_258' title='bbox 453 4258 612 4341; x_wconf 75' lang='lat' dir='ltr'><strong>Anglicam</strong></span> <span class='ocrx_word' id='word_1_259' title='bbox 633 4278 737 4342; x_wconf 88' lang='lat' dir='ltr'><strong>pacem</strong></span> <span class='ocrx_word' id='word_1_260' title='bbox 758 4259 840 4321; x_wconf 90' lang='lat' dir='ltr'><strong>iuter</strong></span> <span class='ocrx_word' id='word_1_261' title='bbox 892 4256 978 4334; x_wconf 72' lang='lat' dir='ltr'><strong>tlt).</strong></span> <span class='ocrx_word' id='word_1_262' title='bbox 1026 4260 1126 4321; x_wconf 86' lang='lat' dir='ltr'><strong>Sveno</strong></span> <span class='ocrx_word' id='word_1_263' title='bbox 1148 4261 1283 4342; x_wconf 79' lang='lat' dir='ltr'><strong>Aggoais</strong></span> <span class='ocrx_word' id='word_1_264' title='bbox 1312 4259 1378 4324; x_wconf 81' lang='lat' dir='ltr'><strong>brec</strong></span> <span class='ocrx_word' id='word_1_265' title='bbox 1409 4261 1517 4326; x_wconf 82' lang='lat' dir='ltr'><strong>scribit</strong></span> 
     </span>
     <span class='ocr_line' id='line_1_32' title="bbox 211 4361 1518 4450; baseline 0.005 -25"><span class='ocrx_word' id='word_1_266' title='bbox 211 4362 381 4426; x_wconf 73' lang='lat' dir='ltr'><strong>ltuutdum</strong></span> <span class='ocrx_word' id='word_1_267' title='bbox 392 4375 423 4426; x_wconf 83' lang='lat' dir='ltr'><strong>et</strong></span> <span class='ocrx_word' id='word_1_268' title='bbox 434 4365 606 4428; x_wconf 84' lang='lat' dir='ltr'><strong>Stenonem</strong></span> <span class='ocrx_word' id='word_1_269' title='bbox 624 4361 714 4426; x_wconf 83' lang='lat' dir='ltr'><strong>luisse</strong></span> <span class='ocrx_word' id='word_1_270' title='bbox 726 4363 841 4431; x_wconf 82' lang='lat' dir='ltr'><strong>initam.</strong></span> <span class='ocrx_word' id='word_1_271' title='bbox 896 4363 1022 4449; x_wconf 87' lang='lat' dir='ltr'><strong>(Script.</strong></span> <span class='ocrx_word' id='word_1_272' title='bbox 1036 4385 1095 4426; x_wconf 87' lang='lat' dir='ltr'><strong>rer.</strong></span> <span class='ocrx_word' id='word_1_273' title='bbox 1108 4367 1185 4430; x_wconf 87' lang='lat' dir='ltr'><strong>Dan.</strong></span> <span class='ocrx_word' id='word_1_274' title='bbox 1201 4366 1261 4428; x_wconf 82' lang='lat' dir='ltr'><strong>rol.</strong></span> <span class='ocrx_word' id='word_1_275' title='bbox 1276 4369 1289 4429; x_wconf 96' lang='lat'><em>1</em></span> <span class='ocrx_word' id='word_1_276' title='bbox 1302 4363 1409 4450; x_wconf 78' lang='lat' dir='ltr'><strong>p.56)t</strong></span> <span class='ocrx_word' id='word_1_277' title='bbox 1429 4373 1518 4432; x_wconf 77' lang='lat' dir='ltr'><strong>Hunc</strong></span> 
     </span>
     <span class='ocr_line' id='line_1_33' title="bbox 259 4469 1526 4558; baseline 0.005 -24"><span class='ocrx_word' id='word_1_278' title='bbox 259 4469 467 4554; x_wconf 71' lang='lat' dir='ltr'><strong>²Crotott‘sque</strong></span> <span class='ocrx_word' id='word_1_279' title='bbox 493 4473 684 4533; x_wconf 68' lang='lat' dir='ltr'><strong>bumosdotr&#39;s</strong></span> <span class='ocrx_word' id='word_1_280' title='bbox 705 4474 840 4556; x_wconf 78' lang='lat' dir='ltr'><strong>pertibus</strong></span> <span class='ocrx_word' id='word_1_281' title='bbox 896 4473 1526 4558; x_wconf 61' lang='lat' dir='ltr'><strong>regumpatremturbonomt&#39;nout&#39;tagrestis„</strong></span> 
     </span>
     <span class='ocr_line' id='line_1_34' title="bbox 206 4573 1523 4668; baseline 0.004 -31"><span class='ocrx_word' id='word_1_282' title='bbox 206 4578 439 4665; x_wconf 57' lang='lat' dir='ltr'><strong>perfectissimus</strong></span> <span class='ocrx_word' id='word_1_283' title='bbox 452 4573 617 4656; x_wconf 77' lang='lat' dir='ltr'><strong>haberetur]</strong></span> <span class='ocrx_word' id='word_1_284' title='bbox 626 4579 658 4638; x_wconf 84' lang='lat' dir='ltr'><strong>ln</strong></span> <span class='ocrx_word' id='word_1_285' title='bbox 677 4575 840 4638; x_wconf 72' lang='lat' dir='ltr'><strong>hboesre-</strong></span> <span class='ocrx_word' id='word_1_286' title='bbox 893 4578 1018 4660; x_wconf 84' lang='lat' dir='ltr'><strong>eoquod</strong></span> <span class='ocrx_word' id='word_1_287' title='bbox 1035 4599 1186 4641; x_wconf 79' lang='lat' dir='ltr'><strong>narrrerose</strong></span> <span class='ocrx_word' id='word_1_288' title='bbox 1203 4582 1333 4662; x_wconf 72' lang='lat' dir='ltr'><strong>filiorum</strong></span> <span class='ocrx_word' id='word_1_289' title='bbox 1342 4586 1428 4668; x_wconf 82' lang='lat' dir='ltr'><strong>prole</strong></span> <span class='ocrx_word' id='word_1_290' title='bbox 1440 4586 1523 4648; x_wconf 81' lang='lat' dir='ltr'><strong>uber·</strong></span> 
     </span>
     <span class='ocr_line' id='line_1_35' title="bbox 211 4680 1520 4770; baseline 0.002 -24"><span class='ocrx_word' id='word_1_291' title='bbox 211 4681 304 4746; x_wconf 79' lang='lat' dir='ltr'><strong>nouis</strong></span> <span class='ocrx_word' id='word_1_292' title='bbox 323 4680 462 4745; x_wconf 81' lang='lat' dir='ltr'><strong>laudibus</strong></span> <span class='ocrx_word' id='word_1_293' title='bbox 486 4681 593 4746; x_wconf 82' lang='lat' dir='ltr'><strong>islaudi</strong></span> <span class='ocrx_word' id='word_1_294' title='bbox 616 4683 740 4746; x_wconf 88' lang='lat' dir='ltr'><strong>omnino</strong></span> <span class='ocrx_word' id='word_1_295' title='bbox 765 4703 838 4746; x_wconf 91' lang='lat' dir='ltr'><strong>con·</strong></span> <span class='ocrx_word' id='word_1_296' title='bbox 895 4688 983 4744; x_wconf 70' lang='lat' dir='ltr'><strong>riorus</strong></span> <span class='ocrx_word' id='word_1_297' title='bbox 1002 4688 1167 4756; x_wconf 56' lang='lat' dir='ltr'><strong>resederim·</strong></span> <span class='ocrx_word' id='word_1_298' title='bbox 1185 4690 1261 4746; x_wconf 72' lang='lat' dir='ltr'><strong>tuter</strong></span> <span class='ocrx_word' id='word_1_299' title='bbox 1278 4709 1349 4770; x_wconf 78' lang='lat' dir='ltr'><strong>quos</strong></span> <span class='ocrx_word' id='word_1_300' title='bbox 1364 4695 1520 4754; x_wconf 66' lang='grc' dir='ltr'><strong>ειιωιωίκ</strong></span> 
     </span>
     <span class='ocr_line' id='line_1_36' title="bbox 212 4787 1456 4876; baseline 0.002 -22"><span class='ocrx_word' id='word_1_301' title='bbox 212 4791 348 4854; x_wconf 71' lang='lat' dir='ltr'><strong>tendunt</strong></span> <span class='ocrx_word' id='word_1_302' title='bbox 357 4788 435 4868; x_wconf 78' lang='lat' dir='ltr'><strong>(sid.</strong></span> <span class='ocrx_word' id='word_1_303' title='bbox 445 4789 677 4873; x_wconf 73' lang='lat' dir='ltr'><strong>ilnytliugastga</strong></span> <span class='ocrx_word' id='word_1_304' title='bbox 691 4809 758 4876; x_wconf 82' lang='lat' dir='ltr'><strong>etp.</strong></span> <span class='ocrx_word' id='word_1_305' title='bbox 771 4787 838 4868; x_wconf 70' lang='lat'><strong>23).</strong></span> <span class='ocrx_word' id='word_1_306' title='bbox 892 4791 1015 4870; x_wconf 81' lang='lat' dir='ltr'><strong>quiaque</strong></span> <span class='ocrx_word' id='word_1_307' title='bbox 1029 4791 1267 4875; x_wconf 71' lang='lat' dir='ltr'><strong>regiosulsoruat</strong></span> <span class='ocrx_word' id='word_1_308' title='bbox 1282 4793 1456 4856; x_wconf 58' lang='lat' dir='ltr'><strong>debrientur.</strong></span> 
     </span>
     <span class='ocr_line' id='line_1_37' title="bbox 259 4897 1519 4984; baseline 0.003 -24"><span class='ocrx_word' id='word_1_309' title='bbox 259 4899 350 4960; x_wconf 77' lang='lat' dir='ltr'><strong>&#39;Sola</strong></span> <span class='ocrx_word' id='word_1_310' title='bbox 363 4899 491 4960; x_wconf 72' lang='lat' dir='ltr'><strong>tatr&#39;dim&#39;s</strong></span> <span class='ocrx_word' id='word_1_311' title='bbox 506 4901 728 4984; x_wconf 72' lang='lat' dir='ltr'><strong>intemperentia</strong></span> <span class='ocrx_word' id='word_1_312' title='bbox 740 4918 837 4958; x_wconf 84' lang='lat' dir='ltr'><strong>moert·</strong></span> <span class='ocrx_word' id='word_1_313' title='bbox 938 4897 1081 4960; x_wconf 71' lang='lat' dir='ltr'><strong>‘Galam</strong></span> <span class='ocrx_word' id='word_1_314' title='bbox 1088 4900 1202 4962; x_wconf 65' lang='lat' dir='ltr'><strong>Sacrae</strong></span> <span class='ocrx_word' id='word_1_315' title='bbox 1219 4922 1287 4984; x_wconf 66' lang='lat' dir='ltr'><strong>rege</strong></span> <span class='ocrx_word' id='word_1_316' title='bbox 1299 4899 1445 4984; x_wconf 65' lang='lat' dir='ltr'><strong>genetore]</strong></span> <span class='ocrx_word' id='word_1_317' title='bbox 1458 4901 1519 4964; x_wconf 71' lang='lat' dir='ltr'><strong>Att-</strong></span> 
     </span>
    </p>
   </div>
   <div class='ocr_carea' id='block_1_6' title="bbox 0 0 1824 5466">
    <p class='ocr_par' dir='ltr' id='par_1_6' title="bbox 0 0 1824 5466">
     <span class='ocr_line' id='line_1_38' title="bbox 0 0 1824 5466; baseline 0 0"><span class='ocrx_word' id='word_1_318' title='bbox 0 0 1824 5466; x_wconf 95' lang='lat' dir='ltr'><strong> </strong></span> 
     </span>
    </p>
   </div>
  </div>
 </body>
</html>
