3524 5460
519 326 667 402 svuuo
684 327 740 402 ur.
798 313 1005 402 casurus
1021 327 1063 402 v.
1322 297 1395 402 uos

141 535 362 613 miratoribus
380 535 576 630 exhiberet,
599 535 752 612 cultiore
771 561 908 636 pompa
927 541 1118 612 instructus
1134 536 1342 613 mandatum
1357 563 1446 614 exe-

9 745 10 761 ,
140 663 264 759 quitur.
320 664 395 736 Nee
413 685 543 762 parum
560 657 685 760 glorias
706 655 807 759 apud
828 661 966 734 curiam
991 657 1253 759 magnificentia
1277 659 1447 736 clientelae

141 782 389 884 et‘appa'rams
412 783 648 858 ostentatione
675 787 866 876 contraxit,
905 783 1086 883 totiusque
1116 787 1153 856 iu
1182 809 1224 858 se
1246 779 1446 862 Ger-anias

140 905 264 980 oculos
288 906 338 983 ob
360 907 495 980 rimatis
514 904 783 980 admirationem
800 907 984 980 convertit
1049 905 1305 1006 Mersburgnm
1334 909 1446 1008 oppia

8 1066 9 1074 κ
140 1027 234 1122 duur,
255 1027 488 1104 'l'beutouicae
503 1027 698 1104 nobilitatis
718 1025 918 1126 frequentia
933 1026 1165 1126 completum,
1182 1029 1372 1130 ingressus,
1398 1029 1447 1103 ab

7 1229 9 1250 ι
139 1150 348 1249 imperatore
371 1153 528 1251 primum
558 1167 766 1228 veneranter
786 1147 953 1241 babitus,
984 1173 1068 1222 mox
1091 1153 1190 1224 vario
1212 1153 1448 1226 accusationis
1569 1208 1573 1216 .

139 1283 264 1372 genere
284 1289 440 1368 rexatus,
455 1274 636 1374 disparem
653 1276 838 1376 promissis
851 1269 962 1346 fidem
978 1289 1144 1372 expertus
1159 1291 1222 1348 est.
1291 1277 1356 1348 Cui
1375 1272 1447 1348 de·

138 1419 232 1470 mum
255 1395 472 1473 conditiones
491 1397 744 1500 hujuscemodi
769 1397 1022 1497 proferuntur,
1048 1412 1088 1470 ut
1110 1398 1335 1496 imperatoris
1358 1397 1446 1496 ipse,

138 1519 212 1617 ejus
228 1545 315 1594 vero
331 1522 502 1612 Canntus,
527 1525 723 1597 renuntiata
747 1527 847 1621 regni
866 1517 1097 1610 affectatione,
1124 1518 1269 1592 militem
1291 1523 1447 1620 ageret¹,

138 1639 295 1714 beneficii
310 1644 393 1740 jure
417 1642 631 1719 Sialandiam
653 1660 876 1742 recepturus.
935 1637 1078 1740 Alioqui
1103 1643 1327 1740 imperatoris
1352 1645 1447 1717 uires

138 1765 273 1837 Canuto
290 1762 452 1839 obtentui
466 1765 562 1858 lore,
592 1765 869 1865 expeditamque
888 1791 971 1840 cum
993 1787 1038 1838 eo
1063 1789 1211 1838 manum
1235 1763 1271 1836 in
1294 1767 1447 1838 Dauiam

136 1907 211 1958 esse
232 1885 449 1978 mittendam,
474 1913 558 1989 quae
574 1885 633 1962 vel
648 1889 821 1962 Sveuonls
836 1903 1075 1987 praecurreret
1101 1887 1253 1962 reditum
1279 1885 1336 1960 vel
1351 1911 1447 1962 con-

135 2005 248 2081 festim
261 2007 490 2108 impugnaret
505 2008 711 2086 adventum.
758 2009 890 2102 Saeuo,
903 2011 940 2081 in
954 2033 994 2082 re
1008 2025 1082 2082 tam
1097 2011 1199 2084 anaia
1224 2023 1286 2083 aut
1299 2009 1448 2108 pericli-

135 2128 285 2203 tandum
302 2127 372 2204 sibi
396 2147 458 2206 aut
481 2129 685 2231 parendum
700 2131 780 2206 fore
795 2155 1030 2231 cognosceus,
1053 2127 1217 2204 simulata
1232 2131 1447 2226 assensione,
1572 2127 1574 2130 ’

133 2269 281 2352 paterna
298 2251 408 2347 bona,
432 2255 567 2355 quibus
588 2255 625 2328 in
640 2251 818 2329 Sialandia
835 2252 1061 2342 abundabat,
1092 2253 1264 2353 tunquam
1278 2253 1447 2361 peculia-

132 2381 185 2451 ria
199 2401 221 2450 a
237 2375 449 2454 conditionis
464 2393 587 2452 tenore
602 2377 770 2480 sublegit,
791 2399 841 2451 uc
856 2373 1035 2453 violandae
1048 2379 1223 2476 pactionis
1240 2379 1357 2452 omnis
1371 2375 1446 2450 do-

132 2501 182 2574 mi
207 2499 349 2574 deesset
375 2504 525 2574 oc'casio.
585 2500 693 2597 Quod
717 2507 804 2603 quia
831 2503 1045 2574 Germanico
1071 2500 1144 2598 juri
1165 2499 1339 2572 familiare
1361 2515 1447 2586 erat,

132 2622 292 2699 admissu
304 2620 405 2696 facile
420 2619 495 2694 luit.
547 2625 587 2696 In
600 2621 673 2698 boc
690 2628 861 2718 Canutus,
878 2623 971 2722 pacti
989 2646 1119 2721 parum
1137 2619 1314 2714 credulus,
1340 2623 1444 2696 Wal-

132 2745 333 2838 demarum,
359 2744 520 2843 quicum
536 2747 698 2820 Svenonc
712 2745 853 2842 aderat,
889 2769 1103 2846 sponsorem
1127 2741 1308 2845 efflagitat,
1331 2745 1446 2846 fidem

131 2873 214 2972 ejus
236 2870 546 2971 integritatemque
561 2869 772 2946 tutissimum
789 2896 911 2946 rerum
925 2893 1072 2945 suarum
1092 2869 1221 2967 pignus
1239 2867 1447 2943 existimaus.

130 2997 259 3092 Neque
280 2997 376 3068 enim
398 2989 505 3064 alium
527 3015 568 3066 err
595 2996 697 3093 regio
720 2989 994 3094 comitatu⁸pari
1016 2991 1211 3066 constantia
1231 3014 1303 3089 pro
1320 2993 1448 3090 'capite

130 3139 200 3190 sno
233 3112 485 3188 excubitorum
508 3117 658 3212 putavit.
723 3115 798 3211 llle,
820 3115 1053 3192 Svenonianae
1073 3109 1236 3212 perfidiae
1268 3105 1446 3202 eobscius,
1555 3159 1556 3164 =

132 3262 218 3310 eum
233 3261 366 3312 vanarn
381 3260 424 3310 ac
441 3235 616 3310 lubricam
634 3240 899 3340 compositionis
921 3235 1032 3311 fidem
1051 3235 1271 3326 adverteret,
1295 3259 1341 3308 ne
1354 3233 1447 3308 alie-

131 3383 217 3432 nam
234 3359 271 3432 iu
287 3383 326 3434 se
348 3358 470 3434 labem
492 3360 649 3436 recidere
665 3379 864 3461 pateretur,
885 3359 1115 3459 sponsionem
1134 3357 1349 3458 pertinacius
1372 3353 1447 3431 ab·
1510 3357 1520 3396 ·’

130 3483 221 3556 nuit.
277 3481 451 3576 Tandem,
475 3509 561 3584 rege
581 3483 839 3584 compellente,
873 3489 933 3560 vix
957 3498 1066 3581 atque
1088 3505 1183 3581 aegre
1204 3479 1448 3554 vadimonium

129 3601 231 3697 dixit,
256 3605 439 3704 praelatus,
459 3629 509 3698 se,
536 3611 564 3681 si
581 3605 697 3682 Sveno
719 3624 864 3706 pactum
876 3619 1144 3706 perrumperet,
1177 3607 1304 3677 Canuti
1329 3606 1448 3702 parti-

130 3724 206 3800 bus
230 3703 471 3804 accessurum.
526 3727 682 3803 Probata
711 3731 892 3830 utrimque
921 3724 1131 3816 conditione,
1162 3721 1361 3799 discessum
1385 3738 1448 3800 est.
1519 3789 1524 3804 .

130 3849 316 3924 Reversus
330 3851 365 3923 in
380 3875 532 3950 regnum
549 3853 686 3942 Srcno,
717 3847 837 3951 deque
860 3851 991 3927 aemulo
1022 3853 1189 3923 comitem
1207 3865 1349 3939 nactus,
1381 3870 1446 3919 re-

129 3973 253 4046 missis
268 3999 289 4046 e
304 3975 452 4074 vestigio
469 3971 610 4068 litteris,
641 3973 751 4047 fidem
769 3973 918 4049 Caesaris
940 3987 1066 4070 aperta
1088 3969 1224 4044 fraudis
1242 3967 1447 4068 exprobra-

128 4095 232 4168 tione
254 4093 455 4190 damnavit,
489 4101 664 4196 initasque
689 4123 772 4170 cum
793 4121 838 4171 eo
864 4092 1048 4195 pactiones
1069 4093 1235 4192 obsequii
1260 4091 1448 4191 negatione
1575 4195 1579 4208 Ι

125 4360 185 4424 nit
208 4379 278 4424 cum
300 4361 425 4446 ingenio
451 4363 618 4444 suenonis,
655 4365 762 4450 quiin
867 4365 931 4428 ¹Ut
951 4365 1135 4450 imperatoris
1155 4364 1218 4446 epse
1236 4361 1353 4423 rttilt'tem
1376 4383 1448 4446 oge-

125 4463 257 4550 agendo
269 4467 386 4546 acrior,
408 4467 440 4532 in
455 4467 546 4532 rebus
562 4467 764 4554 dijudicandis
808 4467 880 4560 Iret]
906 4465 991 4532 Cuir.
1020 4465 1176 4530 llelmold.
1203 4467 1223 4528 l.
1253 4483 1278 4528 c.
1306 4485 1372 4551 cap.
1397 4463 1446 4530 73„

123 4569 213 4636 satia
226 4583 342 4652 acutus,
360 4575 471 4661 sepias
491 4575 697 4662 precipitavit
715 4577 763 4660 ju·
822 4573 1026 4639 ceremonias
1038 4571 1115 4638 Otto
1132 4571 1335 4657 dlisiogensls
1352 4571 1447 4635 iasine

122 4680 253 4750 diduco
273 4695 306 4746 et
330 4701 417 4746 rano
435 4681 577 4768 gloriolae
595 4683 695 4750 studio
718 4681 764 4750 fa·
820 4675 926 4760 effert,
934 4699 1009 4764 qaas
1023 4692 1159 4746 nostrum
1175 4674 1447 4765 prateriisrebaud
1514 4687 1516 4692 ·

121 4809 221 4854 mam
235 4789 378 4875 captarit
823 4785 932 4852 mirum
948 4799 1002 4852 est.

1081 4919 1084 4925 ·
1154 4889 1252 4986 (⁴4⁵)
