3582 5466
310 375 315 387 ,
400 307 473 381 598
686 250 688 256 Ι
744 307 919 377 utstott.
936 307 1040 384 Dttt.
1057 308 1195 378 LIBER
1210 309 1284 378 Xll.

352 521 507 597 finitimis
531 530 625 606 erat,
656 531 694 588 ut
710 515 848 612 privata
876 520 1009 614 gentis,
1033 542 1104 592 non
1129 515 1272 616 publica
1290 533 1467 592 terrarum
1490 514 1578 590 ultio
1603 521 1663 590 ri·

264 684 268 693 ·
349 645 503 720 deretur.
556 644 646 733 Quae
669 651 741 712 tatu
759 637 837 712 dira
868 638 991 714 clades
1015 643 1219 714 convictum
1246 638 1372 737 populi
1394 640 1553 714 animum
1573 661 1663 713 sats-

345 772 500 845 ctitatem
518 762 681 851 Canuti¹,
705 784 815 859 quarn
837 775 937 836 antea
962 759 1234 853 detrectaverat,
1258 763 1358 836 fateri
1375 763 1512 859 coegit,
1543 757 1664 858 deque

345 887 565 967 celsitudinis
585 884 663 980 ejus
685 884 1245 982 contemptoribus-veneratores
1267 882 1391 959 effecit.
1469 885 1664 958 Sue-tarn

346 1009 492 1086 evidens
506 1025 627 1106 poeua,
643 1003 719 1080 aliis
732 1004 838 1103 fruge
856 1004 1137 1095 abundantibus,
1152 1007 1263 1080 Danis
1279 1007 1444 1104 privatim
1461 1010 1665 1106 ingruenti,

345 1149 378 1206 et
394 1127 652 1229 parricidarum
674 1151 804 1203 uotam
840 1145 875 1200 et
910 1136 1084 1226 perempti
1113 1131 1350 1204 innocentiam
1374 1126 1514 1228 liquido
1547 1151 1663 1226 argu·-

345 1269 499 1330 mentata
520 1267 584 1326 est.

477 1378 579 1449 Hanc
603 1387 740 1470 pestem
760 1374 879 1446 Sveno
900 1372 1095 1472 ponnfext,
1121 1376 1229 1472 cujus
1251 1397 1392 1448 summu
1417 1371 1518 1472 apud
1539 1375 1663 1448 Dauos

344 1501 536 1586 auctoritas
555 1510 646 1584 erat,'
665 1493 805 1592 populo
828 1496 1006 1594 parricidii
1028 1502 1203 1594 prenitere
1217 1501 1430 1594 permonito,
1447 1503 1664 1572 incessurum

343 1617 513 1722 predixit,
537 1685 540 1692 .
574 1618 717 1715 Quippe
734 1619 770 1690 in
788 1616 935 1717 plebem
957 1621 1051 1718 pius,
1075 1622 1110 1692 in
1132 1617 1242 1692 deum
1265 1616 1662 1712 venerabiliababeba-

344 1761 415 1834 tur,
440 1740 718 1840 religionemque
732 1747 917 1816 attentiore
935 1767 1034 1836 cura,
1060 1743 1250 1818 conciones
1266 1725 1519 1840 praestantiore
1527 1741 1662 1836 iacun-

345 1865 403 1940 dia
418 1863 635 1940 celebrabat
688 1866 738 1936 lta
753 1863 876 1936 latore
888 1867 1056 1938 omnium·
1069 1881 1256 1962 occupato,
1280 1889 1397 1938 arcem
1415 1867 1507 1938 inter
1519 1879 1663 1940 nosnos

344 1988 563 2064 auctoritatis
594 2000 702 2084 atque
727 1982 941 2081 eloquentiae
965 1985 1144 2086 fastigium
1179 1987 1396 2086 possidebat.
1463 1987 1663 2086 subjecto-

343 2135 426 2184 rum
441 2131 559 2184 mores
583 2131 655 2180 non
684 2105 803 2180 solum
824 2103 946 2200 dictis‚‘
961 2108 1025 2180 scd
1044 2105 1156 2182 etiam'
1174 2109 1406 2184 serenissimis
1431 2111 1662 2210 operamin-

344 2230 524 2314 fnrmabat
537 2228 720 2326 exemplis,
747 2254 812 2304 nec
829 2255 920 2304 voce
935 2256 1047 2329 quam
1062 2247 1178 2304 mente
1192 2235 1401 2308 concinnior
1422 2233 1498 2306 lud.
1550 2231 1665 2322 idem,

343 2353 503 2452 perlecta
511 2354 689 2426 Trinitatis
705 2351 795 2442 aede,
820 2352 1130 2428 in'extedificando
1150 2356 1230 2453 ejus
1246 2355 1384 2428 ambitu
1399 2358 1579 2430 Cantatum
1595 2381 1663 2428 re-

342 2475 459 2575 ligiosi
474 2481 594 2572 operis
620 2476 757 2548 socium
779 2472 915 2550 habuit.
978 2480 1052 2552 Nec
1074 2483 1247 2552 urinoreru
1272 2479 1308 2550 in
1323 2477 1524 2554 extruendis
1538 2479 1662 2552 Merite

344 2598 507 2678 sacrariis
522 2619 671 2694 operam
686 2601 802 2695 gessit.
854 2600 999 2695 Quippe
1014 2625 1129 2672 unum
1145 2601 1182 2672 in
1197 2599 1299 2687 urbe,
1324 2598 1474 2674 alterum
1488 2602 1663 2699 Rittgsta-

343 2719 433 2794 diis*
452 2719 552 2792 enixe
576 2717 740 2808 molitus,
766 2722 906 2794 tertium
923 2717 1089 2794 Michaeli
1109 2719 1310 2822 Slaglosioe⁵
1329 2721 1511 2798 coaddit
1547 2721 1662 2797 *Adeo

342 2865 382 2918 se
411 2858 618 2917 sanctorum
649 2841 883 2938 penetralium
911 2841 1081 2941 singulari
1117 2843 1215 2918 cultu
1251 2845 1404 2945 flagrare
1440 2847 1659 2950 monastravit.

342 2969 417 3041 Nec
433 2961 627 3038 domestica
648 2970 830 3038 saccuute
848 2980 1042 3054 contentus,
1070 2981 1304 3065 augmentum
1324 2971 1404 3066 ejus
1427 2966 1512 3044 loris
1527 2983 1662 3066 petere,

343 3101 487 3184 arrepto
505 3086 757 3186 peregrinandi
779 3085 915 3177 labore,
941 3091 1128 3166 coustituit.
1190 3093 1355 3188 Cumque
1370 3085 1663 3196 Hierosolymam

342 3207 573 3309 proficiscens
589 3211 800 3307 Byzantium
821 3212 1057 3308 pervenisset,
1088 3229 1266 3298 contracta
1288 3214 1377 3287 varii
1390 3213 1529 3312 generis
1544 3237 1664 3286 orna-

342 3347 461 3406 menta
481 3356 566 3408 cum
582 3355 765 3406 sacrorum
781 3337 940 3406 cinerum
953 3329 1109 3431 reliquiis
1126 3337 1161 3408 in
1187 3339 1404 3412 necessarios
1424 3359 1511 3410 usus
1526 3331 1664 3408 dorne-

343 3455 419 3532 stici
434 3451 558 3554 templi
574 3453 785 3530 remittenda
800 3457 948 3530 curavit.
1010 3455 1078 3529 Sed
1096 3461 1202 3558 cujus
1225 3463 1362 3536 Graecia
1377 3464 1546 3558 pietatem
1561 3457 1662 3552 vidit,

389 3798 604 3859 'Senectutem
627 3793 750 3872 Canuti]
774 3795 881 3880 Stepb.
901 3816 971 3880 per·
1027 3797 1119 3860 belm.
1133 3796 1326 3862 lllalmesbur.
1344 3799 1666 3888 dcgcatisreg.tlngl.

339 3901 509 3986 rpicuitatia
526 3901 624 3986 gratia
642 3901 674 3962 in
690 3922 743 3964 sua
763 3899 836 3965 edit.
854 3889 970 3964 addidit
1026 3902 1078 3966 lib.
1094 3907 1133 3966 lll
1151 3927 1182 3990 p.
1194 3899 1248 3983 62)
1273 3917 1303 3968 et
1325 3909 1355 3968 in
1381 3905 1542 3970 Germania
1566 3905 1662 3984 (Ber-

341 4011 464 4081 Canuti,
482 4005 565 4094 quod
584 4007 669 4069 abeat
684 4007 715 4070 in
729 4005 776 4070 ed.
796 4030 844 4092 pr.
1026 4007 1103 4073 told.
1111 4011 1267 4073 Constant.
1283 4007 1423 4095 potatu
1432 4014 1539 4078 Uratit.
1550 4014 1665 4098 script.

386 4119 487 4178 ²Attts
499 4115 598 4200 fruge
622 4114 850 4185 abundantibus,
874 4115 971 4176 Dacis
1026 4135 1085 4178 rer.
1100 4117 1264 4197 Gerasam).

339 4324 434 4388 sertio
457 4345 537 4404 reta,
560 4337 709 4412 quatenus
735 4323 783 4386 bis
807 4324 892 4387 annis
916 4345 968 4387 ne·
1026 4325 1095 4392 dem
1115 4326 1182 4392 fere
1202 4331 1240 4394 de
1259 4331 1401 4394 Svenone
1421 4344 1587 4406 narrantur
1618 4335 1662 4398 ab

244 4506 250 4525 Ι
340 4451 400 4516 que
420 4417 555 4518 Ncrregi
576 4451 679 4528 neque¹
696 4429 786 4496 Sreci
809 4427 847 4492 de
869 4431 969 4516 grati·
1024 4436 1185 4518 Anonymo
1198 4435 1393 4502 Roaltildeusi
1408 4439 1469 4503 rol.
1481 4442 1495 4504 l
1507 4436 1625 4524 pota.

340 4548 403 4601 tate
418 4557 551 4632 anatome¹
566 4537 726 4622 conquesti
740 4550 819 4600 runt.
860 4535 921 4620 Sed
937 4539 969 4602 in
1070 4541 1302 4626 ⁴Rr'ngstadr'r's]
1334 4547 1369 4608 ln
1395 4544 1442 4610 ed.
1465 4567 1516 4630 pr.
1543 4547 1665 4632 legitur
1768 4543 1769 4584 l

339 4641 445 4708 cedern
464 4639 583 4726 epocha
601 4643 735 4726 querclae
756 4641 795 4706 de
807 4644 970 4708 sterilitate
1025 4649 1229 4730 thrgstr'erdr‘s.

339 4761 432 4812 terras
446 4760 476 4810 et
490 4743 527 4808 dc
543 4745 726 4832 intemperie
734 4748 811 4814 aeris
820 4763 851 4814 et
861 4751 894 4814 in
907 4752 970 4814 An·
1076 4757 1241 4820 ‘Michaeli
1253 4755 1421 4844 Slcglcsr‘oe]
1443 4757 1502 4826 Ed.
1529 4781 1578 4846 pr.
1604 4760 1667 4828 lta·

337 4851 971 4950 glir(Chrcn.Saxon.p.1dl‚196‚Wil·
1025 4855 1093 4920 bct:
1115 4863 1246 4928 ΜῐσΙιαιΙ
1256 4867 1409 4951 Slagiasoe.
1529 4905 1532 4910 ,

1768 3201 1769 3234 t

1768 3289 1769 3340 l

337 4225 477 4306 prmctim
499 4215 652 4306 ingruens]
678 4221 811 4280 Eatenus
835 4217 902 4280 hcc
925 4241 970 4282 as·
1072 4227 1183 4294 ?chc
1194 4241 1307 4312 pestem
1324 4228 1418 4288 Scene
1427 4225 1585 4314 pontefex]
1598 4230 1663 4292 Ea.

1768 4611 1769 4686 l

1768 4913 1769 4964 l

1768 5321 1769 5368 l

1768 5381 1769 5439 l
