<?xml version="1.0" encoding="UTF-8"?>
<!DOCTYPE html PUBLIC "-//W3C//DTD XHTML 1.0 Transitional//EN"
    "http://www.w3.org/TR/xhtml1/DTD/xhtml1-transitional.dtd">
<html xmlns="http://www.w3.org/1999/xhtml" xml:lang="en" lang="en">
 <head>
  <title>
</title>
<meta http-equiv="Content-Type" content="text/html;charset=utf-8" />
  <meta name='ocr-system' content='tesseract 3.04.00' />
  <meta name='ocr-capabilities' content='ocr_page ocr_carea ocr_par ocr_line ocrx_word'/>
</head>
<body>
  <div class='ocr_page' id='page_1' title='image "./historiadanica01velsgoog_0287.png"; bbox 0 0 3508 5460; ppageno 0'>
   <div class='ocr_carea' id='block_1_1' title="bbox 372 304 1262 381">
    <p class='ocr_par' dir='ltr' id='par_1_1' title="bbox 372 304 1262 381">
     <span class='ocr_line' id='line_1_1' title="bbox 372 304 1262 381; baseline -0.001 0"><span class='ocrx_word' id='word_1_1' title='bbox 372 304 450 381; x_wconf 73' lang='lat'>824</span> <span class='ocrx_word' id='word_1_2' title='bbox 700 311 875 380; x_wconf 84' lang='lat' dir='ltr'>ttts&#39;rott.</span> <span class='ocrx_word' id='word_1_3' title='bbox 894 309 999 380; x_wconf 80' lang='grc' dir='ltr'><strong>ΒΑΝ.</strong></span> <span class='ocrx_word' id='word_1_4' title='bbox 1019 311 1156 380; x_wconf 85' lang='lat' dir='ltr'>LIBER</span> <span class='ocrx_word' id='word_1_5' title='bbox 1172 309 1262 380; x_wconf 91' lang='lat' dir='ltr'>XlV.</span> 
     </span>
    </p>
   </div>
   <div class='ocr_carea' id='block_1_2' title="bbox 323 513 1640 2086">
    <p class='ocr_par' dir='ltr' id='par_1_2' title="bbox 323 513 1640 2086">
     <span class='ocr_line' id='line_1_2' title="bbox 325 513 1635 611; baseline 0.002 -27"><span class='ocrx_word' id='word_1_6' title='bbox 325 515 476 585; x_wconf 80' lang='lat' dir='ltr'>vinitatis</span> <span class='ocrx_word' id='word_1_7' title='bbox 500 515 646 611; x_wconf 85' lang='lat' dir='ltr'>insignia</span> <span class='ocrx_word' id='word_1_8' title='bbox 673 515 889 588; x_wconf 87' lang='lat' dir='ltr'>visebantur.</span> <span class='ocrx_word' id='word_1_9' title='bbox 949 519 1113 606; x_wconf 85' lang='lat' dir='ltr'>Quorum</span> <span class='ocrx_word' id='word_1_10' title='bbox 1137 513 1408 588; x_wconf 78' lang='lat' dir='ltr'>admirationem</span> <span class='ocrx_word' id='word_1_11' title='bbox 1433 517 1635 610; x_wconf 79' lang='lat' dir='ltr'>conspicuae</span> 
     </span>
     <span class='ocr_line' id='line_1_3' title="bbox 326 633 1635 736; baseline 0.002 -32"><span class='ocrx_word' id='word_1_12' title='bbox 326 633 532 732; x_wconf 77' lang='lat' dir='ltr'>granditatis</span> <span class='ocrx_word' id='word_1_13' title='bbox 551 635 642 709; x_wconf 88' lang='lat' dir='ltr'>ensis</span> <span class='ocrx_word' id='word_1_14' title='bbox 659 637 828 735; x_wconf 80' lang='lat' dir='ltr'>augebat,</span> <span class='ocrx_word' id='word_1_15' title='bbox 854 639 959 735; x_wconf 89' lang='lat' dir='ltr'>cujus</span> <span class='ocrx_word' id='word_1_16' title='bbox 977 640 1142 736; x_wconf 78' lang='lat' dir='ltr'><strong>vaginam</strong></span> <span class='ocrx_word' id='word_1_17' title='bbox 1159 663 1201 712; x_wconf 92' lang='lat' dir='ltr'>ac</span> <span class='ocrx_word' id='word_1_18' title='bbox 1216 636 1398 736; x_wconf 89' lang='lat' dir='ltr'>capulum,</span> <span class='ocrx_word' id='word_1_19' title='bbox 1422 651 1557 734; x_wconf 75' lang='lat' dir='ltr'>praeter</span> <span class='ocrx_word' id='word_1_20' title='bbox 1570 659 1635 708; x_wconf 90' lang='lat' dir='ltr'>ex-</span> 
     </span>
     <span class='ocr_line' id='line_1_4' title="bbox 325 757 1636 859; baseline 0.002 -29"><span class='ocrx_word' id='word_1_21' title='bbox 325 757 510 830; x_wconf 92' lang='lat' dir='ltr'>cellentem</span> <span class='ocrx_word' id='word_1_22' title='bbox 528 757 704 830; x_wconf 87' lang='lat' dir='ltr'>caelaturae</span> <span class='ocrx_word' id='word_1_23' title='bbox 719 757 898 852; x_wconf 81' lang='lat' dir='ltr'>decorem,</span> <span class='ocrx_word' id='word_1_24' title='bbox 923 765 1073 832; x_wconf 76' lang='lat' dir='ltr'>exterior</span> <span class='ocrx_word' id='word_1_25' title='bbox 1088 763 1226 859; x_wconf 77' lang='lat' dir='ltr'>argenti</span> <span class='ocrx_word' id='word_1_26' title='bbox 1243 761 1379 859; x_wconf 87' lang='lat' dir='ltr'>species</span> <span class='ocrx_word' id='word_1_27' title='bbox 1397 757 1636 834; x_wconf 89' lang='lat' dir='ltr'>commenda-</span> 
     </span>
     <span class='ocr_line' id='line_1_5' title="bbox 326 877 1637 980; baseline 0.002 -30"><span class='ocrx_word' id='word_1_28' title='bbox 326 880 397 951; x_wconf 88' lang='lat' dir='ltr'>bat.</span> <span class='ocrx_word' id='word_1_29' title='bbox 451 877 611 951; x_wconf 87' lang='lat' dir='ltr'>Solennis</span> <span class='ocrx_word' id='word_1_30' title='bbox 628 880 744 952; x_wconf 89' lang='lat' dir='ltr'>eidem</span> <span class='ocrx_word' id='word_1_31' title='bbox 762 880 876 956; x_wconf 86' lang='lat' dir='ltr'>cultus</span> <span class='ocrx_word' id='word_1_32' title='bbox 892 879 962 954; x_wconf 88' lang='lat' dir='ltr'>hoc</span> <span class='ocrx_word' id='word_1_33' title='bbox 973 879 1097 954; x_wconf 83' lang='lat' dir='ltr'>ordine</span> <span class='ocrx_word' id='word_1_34' title='bbox 1112 881 1349 980; x_wconf 83' lang='lat' dir='ltr'>pendebatur.</span> <span class='ocrx_word' id='word_1_35' title='bbox 1391 881 1508 955; x_wconf 91' lang='lat' dir='ltr'>Semel</span> <span class='ocrx_word' id='word_1_36' title='bbox 1525 897 1637 980; x_wconf 88' lang='lat' dir='ltr'>quot-</span> 
     </span>
     <span class='ocr_line' id='line_1_6' title="bbox 327 1000 1638 1103; baseline 0.002 -29"><span class='ocrx_word' id='word_1_37' title='bbox 327 1001 444 1092; x_wconf 82' lang='lat' dir='ltr'>annis,</span> <span class='ocrx_word' id='word_1_38' title='bbox 479 1018 562 1098; x_wconf 94' lang='lat' dir='ltr'>post</span> <span class='ocrx_word' id='word_1_39' title='bbox 582 1000 689 1076; x_wconf 88' lang='lat' dir='ltr'>lectas</span> <span class='ocrx_word' id='word_1_40' title='bbox 706 1003 836 1102; x_wconf 82' lang='lat' dir='ltr'>fruges,</span> <span class='ocrx_word' id='word_1_41' title='bbox 862 1007 1066 1103; x_wconf 91' lang='lat' dir='ltr'>promiscua</span> <span class='ocrx_word' id='word_1_42' title='bbox 1083 1008 1187 1079; x_wconf 89' lang='lat' dir='ltr'>totius</span> <span class='ocrx_word' id='word_1_43' title='bbox 1202 1005 1328 1078; x_wconf 72' lang='lat' dir='ltr'>insulae</span> <span class='ocrx_word' id='word_1_44' title='bbox 1344 1004 1545 1103; x_wconf 88' lang='lat' dir='ltr'>frequentia</span> <span class='ocrx_word' id='word_1_45' title='bbox 1562 1022 1638 1077; x_wconf 88' lang='lat' dir='ltr'>ante</span> 
     </span>
     <span class='ocr_line' id='line_1_7' title="bbox 328 1123 1637 1227; baseline 0.002 -31"><span class='ocrx_word' id='word_1_46' title='bbox 328 1123 442 1197; x_wconf 81' lang='lat' dir='ltr'>aedem</span> <span class='ocrx_word' id='word_1_47' title='bbox 462 1123 650 1217; x_wconf 82' lang='lat' dir='ltr'>simulacri,</span> <span class='ocrx_word' id='word_1_48' title='bbox 676 1126 777 1202; x_wconf 90' lang='lat' dir='ltr'>litatis</span> <span class='ocrx_word' id='word_1_49' title='bbox 797 1127 979 1227; x_wconf 89' lang='lat' dir='ltr'>pecudum</span> <span class='ocrx_word' id='word_1_50' title='bbox 995 1125 1130 1217; x_wconf 89' lang='lat' dir='ltr'>hostiis,</span> <span class='ocrx_word' id='word_1_51' title='bbox 1155 1127 1303 1202; x_wconf 85' lang='lat' dir='ltr'>solenne</span> <span class='ocrx_word' id='word_1_52' title='bbox 1322 1125 1473 1226; x_wconf 91' lang='lat' dir='ltr'>epulum</span> <span class='ocrx_word' id='word_1_53' title='bbox 1488 1125 1637 1226; x_wconf 86' lang='lat' dir='ltr'>religio-</span> 
     </span>
     <span class='ocr_line' id='line_1_8' title="bbox 323 1242 1638 1348; baseline -0.002 -26"><span class='ocrx_word' id='word_1_54' title='bbox 323 1251 382 1322; x_wconf 91' lang='lat' dir='ltr'>nis</span> <span class='ocrx_word' id='word_1_55' title='bbox 398 1253 542 1320; x_wconf 87' lang='lat' dir='ltr'>nomine</span> <span class='ocrx_word' id='word_1_56' title='bbox 559 1247 777 1323; x_wconf 88' lang='lat' dir='ltr'>celebrabat.</span> <span class='ocrx_word' id='word_1_57' title='bbox 829 1252 947 1348; x_wconf 87' lang='lat' dir='ltr'>Hujus</span> <span class='ocrx_word' id='word_1_58' title='bbox 965 1247 1146 1340; x_wconf 82' lang='lat' dir='ltr'>sacerdos,</span> <span class='ocrx_word' id='word_1_59' title='bbox 1173 1267 1303 1348; x_wconf 88' lang='lat' dir='ltr'>praeter</span> <span class='ocrx_word' id='word_1_60' title='bbox 1321 1242 1552 1324; x_wconf 84' lang='lat' dir='ltr'>communem</span> <span class='ocrx_word' id='word_1_61' title='bbox 1570 1273 1638 1348; x_wconf 86' lang='lat' dir='ltr'>pa-</span> 
     </span>
     <span class='ocr_line' id='line_1_9' title="bbox 327 1369 1639 1472; baseline 0.001 -30"><span class='ocrx_word' id='word_1_62' title='bbox 327 1372 403 1442; x_wconf 88' lang='lat' dir='ltr'>triae</span> <span class='ocrx_word' id='word_1_63' title='bbox 426 1373 531 1442; x_wconf 91' lang='lat' dir='ltr'>ritum</span> <span class='ocrx_word' id='word_1_64' title='bbox 558 1371 684 1445; x_wconf 81' lang='lat' dir='ltr'>barbae</span> <span class='ocrx_word' id='word_1_65' title='bbox 715 1399 904 1472; x_wconf 75' lang='lat' dir='ltr'>comaeque</span> <span class='ocrx_word' id='word_1_66' title='bbox 924 1371 1122 1471; x_wconf 82' lang='lat' dir='ltr'>prolixitate</span> <span class='ocrx_word' id='word_1_67' title='bbox 1140 1371 1371 1472; x_wconf 87' lang='lat' dir='ltr'>spectandus,</span> <span class='ocrx_word' id='word_1_68' title='bbox 1397 1369 1513 1470; x_wconf 87' lang='lat' dir='ltr'>pridie</span> <span class='ocrx_word' id='word_1_69' title='bbox 1533 1395 1639 1470; x_wconf 87' lang='lat' dir='ltr'>quam</span> 
     </span>
     <span class='ocr_line' id='line_1_10' title="bbox 328 1491 1638 1594; baseline 0.005 -29"><span class='ocrx_word' id='word_1_70' title='bbox 328 1519 403 1566; x_wconf 92' lang='lat' dir='ltr'>rem</span> <span class='ocrx_word' id='word_1_71' title='bbox 424 1491 582 1565; x_wconf 90' lang='lat' dir='ltr'>divinam</span> <span class='ocrx_word' id='word_1_72' title='bbox 604 1493 722 1567; x_wconf 86' lang='lat' dir='ltr'>facere</span> <span class='ocrx_word' id='word_1_73' title='bbox 737 1493 936 1588; x_wconf 88' lang='lat' dir='ltr'>debuisset,</span> <span class='ocrx_word' id='word_1_74' title='bbox 962 1493 1144 1584; x_wconf 91' lang='lat' dir='ltr'>sacellum,</span> <span class='ocrx_word' id='word_1_75' title='bbox 1159 1494 1260 1594; x_wconf 92' lang='lat' dir='ltr'>quod</span> <span class='ocrx_word' id='word_1_76' title='bbox 1282 1498 1314 1568; x_wconf 92' lang='lat' dir='ltr'>ei</span> <span class='ocrx_word' id='word_1_77' title='bbox 1331 1493 1398 1570; x_wconf 89' lang='lat' dir='ltr'>soli</span> <span class='ocrx_word' id='word_1_78' title='bbox 1418 1495 1574 1570; x_wconf 86' lang='lat' dir='ltr'>intrandi</span> <span class='ocrx_word' id='word_1_79' title='bbox 1590 1496 1638 1572; x_wconf 86' lang='lat' dir='ltr'>fas</span> 
     </span>
     <span class='ocr_line' id='line_1_11' title="bbox 327 1615 1640 1718; baseline 0.002 -29"><span class='ocrx_word' id='word_1_80' title='bbox 327 1637 420 1710; x_wconf 87' lang='lat' dir='ltr'>erat,</span> <span class='ocrx_word' id='word_1_81' title='bbox 445 1615 606 1690; x_wconf 88' lang='lat' dir='ltr'>adhibito</span> <span class='ocrx_word' id='word_1_82' title='bbox 629 1640 821 1716; x_wconf 89' lang='lat' dir='ltr'>scoparum</span> <span class='ocrx_word' id='word_1_83' title='bbox 838 1643 915 1702; x_wconf 83' lang='lat' dir='ltr'>usu,</span> <span class='ocrx_word' id='word_1_84' title='bbox 936 1617 1203 1716; x_wconf 85' lang='lat' dir='ltr'>diligentissime</span> <span class='ocrx_word' id='word_1_85' title='bbox 1216 1643 1374 1718; x_wconf 85' lang='lat' dir='ltr'>purgare</span> <span class='ocrx_word' id='word_1_86' title='bbox 1391 1617 1545 1710; x_wconf 89' lang='lat' dir='ltr'>solebat,</span> <span class='ocrx_word' id='word_1_87' title='bbox 1570 1619 1640 1692; x_wconf 94' lang='lat' dir='ltr'>ob-</span> 
     </span>
     <span class='ocr_line' id='line_1_12' title="bbox 330 1737 1639 1840; baseline 0.002 -27"><span class='ocrx_word' id='word_1_88' title='bbox 330 1757 493 1832; x_wconf 88' lang='lat' dir='ltr'>servato,</span> <span class='ocrx_word' id='word_1_89' title='bbox 518 1767 565 1814; x_wconf 91' lang='lat' dir='ltr'>ne</span> <span class='ocrx_word' id='word_1_90' title='bbox 590 1743 679 1814; x_wconf 87' lang='lat' dir='ltr'>intra</span> <span class='ocrx_word' id='word_1_91' title='bbox 706 1741 820 1814; x_wconf 90' lang='lat' dir='ltr'>aedem</span> <span class='ocrx_word' id='word_1_92' title='bbox 844 1739 994 1812; x_wconf 89' lang='lat' dir='ltr'>halitum</span> <span class='ocrx_word' id='word_1_93' title='bbox 1020 1737 1200 1833; x_wconf 87' lang='lat' dir='ltr'>funderet;</span> <span class='ocrx_word' id='word_1_94' title='bbox 1230 1765 1307 1839; x_wconf 90' lang='lat' dir='ltr'>quo</span> <span class='ocrx_word' id='word_1_95' title='bbox 1337 1743 1476 1840; x_wconf 87' lang='lat' dir='ltr'>quoties</span> <span class='ocrx_word' id='word_1_96' title='bbox 1509 1766 1639 1840; x_wconf 88' lang='lat' dir='ltr'>capes-</span> 
     </span>
     <span class='ocr_line' id='line_1_13' title="bbox 331 1860 1640 1965; baseline 0.002 -29"><span class='ocrx_word' id='word_1_97' title='bbox 331 1862 445 1937; x_wconf 92' lang='lat' dir='ltr'>sendo</span> <span class='ocrx_word' id='word_1_98' title='bbox 460 1865 517 1938; x_wconf 91' lang='lat' dir='ltr'>vel</span> <span class='ocrx_word' id='word_1_99' title='bbox 536 1865 729 1939; x_wconf 87' lang='lat' dir='ltr'>emittendo</span> <span class='ocrx_word' id='word_1_100' title='bbox 746 1887 841 1965; x_wconf 92' lang='lat' dir='ltr'>opus</span> <span class='ocrx_word' id='word_1_101' title='bbox 857 1861 1025 1952; x_wconf 86' lang='lat' dir='ltr'>habehat,</span> <span class='ocrx_word' id='word_1_102' title='bbox 1051 1867 1153 1936; x_wconf 90' lang='lat' dir='ltr'>toties</span> <span class='ocrx_word' id='word_1_103' title='bbox 1170 1860 1216 1934; x_wconf 90' lang='lat' dir='ltr'>ad</span> <span class='ocrx_word' id='word_1_104' title='bbox 1234 1864 1380 1962; x_wconf 87' lang='lat' dir='ltr'>januam</span> <span class='ocrx_word' id='word_1_105' title='bbox 1397 1865 1640 1962; x_wconf 85' lang='lat' dir='ltr'>procurrebat,</span> 
     </span>
     <span class='ocr_line' id='line_1_14' title="bbox 330 1985 1639 2086; baseline 0.003 -30"><span class='ocrx_word' id='word_1_106' title='bbox 330 2011 375 2058; x_wconf 90' lang='lat' dir='ltr'>ne</span> <span class='ocrx_word' id='word_1_107' title='bbox 395 1985 557 2060; x_wconf 84' lang='lat' dir='ltr'>videlicet</span> <span class='ocrx_word' id='word_1_108' title='bbox 578 1987 635 2060; x_wconf 92' lang='lat' dir='ltr'>dei</span> <span class='ocrx_word' id='word_1_109' title='bbox 659 1994 847 2085; x_wconf 89' lang='lat' dir='ltr'>praesentia</span> <span class='ocrx_word' id='word_1_110' title='bbox 871 1985 1029 2058; x_wconf 91' lang='lat' dir='ltr'>mortalis</span> <span class='ocrx_word' id='word_1_111' title='bbox 1052 1987 1195 2082; x_wconf 86' lang='lat' dir='ltr'>spiritus</span> <span class='ocrx_word' id='word_1_112' title='bbox 1222 1987 1387 2086; x_wconf 84' lang='lat' dir='ltr'>contagio</span> <span class='ocrx_word' id='word_1_113' title='bbox 1411 1985 1639 2084; x_wconf 87' lang='lat' dir='ltr'>pollueretur.</span> 
     </span>
    </p>
   </div>
   <div class='ocr_carea' id='block_1_3' title="bbox 160 2106 1640 2212">
    <p class='ocr_par' dir='ltr' id='par_1_3' title="bbox 160 2106 1640 2212">
     <span class='ocr_line' id='line_1_15' title="bbox 160 2106 1640 2212; baseline 0.002 -31"><span class='ocrx_word' id='word_1_114' title='bbox 160 2149 166 2159; x_wconf 68' lang='lat'>.</span> <span class='ocrx_word' id='word_1_115' title='bbox 225 2183 229 2196; x_wconf 65' lang='grc'><strong>,</strong></span> <span class='ocrx_word' id='word_1_116' title='bbox 331 2113 478 2212; x_wconf 56' lang='lat' dir='ltr'>postero</span> <span class='ocrx_word' id='word_1_117' title='bbox 500 2109 576 2199; x_wconf 86' lang='lat' dir='ltr'>die,</span> <span class='ocrx_word' id='word_1_118' title='bbox 611 2109 750 2207; x_wconf 92' lang='lat' dir='ltr'>populo</span> <span class='ocrx_word' id='word_1_119' title='bbox 773 2134 849 2208; x_wconf 88' lang='lat' dir='ltr'>prae</span> <span class='ocrx_word' id='word_1_120' title='bbox 874 2107 1012 2182; x_wconf 82' lang='lat' dir='ltr'>foribus</span> <span class='ocrx_word' id='word_1_121' title='bbox 1030 2108 1240 2192; x_wconf 84' lang='lat' dir='ltr'>excubante,</span> <span class='ocrx_word' id='word_1_122' title='bbox 1266 2106 1466 2182; x_wconf 88' lang='lat' dir='ltr'>detractum</span> <span class='ocrx_word' id='word_1_123' title='bbox 1490 2111 1640 2184; x_wconf 87' lang='lat' dir='ltr'>simula·-</span> 
     </span>
    </p>
   </div>
   <div class='ocr_carea' id='block_1_4' title="bbox 233 2229 1641 4424">
    <p class='ocr_par' dir='ltr' id='par_1_4' title="bbox 233 2229 1641 4424">
     <span class='ocr_line' id='line_1_16' title="bbox 333 2229 1640 2332; baseline 0.002 -27"><span class='ocrx_word' id='word_1_124' title='bbox 333 2258 395 2306; x_wconf 89' lang='lat' dir='ltr'>oro</span> <span class='ocrx_word' id='word_1_125' title='bbox 414 2234 588 2332; x_wconf 89' lang='lat' dir='ltr'>poculum</span> <span class='ocrx_word' id='word_1_126' title='bbox 606 2235 781 2306; x_wconf 89' lang='lat' dir='ltr'>curiosius</span> <span class='ocrx_word' id='word_1_127' title='bbox 798 2229 1013 2329; x_wconf 87' lang='lat' dir='ltr'>speculatus,</span> <span class='ocrx_word' id='word_1_128' title='bbox 1038 2239 1067 2304; x_wconf 91' lang='lat' dir='ltr'>si</span> <span class='ocrx_word' id='word_1_129' title='bbox 1087 2231 1176 2330; x_wconf 91' lang='lat' dir='ltr'>quid</span> <span class='ocrx_word' id='word_1_130' title='bbox 1192 2255 1235 2303; x_wconf 90' lang='lat' dir='ltr'>ex</span> <span class='ocrx_word' id='word_1_131' title='bbox 1251 2229 1351 2304; x_wconf 90' lang='lat' dir='ltr'>inditi</span> <span class='ocrx_word' id='word_1_132' title='bbox 1370 2230 1522 2332; x_wconf 86' lang='lat' dir='ltr'>liquoris</span> <span class='ocrx_word' id='word_1_133' title='bbox 1539 2260 1640 2308; x_wconf 89' lang='lat' dir='ltr'>men-</span> 
     </span>
     <span class='ocr_line' id='line_1_17' title="bbox 332 2353 1639 2456; baseline 0.002 -30"><span class='ocrx_word' id='word_1_134' title='bbox 332 2381 415 2427; x_wconf 86' lang='lat' dir='ltr'>sura</span> <span class='ocrx_word' id='word_1_135' title='bbox 431 2355 652 2429; x_wconf 87' lang='lat' dir='ltr'>subtractum</span> <span class='ocrx_word' id='word_1_136' title='bbox 673 2356 806 2446; x_wconf 85' lang='lat' dir='ltr'>suisset,</span> <span class='ocrx_word' id='word_1_137' title='bbox 833 2353 879 2426; x_wconf 93' lang='lat' dir='ltr'>ad</span> <span class='ocrx_word' id='word_1_138' title='bbox 895 2357 1075 2452; x_wconf 86' lang='lat' dir='ltr'>sequentis</span> <span class='ocrx_word' id='word_1_139' title='bbox 1091 2358 1173 2426; x_wconf 91' lang='lat' dir='ltr'>anni</span> <span class='ocrx_word' id='word_1_140' title='bbox 1194 2357 1354 2452; x_wconf 91' lang='lat' dir='ltr'>inopiam</span> <span class='ocrx_word' id='word_1_141' title='bbox 1374 2357 1553 2454; x_wconf 86' lang='lat' dir='ltr'>pertinere</span> <span class='ocrx_word' id='word_1_142' title='bbox 1569 2381 1639 2456; x_wconf 89' lang='lat' dir='ltr'>po-</span> 
     </span>
     <span class='ocr_line' id='line_1_18' title="bbox 331 2477 1640 2578; baseline 0.006 -31"><span class='ocrx_word' id='word_1_143' title='bbox 331 2477 439 2550; x_wconf 89' lang='lat' dir='ltr'>tabat.</span> <span class='ocrx_word' id='word_1_144' title='bbox 492 2481 573 2572; x_wconf 88' lang='lat' dir='ltr'>Quo</span> <span class='ocrx_word' id='word_1_145' title='bbox 592 2497 781 2573; x_wconf 90' lang='lat' dir='ltr'>annotato,</span> <span class='ocrx_word' id='word_1_146' title='bbox 815 2495 1007 2578; x_wconf 89' lang='lat' dir='ltr'>praesentes</span> <span class='ocrx_word' id='word_1_147' title='bbox 1024 2477 1146 2578; x_wconf 87' lang='lat' dir='ltr'>fruges</span> <span class='ocrx_word' id='word_1_148' title='bbox 1163 2483 1198 2548; x_wconf 94' lang='lat' dir='ltr'>in</span> <span class='ocrx_word' id='word_1_149' title='bbox 1216 2493 1401 2575; x_wconf 89' lang='lat' dir='ltr'>posterum</span> <span class='ocrx_word' id='word_1_150' title='bbox 1419 2493 1563 2578; x_wconf 89' lang='lat' dir='ltr'>tempus</span> <span class='ocrx_word' id='word_1_151' title='bbox 1583 2495 1640 2554; x_wconf 83' lang='lat' dir='ltr'>as&#39;-</span> 
     </span>
     <span class='ocr_line' id='line_1_19' title="bbox 333 2600 1638 2698; baseline 0.003 -28"><span class='ocrx_word' id='word_1_152' title='bbox 333 2607 467 2672; x_wconf 89' lang='lat' dir='ltr'>servari</span> <span class='ocrx_word' id='word_1_153' title='bbox 482 2601 644 2698; x_wconf 85' lang='lat' dir='ltr'>jubebat.</span> <span class='ocrx_word' id='word_1_154' title='bbox 698 2605 730 2674; x_wconf 90' lang='lat' dir='ltr'>Si</span> <span class='ocrx_word' id='word_1_155' title='bbox 748 2603 835 2676; x_wconf 91' lang='lat' dir='ltr'>nihil</span> <span class='ocrx_word' id='word_1_156' title='bbox 851 2628 893 2675; x_wconf 91' lang='lat' dir='ltr'>ex</span> <span class='ocrx_word' id='word_1_157' title='bbox 912 2619 1088 2676; x_wconf 88' lang='lat' dir='ltr'>consvetae</span> <span class='ocrx_word' id='word_1_158' title='bbox 1110 2600 1348 2674; x_wconf 82' lang='lat' dir='ltr'>foecundtutts</span> <span class='ocrx_word' id='word_1_159' title='bbox 1369 2601 1497 2675; x_wconf 89' lang='lat' dir='ltr'>habitu</span> <span class='ocrx_word' id='word_1_160' title='bbox 1524 2602 1638 2676; x_wconf 89' lang='lat' dir='ltr'>demi·</span> 
     </span>
     <span class='ocr_line' id='line_1_20' title="bbox 334 2723 1639 2826; baseline 0.004 -34"><span class='ocrx_word' id='word_1_161' title='bbox 334 2738 461 2796; x_wconf 92' lang='lat' dir='ltr'>nutum</span> <span class='ocrx_word' id='word_1_162' title='bbox 479 2723 644 2818; x_wconf 89' lang='lat' dir='ltr'>vidisset,</span> <span class='ocrx_word' id='word_1_163' title='bbox 670 2742 819 2799; x_wconf 87' lang='lat' dir='ltr'>ventura</span> <span class='ocrx_word' id='word_1_164' title='bbox 843 2751 1014 2826; x_wconf 86' lang='lat' dir='ltr'>agrorum</span> <span class='ocrx_word' id='word_1_165' title='bbox 1038 2723 1209 2796; x_wconf 86' lang='lat' dir='ltr'>ubertatis</span> <span class='ocrx_word' id='word_1_166' title='bbox 1231 2741 1397 2823; x_wconf 88' lang='lat' dir='ltr'>tempora</span> <span class='ocrx_word' id='word_1_167' title='bbox 1417 2725 1639 2824; x_wconf 78' lang='lat' dir='ltr'>praedicabat.</span> 
     </span>
     <span class='ocr_line' id='line_1_21' title="bbox 333 2845 1639 2947; baseline 0.001 -30"><span class='ocrx_word' id='word_1_168' title='bbox 333 2849 438 2918; x_wconf 87' lang='lat' dir='ltr'>Juxta</span> <span class='ocrx_word' id='word_1_169' title='bbox 460 2845 560 2944; x_wconf 92' lang='lat' dir='ltr'>quod</span> <span class='ocrx_word' id='word_1_170' title='bbox 586 2851 786 2947; x_wconf 91' lang='lat' dir='ltr'>auspicium</span> <span class='ocrx_word' id='word_1_171' title='bbox 828 2853 986 2932; x_wconf 84' lang='lat' dir='ltr'>instantis</span> <span class='ocrx_word' id='word_1_172' title='bbox 1019 2848 1101 2918; x_wconf 90' lang='lat' dir='ltr'>anni</span> <span class='ocrx_word' id='word_1_173' title='bbox 1118 2852 1231 2945; x_wconf 90' lang='lat' dir='ltr'>copiis</span> <span class='ocrx_word' id='word_1_174' title='bbox 1247 2873 1343 2920; x_wconf 85' lang='lat' dir='ltr'>nunc</span> <span class='ocrx_word' id='word_1_175' title='bbox 1362 2854 1527 2946; x_wconf 85' lang='lat' dir='ltr'>parcius,</span> <span class='ocrx_word' id='word_1_176' title='bbox 1553 2872 1639 2920; x_wconf 89' lang='lat' dir='ltr'>nunc</span> 
     </span>
     <span class='ocr_line' id='line_1_22' title="bbox 335 2967 1640 3072; baseline 0.002 -34"><span class='ocrx_word' id='word_1_177' title='bbox 335 2967 520 3064; x_wconf 77' lang='lat' dir='ltr'>profusius</span> <span class='ocrx_word' id='word_1_178' title='bbox 536 2970 705 3045; x_wconf 89' lang='lat' dir='ltr'>utendum</span> <span class='ocrx_word' id='word_1_179' title='bbox 723 2973 902 3046; x_wconf 84' lang='lat' dir='ltr'>monebat.</span> <span class='ocrx_word' id='word_1_180' title='bbox 955 2972 1073 3044; x_wconf 87' lang='lat' dir='ltr'>Veteri</span> <span class='ocrx_word' id='word_1_181' title='bbox 1087 2968 1214 3043; x_wconf 88' lang='lat' dir='ltr'>deinde</span> <span class='ocrx_word' id='word_1_182' title='bbox 1229 2996 1329 3043; x_wconf 90' lang='lat' dir='ltr'>mero</span> <span class='ocrx_word' id='word_1_183' title='bbox 1340 2970 1386 3043; x_wconf 94' lang='lat' dir='ltr'>ad</span> <span class='ocrx_word' id='word_1_184' title='bbox 1403 2969 1514 3072; x_wconf 88' lang='lat' dir='ltr'>pedes</span> <span class='ocrx_word' id='word_1_185' title='bbox 1530 2975 1640 3044; x_wconf 85' lang='lat' dir='ltr'>simu-</span> 
     </span>
     <span class='ocr_line' id='line_1_23' title="bbox 333 3086 1638 3191; baseline 0.003 -33"><span class='ocrx_word' id='word_1_186' title='bbox 333 3086 420 3160; x_wconf 90' lang='lat' dir='ltr'>lacri</span> <span class='ocrx_word' id='word_1_187' title='bbox 438 3088 622 3166; x_wconf 88' lang='lat' dir='ltr'>libamenti</span> <span class='ocrx_word' id='word_1_188' title='bbox 638 3101 779 3168; x_wconf 90' lang='lat' dir='ltr'>nomine</span> <span class='ocrx_word' id='word_1_189' title='bbox 796 3095 944 3184; x_wconf 85' lang='lat' dir='ltr'>deluso,</span> <span class='ocrx_word' id='word_1_190' title='bbox 969 3093 1215 3168; x_wconf 86' lang='lat' dir='ltr'>vacuefactum</span> <span class='ocrx_word' id='word_1_191' title='bbox 1234 3094 1408 3191; x_wconf 91' lang='lat' dir='ltr'>poculum</span> <span class='ocrx_word' id='word_1_192' title='bbox 1427 3096 1558 3166; x_wconf 90' lang='lat' dir='ltr'>recenti</span> <span class='ocrx_word' id='word_1_193' title='bbox 1573 3091 1638 3162; x_wconf 93' lang='lat' dir='ltr'>im-</span> 
     </span>
     <span class='ocr_line' id='line_1_24' title="bbox 335 3207 1638 3316; baseline 0.002 -36"><span class='ocrx_word' id='word_1_194' title='bbox 335 3207 434 3305; x_wconf 86' lang='lat' dir='ltr'>buit;</span> <span class='ocrx_word' id='word_1_195' title='bbox 458 3212 696 3315; x_wconf 90' lang='lat' dir='ltr'>simulatoque</span> <span class='ocrx_word' id='word_1_196' title='bbox 714 3218 930 3316; x_wconf 91' lang='lat' dir='ltr'>propinandi</span> <span class='ocrx_word' id='word_1_197' title='bbox 948 3217 1067 3291; x_wconf 88' lang='lat' dir='ltr'>officio</span> <span class='ocrx_word' id='word_1_198' title='bbox 1083 3233 1235 3291; x_wconf 87' lang='lat' dir='ltr'>statuam</span> <span class='ocrx_word' id='word_1_199' title='bbox 1252 3233 1451 3305; x_wconf 88' lang='lat' dir='ltr'>veneratus,</span> <span class='ocrx_word' id='word_1_200' title='bbox 1477 3231 1551 3290; x_wconf 88' lang='lat' dir='ltr'>tum</span> <span class='ocrx_word' id='word_1_201' title='bbox 1568 3213 1638 3302; x_wconf 89' lang='lat' dir='ltr'>sibi,</span> 
     </span>
     <span class='ocr_line' id='line_1_25' title="bbox 335 3339 1641 3439; baseline 0.003 -35"><span class='ocrx_word' id='word_1_202' title='bbox 335 3349 411 3404; x_wconf 90' lang='lat' dir='ltr'>tum</span> <span class='ocrx_word' id='word_1_203' title='bbox 428 3341 552 3432; x_wconf 77' lang='lat' dir='ltr'>patriae</span> <span class='ocrx_word' id='word_1_204' title='bbox 570 3339 667 3412; x_wconf 87' lang='lat' dir='ltr'>bona</span> <span class='ocrx_word' id='word_1_205' title='bbox 683 3340 894 3439; x_wconf 87' lang='lat' dir='ltr'>civibusque</span> <span class='ocrx_word' id='word_1_206' title='bbox 908 3366 1020 3438; x_wconf 92' lang='lat' dir='ltr'>opum</span> <span class='ocrx_word' id='word_1_207' title='bbox 1039 3365 1081 3412; x_wconf 92' lang='lat' dir='ltr'>ac</span> <span class='ocrx_word' id='word_1_208' title='bbox 1095 3341 1324 3412; x_wconf 87' lang='lat' dir='ltr'>victoriarum</span> <span class='ocrx_word' id='word_1_209' title='bbox 1347 3349 1560 3412; x_wconf 87' lang='lat' dir='ltr'>incrementa</span> <span class='ocrx_word' id='word_1_210' title='bbox 1580 3361 1641 3412; x_wconf 90' lang='lat' dir='ltr'>so-</span> 
     </span>
     <span class='ocr_line' id='line_1_26' title="bbox 334 3454 1641 3561; baseline 0.003 -35"><span class='ocrx_word' id='word_1_211' title='bbox 334 3454 495 3531; x_wconf 89' lang='lat' dir='ltr'>lennium</span> <span class='ocrx_word' id='word_1_212' title='bbox 521 3460 717 3535; x_wconf 87' lang='lat' dir='ltr'>verborum</span> <span class='ocrx_word' id='word_1_213' title='bbox 741 3466 1007 3561; x_wconf 87' lang='lat' dir='ltr'>nuncupatione</span> <span class='ocrx_word' id='word_1_214' title='bbox 1031 3463 1214 3560; x_wconf 90' lang='lat' dir='ltr'>poscebat.</span> <span class='ocrx_word' id='word_1_215' title='bbox 1267 3466 1347 3555; x_wconf 87' lang='lat' dir='ltr'>Qua</span> <span class='ocrx_word' id='word_1_216' title='bbox 1371 3461 1487 3554; x_wconf 88' lang='lat' dir='ltr'>finita,</span> <span class='ocrx_word' id='word_1_217' title='bbox 1520 3459 1641 3533; x_wconf 91' lang='lat' dir='ltr'>admo-</span> 
     </span>
     <span class='ocr_line' id='line_1_27' title="bbox 335 3583 1639 3682; baseline 0.002 -30"><span class='ocrx_word' id='word_1_218' title='bbox 335 3597 410 3652; x_wconf 90' lang='lat' dir='ltr'>tum</span> <span class='ocrx_word' id='word_1_219' title='bbox 435 3588 487 3653; x_wconf 92' lang='lat' dir='ltr'>ori</span> <span class='ocrx_word' id='word_1_220' title='bbox 509 3584 684 3682; x_wconf 91' lang='lat' dir='ltr'>poculum</span> <span class='ocrx_word' id='word_1_221' title='bbox 703 3587 809 3658; x_wconf 90' lang='lat' dir='ltr'>nimia</span> <span class='ocrx_word' id='word_1_222' title='bbox 830 3586 977 3660; x_wconf 87' lang='lat' dir='ltr'>bibendi</span> <span class='ocrx_word' id='word_1_223' title='bbox 993 3586 1167 3659; x_wconf 87' lang='lat' dir='ltr'>celeritate</span> <span class='ocrx_word' id='word_1_224' title='bbox 1194 3585 1361 3658; x_wconf 89' lang='lat' dir='ltr'>continuo</span> <span class='ocrx_word' id='word_1_225' title='bbox 1379 3583 1513 3656; x_wconf 86' lang='lat' dir='ltr'>haustu</span> <span class='ocrx_word' id='word_1_226' title='bbox 1534 3587 1639 3657; x_wconf 88' lang='lat' dir='ltr'>sicea-</span> 
     </span>
     <span class='ocr_line' id='line_1_28' title="bbox 335 3705 1639 3808; baseline 0 -32"><span class='ocrx_word' id='word_1_227' title='bbox 335 3710 395 3794; x_wconf 78' lang='lat' dir='ltr'>vit,</span> <span class='ocrx_word' id='word_1_228' title='bbox 420 3705 672 3808; x_wconf 89' lang='lat' dir='ltr'>repletumque</span> <span class='ocrx_word' id='word_1_229' title='bbox 686 3737 787 3784; x_wconf 91' lang='lat' dir='ltr'>mero</span> <span class='ocrx_word' id='word_1_230' title='bbox 802 3709 978 3785; x_wconf 89' lang='lat' dir='ltr'>simulacri</span> <span class='ocrx_word' id='word_1_231' title='bbox 996 3708 1149 3781; x_wconf 85' lang='lat' dir='ltr'>dexterae</span> <span class='ocrx_word' id='word_1_232' title='bbox 1165 3712 1319 3780; x_wconf 86' lang='lat' dir='ltr'>restituit.</span> <span class='ocrx_word' id='word_1_233' title='bbox 1371 3705 1535 3780; x_wconf 89' lang='lat' dir='ltr'>Placenta</span> <span class='ocrx_word' id='word_1_234' title='bbox 1549 3729 1639 3804; x_wconf 88' lang='lat' dir='ltr'>quo-</span> 
     </span>
     <span class='ocr_line' id='line_1_29' title="bbox 233 3827 1639 3932; baseline -0.003 -32"><span class='ocrx_word' id='word_1_235' title='bbox 233 3863 239 3876; x_wconf 94' lang='lat'><strong>·</strong></span> <span class='ocrx_word' id='word_1_236' title='bbox 336 3853 408 3923; x_wconf 90' lang='lat' dir='ltr'>que</span> <span class='ocrx_word' id='word_1_237' title='bbox 431 3829 550 3902; x_wconf 91' lang='lat' dir='ltr'>mulso</span> <span class='ocrx_word' id='word_1_238' title='bbox 573 3833 753 3922; x_wconf 89' lang='lat' dir='ltr'>conlecta,</span> <span class='ocrx_word' id='word_1_239' title='bbox 779 3833 941 3908; x_wconf 87' lang='lat' dir='ltr'>rotundae</span> <span class='ocrx_word' id='word_1_240' title='bbox 967 3833 1111 3923; x_wconf 79' lang='lat' dir='ltr'>formae,</span> <span class='ocrx_word' id='word_1_241' title='bbox 1137 3827 1340 3932; x_wconf 85' lang='lat' dir='ltr'>granditatis</span> <span class='ocrx_word' id='word_1_242' title='bbox 1360 3855 1447 3903; x_wconf 85' lang='lat' dir='ltr'>vero</span> <span class='ocrx_word' id='word_1_243' title='bbox 1467 3846 1583 3920; x_wconf 79' lang='lat' dir='ltr'>tantae,</span> <span class='ocrx_word' id='word_1_244' title='bbox 1606 3841 1639 3898; x_wconf 88' lang='lat' dir='ltr'>ut</span> 
     </span>
     <span class='ocr_line' id='line_1_30' title="bbox 336 3949 1638 4055; baseline 0 -35"><span class='ocrx_word' id='word_1_245' title='bbox 336 3973 430 4049; x_wconf 92' lang='lat' dir='ltr'>pene</span> <span class='ocrx_word' id='word_1_246' title='bbox 452 3949 607 4027; x_wconf 89' lang='lat' dir='ltr'>hominis</span> <span class='ocrx_word' id='word_1_247' title='bbox 623 3972 795 4030; x_wconf 87' lang='lat' dir='ltr'>staturam</span> <span class='ocrx_word' id='word_1_248' title='bbox 820 3973 997 4055; x_wconf 73' lang='lat' dir='ltr'>aequaret,</span> <span class='ocrx_word' id='word_1_249' title='bbox 1023 3953 1197 4028; x_wconf 84' lang='lat' dir='ltr'>sacrificio</span> <span class='ocrx_word' id='word_1_250' title='bbox 1214 3951 1486 4026; x_wconf 87' lang='lat' dir='ltr'>admovebatur.</span> <span class='ocrx_word' id='word_1_251' title='bbox 1536 3955 1638 4046; x_wconf 88' lang='lat' dir='ltr'>Quam</span> 
     </span>
     <span class='ocr_line' id='line_1_31' title="bbox 338 4073 1638 4178; baseline 0.002 -34"><span class='ocrx_word' id='word_1_252' title='bbox 338 4073 507 4148; x_wconf 88' lang='lat' dir='ltr'>sacerdos</span> <span class='ocrx_word' id='word_1_253' title='bbox 533 4073 600 4150; x_wconf 86' lang='lat' dir='ltr'>sibi</span> <span class='ocrx_word' id='word_1_254' title='bbox 623 4103 665 4151; x_wconf 89' lang='lat' dir='ltr'>ac</span> <span class='ocrx_word' id='word_1_255' title='bbox 682 4079 822 4178; x_wconf 92' lang='lat' dir='ltr'>populo</span> <span class='ocrx_word' id='word_1_256' title='bbox 841 4078 995 4153; x_wconf 92' lang='lat' dir='ltr'>mediam</span> <span class='ocrx_word' id='word_1_257' title='bbox 1009 4078 1255 4174; x_wconf 91' lang='lat' dir='ltr'>interponens,</span> <span class='ocrx_word' id='word_1_258' title='bbox 1281 4102 1326 4150; x_wconf 90' lang='lat' dir='ltr'>an</span> <span class='ocrx_word' id='word_1_259' title='bbox 1345 4102 1365 4150; x_wconf 91' lang='lat' dir='ltr'>a</span> <span class='ocrx_word' id='word_1_260' title='bbox 1382 4077 1553 4176; x_wconf 82' lang='lat' dir='ltr'>Rugianis</span> <span class='ocrx_word' id='word_1_261' title='bbox 1564 4097 1638 4146; x_wconf 86' lang='lat' dir='ltr'>cer-</span> 
     </span>
     <span class='ocr_line' id='line_1_32' title="bbox 337 4198 1639 4298; baseline 0 -32"><span class='ocrx_word' id='word_1_262' title='bbox 337 4213 491 4290; x_wconf 88' lang='lat' dir='ltr'>neretur,</span> <span class='ocrx_word' id='word_1_263' title='bbox 517 4205 719 4296; x_wconf 90' lang='lat' dir='ltr'>percontari</span> <span class='ocrx_word' id='word_1_264' title='bbox 740 4201 887 4275; x_wconf 83' lang='lat' dir='ltr'>solebat</span> <span class='ocrx_word' id='word_1_265' title='bbox 922 4200 1100 4296; x_wconf 70' lang='lat' dir='ltr'>Quibus,</span> <span class='ocrx_word' id='word_1_266' title='bbox 1125 4200 1224 4272; x_wconf 87' lang='lat' dir='ltr'>illam</span> <span class='ocrx_word' id='word_1_267' title='bbox 1243 4226 1263 4273; x_wconf 90' lang='lat' dir='ltr'>a</span> <span class='ocrx_word' id='word_1_268' title='bbox 1281 4226 1320 4276; x_wconf 89' lang='lat' dir='ltr'>se</span> <span class='ocrx_word' id='word_1_269' title='bbox 1337 4198 1471 4289; x_wconf 90' lang='lat' dir='ltr'>videri,</span> <span class='ocrx_word' id='word_1_270' title='bbox 1495 4221 1639 4298; x_wconf 86' lang='lat' dir='ltr'>respon-</span> 
     </span>
     <span class='ocr_line' id='line_1_33' title="bbox 256 4314 1640 4424; baseline 0.006 -36"><span class='ocrx_word' id='word_1_271' title='bbox 256 4399 258 4404; x_wconf 21' lang='lat'><em>·</em></span> <span class='ocrx_word' id='word_1_272' title='bbox 338 4314 541 4412; x_wconf 87' lang='lat' dir='ltr'>dentibus¹‚</span> <span class='ocrx_word' id='word_1_273' title='bbox 569 4348 614 4394; x_wconf 93' lang='lat' dir='ltr'>ne</span> <span class='ocrx_word' id='word_1_274' title='bbox 628 4339 709 4420; x_wconf 91' lang='lat' dir='ltr'>post</span> <span class='ocrx_word' id='word_1_275' title='bbox 725 4349 859 4398; x_wconf 92' lang='lat' dir='ltr'>annum</span> <span class='ocrx_word' id='word_1_276' title='bbox 886 4326 934 4400; x_wconf 90' lang='lat' dir='ltr'>ab</span> <span class='ocrx_word' id='word_1_277' title='bbox 950 4323 1075 4399; x_wconf 87' lang='lat' dir='ltr'>iisdem</span> <span class='ocrx_word' id='word_1_278' title='bbox 1094 4326 1190 4397; x_wconf 91' lang='lat' dir='ltr'>cerni</span> <span class='ocrx_word' id='word_1_279' title='bbox 1207 4325 1339 4423; x_wconf 84' lang='lat' dir='ltr'>posset,</span> <span class='ocrx_word' id='word_1_280' title='bbox 1354 4323 1514 4424; x_wconf 89' lang='lat' dir='ltr'>optabat.</span> <span class='ocrx_word' id='word_1_281' title='bbox 1569 4323 1640 4412; x_wconf 84' lang='lat' dir='ltr'>Quo</span> 
     </span>
    </p>
   </div>
   <div class='ocr_carea' id='block_1_5' title="bbox 277 4559 1640 4974">
    <p class='ocr_par' dir='ltr' id='par_1_5' title="bbox 277 4559 1640 4974">
     <span class='ocr_line' id='line_1_34' title="bbox 384 4559 1640 4659; baseline 0.012 -39"><span class='ocrx_word' id='word_1_282' title='bbox 384 4563 535 4644; x_wconf 82' lang='lat' dir='ltr'>¹Qut&#39;bus,</span> <span class='ocrx_word' id='word_1_283' title='bbox 553 4569 631 4628; x_wconf 84' lang='lat' dir='ltr'>illam</span> <span class='ocrx_word' id='word_1_284' title='bbox 647 4572 827 4642; x_wconf 79' lang='lat' dir='ltr'>ascot&#39;dert&#39;,</span> <span class='ocrx_word' id='word_1_285' title='bbox 849 4597 966 4659; x_wconf 80' lang='lat' dir='ltr'>respon·</span> <span class='ocrx_word' id='word_1_286' title='bbox 1025 4592 1088 4634; x_wconf 88' lang='lat' dir='ltr'>non</span> <span class='ocrx_word' id='word_1_287' title='bbox 1110 4570 1308 4654; x_wconf 66' lang='lat' dir='ltr'>intelligitur,</span> <span class='ocrx_word' id='word_1_288' title='bbox 1341 4568 1498 4654; x_wconf 87' lang='lat' dir='ltr'>quomodo</span> <span class='ocrx_word' id='word_1_289' title='bbox 1519 4559 1640 4652; x_wconf 59' lang='lat' dir='ltr'>pri-&#39;0³5⁰</span> 
     </span>
     <span class='ocr_line' id='line_1_35' title="bbox 338 4665 1639 4767; baseline 0.012 -44"><span class='ocrx_word' id='word_1_290' title='bbox 338 4665 484 4746; x_wconf 74' lang='lat' dir='ltr'>clericidas]</span> <span class='ocrx_word' id='word_1_291' title='bbox 502 4671 547 4729; x_wconf 88' lang='lat' dir='ltr'>lta</span> <span class='ocrx_word' id='word_1_292' title='bbox 569 4671 599 4730; x_wconf 92' lang='lat' dir='ltr'>in</span> <span class='ocrx_word' id='word_1_293' title='bbox 621 4673 761 4736; x_wconf 89' lang='lat' dir='ltr'>omuibus</span> <span class='ocrx_word' id='word_1_294' title='bbox 775 4677 967 4740; x_wconf 90' lang='lat' dir='ltr'>editionibus.</span> <span class='ocrx_word' id='word_1_295' title='bbox 1026 4675 1191 4740; x_wconf 86' lang='lat' dir='ltr'>sacerdotis</span> <span class='ocrx_word' id='word_1_296' title='bbox 1212 4696 1266 4755; x_wconf 88' lang='lat' dir='ltr'>eo,</span> <span class='ocrx_word' id='word_1_297' title='bbox 1295 4699 1357 4767; x_wconf 84' lang='lat' dir='ltr'>quo</span> <span class='ocrx_word' id='word_1_298' title='bbox 1384 4677 1449 4740; x_wconf 78' lang='lat' dir='ltr'>tuit</span> <span class='ocrx_word' id='word_1_299' title='bbox 1469 4677 1559 4752; x_wconf 82' lang='lat' dir='ltr'>Saxo,</span> <span class='ocrx_word' id='word_1_300' title='bbox 1579 4685 1639 4749; x_wconf 76' lang='lat' dir='ltr'>spe-</span> 
     </span>
     <span class='ocr_line' id='line_1_36' title="bbox 338 4771 1638 4867; baseline 0.008 -35"><span class='ocrx_word' id='word_1_301' title='bbox 338 4771 449 4834; x_wconf 84' lang='lat' dir='ltr'>Seosus</span> <span class='ocrx_word' id='word_1_302' title='bbox 471 4779 746 4864; x_wconf 81' lang='lat' dir='ltr'>tamenthuirere</span> <span class='ocrx_word' id='word_1_303' title='bbox 767 4782 904 4862; x_wconf 83' lang='lat' dir='ltr'>videtur,</span> <span class='ocrx_word' id='word_1_304' title='bbox 932 4797 965 4845; x_wconf 89' lang='lat' dir='ltr'>ut</span> <span class='ocrx_word' id='word_1_305' title='bbox 1027 4796 1109 4846; x_wconf 88' lang='lat' dir='ltr'>ctare</span> <span class='ocrx_word' id='word_1_306' title='bbox 1130 4784 1275 4867; x_wconf 84' lang='lat' dir='ltr'>potuerit.</span> <span class='ocrx_word' id='word_1_307' title='bbox 1319 4779 1558 4848; x_wconf 72' lang='lat' dir='ltr'>Alb-lirantzius</span> <span class='ocrx_word' id='word_1_308' title='bbox 1572 4793 1638 4860; x_wconf 75' lang='lat' dir='ltr'>quo·</span> 
     </span>
     <span class='ocr_line' id='line_1_37' title="bbox 277 4881 1638 4974; baseline 0.003 -35"><span class='ocrx_word' id='word_1_309' title='bbox 277 4902 281 4911; x_wconf 93' lang='lat'><strong>·</strong></span> <span class='ocrx_word' id='word_1_310' title='bbox 317 4903 394 4962; x_wconf 80' lang='lat' dir='ltr'>¹pro</span> <span class='ocrx_word' id='word_1_311' title='bbox 420 4883 499 4943; x_wconf 82' lang='lat' dir='ltr'>illum</span> <span class='ocrx_word' id='word_1_312' title='bbox 521 4885 653 4968; x_wconf 81' lang='lat' dir='ltr'>legamus</span> <span class='ocrx_word' id='word_1_313' title='bbox 676 4892 765 4951; x_wconf 76' lang='lat' dir='ltr'>allum.</span> <span class='ocrx_word' id='word_1_314' title='bbox 808 4881 963 4974; x_wconf 51' lang='lat' dir='ltr'>¹Alioquin</span> <span class='ocrx_word' id='word_1_315' title='bbox 1025 4911 1084 4974; x_wconf 84' lang='lat' dir='ltr'>que</span> <span class='ocrx_word' id='word_1_316' title='bbox 1111 4890 1191 4954; x_wconf 84' lang='lat' dir='ltr'>ltunc</span> <span class='ocrx_word' id='word_1_317' title='bbox 1219 4892 1320 4953; x_wconf 88' lang='lat' dir='ltr'>locum</span> <span class='ocrx_word' id='word_1_318' title='bbox 1352 4890 1394 4954; x_wconf 86' lang='lat' dir='ltr'>ita</span> <span class='ocrx_word' id='word_1_319' title='bbox 1433 4889 1638 4971; x_wconf 78' lang='lat' dir='ltr'>interpretatur</span> 
     </span>
    </p>
   </div>
   <div class='ocr_carea' id='block_1_6' title="bbox 0 0 1769 5460">
    <p class='ocr_par' dir='ltr' id='par_1_6' title="bbox 0 0 1769 5460">
     <span class='ocr_line' id='line_1_38' title="bbox 0 0 1769 5460; baseline 0 0"><span class='ocrx_word' id='word_1_320' title='bbox 0 0 1769 5460; x_wconf 95' lang='lat' dir='ltr'> </span> 
     </span>
    </p>
   </div>
  </div>
 </body>
</html>
