3524 5460
336 253 408 330 732
672 257 848 330 fflstott.
864 256 970 326 DAN.
984 258 1123 330 LIBER
1137 259 1228 332 xtv.
1313 259 1319 266 ’

282 471 521 564 comperiens,
546 465 710 542 nondum
725 489 763 538 se
786 465 1024 542 committendi
1043 465 1128 540 belli
1147 463 1484 544 viribusabundare
1500 490 1599 540 con-

282 585 380 680 fisus,
406 590 570 688 junctum
587 590 667 662 vico
684 605 851 686 pontem,
876 615 921 662 ne
937 591 987 664 eis
1005 591 1152 686 pervius
1169 591 1270 684 foret.
1295 597 1423 690 partim
1444 586 1598 662 discindi

173 805 176 815 Ι
282 691 394 811 jubet.
447 715 569 810 ltaque
587 728 622 784 et
636 727 751 786 tntum
766 709 866 783 militi
882 713 1140 786 munimentum
1169 730 1203 786 et
1226 728 1471 813 opportunum
1501 737 1598 784 con-

260 841 262 848 ’
282 832 464 910 trahendis
486 834 621 909 viribus
641 837 795 932 spatium
811 833 859 906 ab
882 841 1286 910 amnemutuatusest1.
1343 841 1511 934 Cumque
1527 857 1599 908 nee

283 959 434 1032 Svenoni
458 955 663 1030 transeundi
690 956 841 1030 facultas
881 980 946 1028 nec
976 956 1208 1033 Waldemaro
1237 959 1408 1033 obviandi
1433 956 1600 1034 voluutas

282 1095 500 1180 suppeteret,
525 1081 779 1178 promptissimi
800 1097 918 1151 tamen
934 1082 1128 1177 juvenum,
1154 1079 1314 1181 reliqniis
1329 1084 1452 1180 pontis
1465 1094 1599 1180 praeter

282 1205 473 1302 imperinm
489 1207 693 1299 occupatiS,
715 1201 845 1298 jaculis
866 1201 1130 1302 missilibusque
1150 1221 1320 1278 certantes
1338 1227 1468 1302 magna
1488 1199 1600 1274 forti-

281 1325 413 1400 tudinis
437 1329 673 1423 experimenta
696 1321 838 1397 dedere.
892 1325 1046 1424 Quippe,
1068 1330 1154 1424 quia
1181 1330 1471 1426 congressionem
1492 1321 1600 1396 loeus

282 1445 447 1550 negabat,
472 1443 519 1519 ad
537 1446 719 1546 aliquanto
737 1442 853 1520 mitius
868 1472 1001 1547 pugnae
1021 1473 1136 1546 genus
1153 1449 1368 1548 juvenilium
1393 1453 1598 1522 animorum

282 1570 423 1645 lascivia
438 1568 662 1644 decurrebat.
715 1567 977 1659 Waldemarus,
997 1568 1139 1642 nudem
1158 1568 1304 1670 gerendi
1321 1569 1493 1644 fiduciam
1507 1566 1597 1642 belli

283 1692 498 1793 quotidianis
522 1699 710 1794 copiarum
735 1693 958 1766 incrementis
981 1692 1152 1791 adeptus,
1187 1719 1291 1768 amne
1311 1693 1398 1768 alias
1412 1707 1601 1794 superato,

284 1815 426 1892 hostem
456 1833 625 1916 appetere
652 1821 780 1890 statuit.
837 1819 945 1890 Nocte
971 1841 1080 1906 vero,
1105 1841 1215 1913 quam
1241 1814 1325 1890 belli
1346 1821 1523 1888 insecutus
1541 1829 1599 1887 est

284 1938 378 2030 dies,
402 1938 557 2012 frenatos
572 1955 664 2012 stare
681 1963 795 2038 equos
827 1956 1005 2038 pastuque
1032 1943 1173 2036 penitus
1193 1943 1300 2012 arceri
1325 1939 1514 2037 praecepit,
1537 1961 1600 2025 ne,

283 2067 437 2136 satietate
464 2086 610 2163 graves,
644 2087 751 2136 cursu
773 2061 921 2137 hebetes
942 2063 1066 2135 forent.
1135 2070 1180 2135 At
1208 2063 1337 2156 Sveuo,
1366 2063 1490 2136 castris
1520 2075 1599 2135 sata

284 2185 506 2284 complexus,
529 2212 571 2258 ex
595 2190 673 2286 ipsa
695 2211 862 2285 agrorum
879 2184 1206 2260 ubertate'abnnde
1226 2209 1343 2284 equos
1364 2182 1464 2256 refici
1480 2181 1601 2282 jubet,

282 2310 440 2407 ignarus,
459 2307 627 2384 stomachi
644 2315 820 2384 sarcinam
842 2316 959 2384 cursui
978 2307 1234 2406 impedimento
1259 2308 1425 2382 futuram.
1477 2308 1600 2377 Cum-

283 2455 359 2530 que
378 2430 627 2506 Waldemarns
649 2435 805 2506 exercitu
823 2439 859 2506 in
874 2434 986 2506 aciem
1007 2431 1143 2532 digesto
1157 2428 1386 2530 procederet,
1410 2426 1599 2501 eohortem
1636 2491 1650 2506 ,

282 2555 390 2630 armis
418 2559 602 2654 signisque
626 2554 823 2654 fulgentem
848 2581 869 2628 e
893 2555 1002 2630 latere
1030 2558 1265 2654 conspicatur.
1333 2557 1449 2648 Quam
1477 2549 1601 2650 primo

283 2676 447 2752 hostilem
463 2693 570 2770 ratus,
595 2703 637 2752 ex
653 2678 941 2775 speculatoribus
957 2678 1147 2778 cognoscit,
1162 2680 1279 2750 socios
1294 2700 1384 2769 esse,
1398 2697 1492 2774 quos
1509 2697 1599 2746 me-

281 2817 368 2874 tunt.
436 2799 576 2894 Quibus
593 2803 630 2873 in
656 2806 772 2876 aciem
795 2804 958 2902 receptis,
982 2799 1150 2876 fidentius
1180 2800 1217 2872 in
1244 2795 1385 2874 hostem
1417 2796 1599 2872 tendebat.

282 2920 384 2998 Adeo
407 2929 546 3024 quippe
571 2927 684 3024 copiis
710 2941 886 3019 creverat,
912 2942 952 3000 nt
975 2951 1020 2998 ne
1045 2950 1064 2998 a
1088 2922 1228 2997 decima
1250 2919 1396 3022 quidem
1419 2923 1600 2998 exercitus

284 3061 386 3144 parte
418 3047 604 3146 signorum
628 3049 772 3124 ordines
797 3054 958 3149 prospici
986 3049 1191 3147 potuissent.
1265 3047 1387 3139 Tune,
1412 3046 1548 3147 quibam
1573 3071 1601 3120 a

285 3173 447 3242 Svenone
465 3173 652 3245 commissa
666 3172 862 3270 speculatio
878 3173 1013 3263 fuerat,
1037 3161 1192 3259 reversi,
1213 3167 1422 3246 immodicas
1437 3169 1601 3244 hostium

283 3295 378 3364 vires
396 3290 564 3387 edocent;
588 3293 805 3394 fatigandam
827 3310 907 3369 ante
924 3293 1187 3369 multitudinem
1213 3317 1324 3390 qnam
1351 3291 1598 3368 sustinendam

169 3443 173 3456 ·
285 3438 384 3506 esse,
409 3415 486 3488 fore
514 3422 629 3508 enim,
659 3435 698 3491 nt
715 3417 868 3494 multum
885 3445 926 3492 ex
949 3423 1029 3520 ejus
1054 3445 1207 3494 numero
1224 3420 1412 3517 copiisque
1429 3415 1506 3490 dies
1521 3414 1601 3488 de-

283 3535 447 3611 traheret
500 3540 614 3638 Cujus
633 3535 769 3642 consilii
791 3541 1045 3635 salubritatem,
1058 3547 1211 3616 Svenoni
1229 3539 1429 3617 admodum
1444 3555 1603 3640 gratam

284 3657 442 3734 Aehouis
463 3662 649 3760 cujusdam
674 3661 891 3740 Christieruo
914 3671 1090 3766 procreati
1107 3671 1285 3740 temeritas
1305 3664 1472 3763 reppulit.
1532 3665 1600 3736 Si-

284 3781 430 3880 quidem
446 3800 508 3858 ant
524 3803 767 3886 pugnaturum
794 3815 916 3890 regem
942 3809 1005 3864 aut
1030 3817 1051 3864 a
1077 3787 1246 3863 militibus
1262 3785 1500 3864 deserendum
1515 3813 1602 3864 esse

284 3904 443 4002 dicebat3
470 3907 605 4006 quippe
628 3912 691 4007 qui
715 3913 761 3984 ita
779 3914 846 3988 sibi
869 3914 1056 3991 consulere
1078 3913 1208 4002 nolint,
1235 3929 1273 3986 ut
1290 3937 1368 3984 rem
1384 3911 1600 3985 familiarem

283 4033 433 4130 proprio
458 4032 581 4130 spiritu
606 4038 782 4109 cariorem
806 4033 896 4111 hosti
915 4043 1062 4138 impune
1079 4033 1284 4136 potiendam
1304 4035 1506 4136 relinquere
1521 4061 1603 4110 cn·-

255 4357 258 4364 '
331 4347 487 4440 'Spatium
508 4349 546 4412 ab
570 4374 654 4414 amne
680 4367 830 4415 matuatus
849 4349 908 4434 est]
967 4353 1039 4419 satia
1058 4352 1191 4417 vicinum
1207 4349 1316 4433 fuisso,
1336 4373 1417 4434 nam,
1434 4370 1523 4416 amne
1546 4371 1606 4416 tn·

283 4453 376 4516 Hune
391 4475 510 4519 amnem
524 4477 623 4542 prope
643 4457 843 4523 Randrnsiam
857 4478 909 4522 cn·
968 4455 1089 4547 pereto,
1115 4479 1188 4524 mox
1205 4460 1239 4524 ia
1261 4479 1333 4524 enm
1351 4461 1454 4524 locum
1471 4455 1603 4523 devenit

283 4560 430 4642 cumeae,
473 4576 609 4628 summat
641 4577 730 4630 antor
770 4563 908 4632 historiae
968 4565 1194 4649 waldemarus,
1215 4565 1269 4632 ubi
1286 4565 1427 4656 prelium
1440 4585 1510 4634 oum
1521 4565 1604 4632 Ste-

281 4669 518 4756 Iinytlingornm
542 4693 573 4756 p.
592 4667 671 4752 3703
691 4672 746 4736 aad
759 4685 846 4759 patet
863 4693 907 4738 ex
967 4695 1048 4741 none
1062 4673 1138 4740 iniit.

282 4789 392 4844 tenore
414 4776 607 4862 amantionis,
627 4801 744 4846 amnem
768 4779 908 4866 Viburgo
