<?xml version="1.0" encoding="UTF-8"?>
<!DOCTYPE html PUBLIC "-//W3C//DTD XHTML 1.0 Transitional//EN"
    "http://www.w3.org/TR/xhtml1/DTD/xhtml1-transitional.dtd">
<html xmlns="http://www.w3.org/1999/xhtml" xml:lang="en" lang="en">
 <head>
  <title>
</title>
<meta http-equiv="Content-Type" content="text/html;charset=utf-8" />
  <meta name='ocr-system' content='tesseract 3.04.00' />
  <meta name='ocr-capabilities' content='ocr_page ocr_carea ocr_par ocr_line ocrx_word'/>
</head>
<body>
  <div class='ocr_page' id='page_1' title='image "./historiadanica01velsgoog_0346.png"; bbox 0 0 3536 5462; ppageno 0'>
   <div class='ocr_carea' id='block_1_1' title="bbox 600 284 1389 367">
    <p class='ocr_par' dir='ltr' id='par_1_1' title="bbox 600 284 1389 367">
     <span class='ocr_line' id='line_1_1' title="bbox 600 284 1389 367; baseline -0.006 -9"><span class='ocrx_word' id='word_1_1' title='bbox 600 284 929 358; x_wconf 80' lang='lat' dir='ltr'><strong>WALDEMARUS</strong></span> <span class='ocrx_word' id='word_1_2' title='bbox 957 287 980 354; x_wconf 93' lang='lat' dir='ltr'><strong>l.</strong></span> <span class='ocrx_word' id='word_1_3' title='bbox 1314 290 1389 367; x_wconf 80' lang='grc'><strong>883</strong></span> 
     </span>
    </p>
   </div>
   <div class='ocr_carea' id='block_1_2' title="bbox 133 495 1510 2316">
    <p class='ocr_par' dir='ltr' id='par_1_2' title="bbox 133 495 1510 2316">
     <span class='ocr_line' id='line_1_2' title="bbox 133 495 1440 594; baseline 0.004 -22"><span class='ocrx_word' id='word_1_4' title='bbox 133 499 277 575; x_wconf 81' lang='lat' dir='ltr'><strong>audiens</strong></span> <span class='ocrx_word' id='word_1_5' title='bbox 288 498 464 572; x_wconf 78' lang='lat' dir='ltr'><strong>llencicus</strong></span> <span class='ocrx_word' id='word_1_6' title='bbox 478 499 507 587; x_wconf 89' lang='lat'><strong>¹,</strong></span> <span class='ocrx_word' id='word_1_7' title='bbox 524 498 753 594; x_wconf 85' lang='lat' dir='ltr'><strong>quiSaxoniae</strong></span> <span class='ocrx_word' id='word_1_8' title='bbox 772 500 962 594; x_wconf 87' lang='lat' dir='ltr'><strong>primatum</strong></span> <span class='ocrx_word' id='word_1_9' title='bbox 979 495 1109 569; x_wconf 79' lang='lat' dir='ltr'><strong>vicario</strong></span> <span class='ocrx_word' id='word_1_10' title='bbox 1127 505 1271 574; x_wconf 89' lang='lat' dir='ltr'><strong>nomine</strong></span> <span class='ocrx_word' id='word_1_11' title='bbox 1285 501 1440 578; x_wconf 86' lang='lat' dir='ltr'><strong>admini-</strong></span> 
     </span>
     <span class='ocr_line' id='line_1_3' title="bbox 134 603 1510 724; baseline 0.001 -27"><span class='ocrx_word' id='word_1_12' title='bbox 134 623 278 714; x_wconf 86' lang='lat' dir='ltr'><strong>strabat,</strong></span> <span class='ocrx_word' id='word_1_13' title='bbox 302 618 439 694; x_wconf 88' lang='lat' dir='ltr'><strong>bellum</strong></span> <span class='ocrx_word' id='word_1_14' title='bbox 457 643 478 690; x_wconf 91' lang='lat' dir='ltr'><strong>a</strong></span> <span class='ocrx_word' id='word_1_15' title='bbox 496 643 535 692; x_wconf 88' lang='lat' dir='ltr'><strong>se</strong></span> <span class='ocrx_word' id='word_1_16' title='bbox 549 621 661 693; x_wconf 84' lang='lat' dir='ltr'><strong>Danis</strong></span> <span class='ocrx_word' id='word_1_17' title='bbox 682 637 816 692; x_wconf 89' lang='lat' dir='ltr'><strong>temere</strong></span> <span class='ocrx_word' id='word_1_18' title='bbox 830 619 950 716; x_wconf 85' lang='lat' dir='ltr'><strong>parari</strong></span> <span class='ocrx_word' id='word_1_19' title='bbox 965 633 1182 716; x_wconf 77' lang='lat' dir='ltr'><strong>protestatus</strong></span> <span class='ocrx_word' id='word_1_20' title='bbox 1195 637 1260 712; x_wconf 89' lang='lat' dir='ltr'><strong>est,</strong></span> <span class='ocrx_word' id='word_1_21' title='bbox 1286 631 1348 722; x_wconf 90' lang='lat' dir='ltr'><strong>qui</strong></span> <span class='ocrx_word' id='word_1_22' title='bbox 1367 651 1441 724; x_wconf 88' lang='lat' dir='ltr'><strong>pa-</strong></span> <span class='ocrx_word' id='word_1_23' title='bbox 1507 603 1510 614; x_wconf 72' lang='lat'>‚</span> 
     </span>
     <span class='ocr_line' id='line_1_4' title="bbox 134 738 1442 844; baseline 0.003 -24"><span class='ocrx_word' id='word_1_24' title='bbox 134 747 180 820; x_wconf 83' lang='lat' dir='ltr'><strong>cis</strong></span> <span class='ocrx_word' id='word_1_25' title='bbox 195 745 394 844; x_wconf 69' lang='lat' dir='ltr'><strong>patriaeque</strong></span> <span class='ocrx_word' id='word_1_26' title='bbox 410 747 554 816; x_wconf 86' lang='lat' dir='ltr'><strong>caritate</strong></span> <span class='ocrx_word' id='word_1_27' title='bbox 569 740 770 839; x_wconf 84' lang='lat' dir='ltr'><strong>flagrantes,</strong></span> <span class='ocrx_word' id='word_1_28' title='bbox 792 738 1052 838; x_wconf 69' lang='lat' dir='ltr'><strong>propulsanda</strong></span> <span class='ocrx_word' id='word_1_29' title='bbox 1076 741 1189 840; x_wconf 83' lang='lat' dir='ltr'><strong>magis</strong></span> <span class='ocrx_word' id='word_1_30' title='bbox 1215 767 1325 842; x_wconf 89' lang='lat' dir='ltr'><strong>quam</strong></span> <span class='ocrx_word' id='word_1_31' title='bbox 1342 750 1442 824; x_wconf 89' lang='lat' dir='ltr'><strong>irro-</strong></span> 
     </span>
     <span class='ocr_line' id='line_1_5' title="bbox 135 847 1443 967; baseline 0.002 -26"><span class='ocrx_word' id='word_1_32' title='bbox 135 863 263 967; x_wconf 80' lang='lat' dir='ltr'><strong>gandoe</strong></span> <span class='ocrx_word' id='word_1_33' title='bbox 284 867 426 964; x_wconf 84' lang='lat' dir='ltr'><strong>injuriae</strong></span> <span class='ocrx_word' id='word_1_34' title='bbox 447 869 578 964; x_wconf 80' lang='lat' dir='ltr'><strong>gratia,</strong></span> <span class='ocrx_word' id='word_1_35' title='bbox 611 861 803 938; x_wconf 85' lang='lat' dir='ltr'><strong>adversum</strong></span> <span class='ocrx_word' id='word_1_36' title='bbox 827 859 1115 936; x_wconf 81' lang='lat' dir='ltr'><strong>insolentissimos</strong></span> <span class='ocrx_word' id='word_1_37' title='bbox 1147 887 1273 952; x_wconf 86' lang='lat' dir='ltr'><strong>servos</strong></span> <span class='ocrx_word' id='word_1_38' title='bbox 1289 847 1443 948; x_wconf 73' lang='lat' dir='ltr'><strong>¹teterri-</strong></span> 
     </span>
     <span class='ocr_line' id='line_1_6' title="bbox 135 983 1445 1089; baseline 0.002 -26"><span class='ocrx_word' id='word_1_39' title='bbox 135 1014 287 1089; x_wconf 89' lang='lat' dir='ltr'><strong>mosque</strong></span> <span class='ocrx_word' id='word_1_40' title='bbox 303 987 459 1060; x_wconf 85' lang='lat' dir='ltr'><strong>latrones</strong></span> <span class='ocrx_word' id='word_1_41' title='bbox 474 989 624 1059; x_wconf 89' lang='lat' dir='ltr'><strong>Martem</strong></span> <span class='ocrx_word' id='word_1_42' title='bbox 638 983 816 1057; x_wconf 82' lang='lat' dir='ltr'><strong>inducant.</strong></span> <span class='ocrx_word' id='word_1_43' title='bbox 868 987 969 1076; x_wconf 86' lang='lat' dir='ltr'><strong>Quos</strong></span> <span class='ocrx_word' id='word_1_44' title='bbox 979 1011 1094 1084; x_wconf 75' lang='grc' dir='ltr'><strong>φιιιιη</strong></span> <span class='ocrx_word' id='word_1_45' title='bbox 1103 987 1309 1064; x_wconf 88' lang='lat' dir='ltr'><strong>innocentes</strong></span> <span class='ocrx_word' id='word_1_46' title='bbox 1326 997 1445 1070; x_wconf 80' lang='lat' dir='ltr'><strong>iures-</strong></span> 
     </span>
     <span class='ocr_line' id='line_1_7' title="bbox 136 1104 1446 1215; baseline -0.002 -29"><span class='ocrx_word' id='word_1_47' title='bbox 136 1137 214 1186; x_wconf 88' lang='lat' dir='ltr'><strong>sere</strong></span> <span class='ocrx_word' id='word_1_48' title='bbox 231 1110 329 1184; x_wconf 84' lang='lat' dir='ltr'><strong>naias</strong></span> <span class='ocrx_word' id='word_1_49' title='bbox 345 1109 542 1198; x_wconf 81' lang='lat' dir='ltr'><strong>habentur,</strong></span> <span class='ocrx_word' id='word_1_50' title='bbox 565 1124 734 1182; x_wconf 89' lang='lat' dir='ltr'><strong>tartareas</strong></span> <span class='ocrx_word' id='word_1_51' title='bbox 760 1104 865 1180; x_wconf 85' lang='lat' dir='ltr'><strong>sedes</strong></span> <span class='ocrx_word' id='word_1_52' title='bbox 886 1110 1032 1199; x_wconf 89' lang='lat' dir='ltr'><strong>mereri,</strong></span> <span class='ocrx_word' id='word_1_53' title='bbox 1055 1110 1120 1206; x_wconf 82' lang='lat' dir='ltr'><strong>qni</strong></span> <span class='ocrx_word' id='word_1_54' title='bbox 1135 1125 1208 1182; x_wconf 87' lang='lat' dir='ltr'><strong>tam</strong></span> <span class='ocrx_word' id='word_1_55' title='bbox 1221 1113 1327 1210; x_wconf 78' lang='lat' dir='ltr'><strong>justoe</strong></span> <span class='ocrx_word' id='word_1_56' title='bbox 1348 1140 1446 1215; x_wconf 84' lang='lat' dir='ltr'><strong>gen-</strong></span> 
     </span>
     <span class='ocr_line' id='line_1_8' title="bbox 137 1231 1445 1325; baseline 0.002 -15"><span class='ocrx_word' id='word_1_57' title='bbox 137 1237 178 1310; x_wconf 90' lang='lat' dir='ltr'><strong>tis</strong></span> <span class='ocrx_word' id='word_1_58' title='bbox 206 1257 335 1307; x_wconf 91' lang='lat' dir='ltr'><strong>cruore</strong></span> <span class='ocrx_word' id='word_1_59' title='bbox 366 1257 495 1307; x_wconf 87' lang='lat' dir='ltr'><strong>manns</strong></span> <span class='ocrx_word' id='word_1_60' title='bbox 519 1257 602 1308; x_wconf 85' lang='lat' dir='ltr'><strong>suns</strong></span> <span class='ocrx_word' id='word_1_61' title='bbox 625 1231 862 1304; x_wconf 86' lang='lat' dir='ltr'><strong>contaminare</strong></span> <span class='ocrx_word' id='word_1_62' title='bbox 890 1247 1155 1325; x_wconf 78' lang='lat' dir='ltr'><strong>praesumerent.</strong></span> <span class='ocrx_word' id='word_1_63' title='bbox 1217 1234 1283 1306; x_wconf 87' lang='lat' dir='ltr'><strong>His</strong></span> <span class='ocrx_word' id='word_1_64' title='bbox 1305 1242 1445 1314; x_wconf 89' lang='lat' dir='ltr'><strong>monitis</strong></span> 
     </span>
     <span class='ocr_line' id='line_1_9' title="bbox 137 1351 1447 1459; baseline 0.003 -29"><span class='ocrx_word' id='word_1_65' title='bbox 137 1355 321 1430; x_wconf 67' lang='lat' dir='ltr'><strong>demum</strong></span> <span class='ocrx_word' id='word_1_66' title='bbox 338 1353 557 1428; x_wconf 80' lang='lat' dir='ltr'><strong>remittendae</strong></span> <span class='ocrx_word' id='word_1_67' title='bbox 574 1352 805 1451; x_wconf 83' lang='lat' dir='ltr'><strong>expeditionis</strong></span> <span class='ocrx_word' id='word_1_68' title='bbox 822 1351 997 1442; x_wconf 85' lang='lat' dir='ltr'><strong>obtinuit,</strong></span> <span class='ocrx_word' id='word_1_69' title='bbox 1022 1360 1155 1428; x_wconf 90' lang='lat' dir='ltr'><strong>cunctis</strong></span> <span class='ocrx_word' id='word_1_70' title='bbox 1174 1372 1247 1429; x_wconf 91' lang='lat' dir='ltr'><strong>tam</strong></span> <span class='ocrx_word' id='word_1_71' title='bbox 1259 1357 1447 1459; x_wconf 82' lang='lat' dir='ltr'><strong>indignam</strong></span> 
     </span>
     <span class='ocr_line' id='line_1_10' title="bbox 138 1474 1446 1583; baseline 0.005 -31"><span class='ocrx_word' id='word_1_72' title='bbox 138 1477 268 1552; x_wconf 81' lang='lat' dir='ltr'><strong>militiae</strong></span> <span class='ocrx_word' id='word_1_73' title='bbox 285 1501 400 1577; x_wconf 85' lang='lat' dir='ltr'><strong>genus</strong></span> <span class='ocrx_word' id='word_1_74' title='bbox 417 1475 689 1550; x_wconf 87' lang='lat' dir='ltr'><strong>detrectandum</strong></span> <span class='ocrx_word' id='word_1_75' title='bbox 702 1474 955 1548; x_wconf 81' lang='lat' dir='ltr'><strong>censentibus·</strong></span> <span class='ocrx_word' id='word_1_76' title='bbox 991 1477 1103 1575; x_wconf 82' lang='lat' dir='ltr'><strong>Igitur</strong></span> <span class='ocrx_word' id='word_1_77' title='bbox 1120 1477 1361 1571; x_wconf 89' lang='lat' dir='ltr'><strong>Guncelliuus,</strong></span> <span class='ocrx_word' id='word_1_78' title='bbox 1384 1491 1446 1583; x_wconf 85' lang='lat' dir='ltr'><strong>qui</strong></span> 
     </span>
     <span class='ocr_line' id='line_1_11' title="bbox 138 1597 1450 1698; baseline 0.008 -26"><span class='ocrx_word' id='word_1_79' title='bbox 138 1597 279 1674; x_wconf 86' lang='lat' dir='ltr'><strong>bellicae</strong></span> <span class='ocrx_word' id='word_1_80' title='bbox 295 1604 433 1675; x_wconf 79' lang='lat' dir='ltr'><strong>virtutis</strong></span> <span class='ocrx_word' id='word_1_81' title='bbox 449 1597 624 1698; x_wconf 87' lang='lat' dir='ltr'><strong>operibus</strong></span> <span class='ocrx_word' id='word_1_82' title='bbox 639 1597 737 1698; x_wconf 87' lang='lat' dir='ltr'><strong>apud</strong></span> <span class='ocrx_word' id='word_1_83' title='bbox 753 1600 945 1671; x_wconf 89' lang='lat' dir='ltr'><strong>Henricum</strong></span> <span class='ocrx_word' id='word_1_84' title='bbox 962 1599 1191 1674; x_wconf 86' lang='lat' dir='ltr'><strong>excellentem</strong></span> <span class='ocrx_word' id='word_1_85' title='bbox 1206 1600 1450 1682; x_wconf 76' lang='lat' dir='ltr'><strong>familiaritatis</strong></span> 
     </span>
     <span class='ocr_line' id='line_1_12' title="bbox 139 1719 1480 1820; baseline 0.005 -26"><span class='ocrx_word' id='word_1_86' title='bbox 139 1721 262 1796; x_wconf 86' lang='lat' dir='ltr'><strong>locum</strong></span> <span class='ocrx_word' id='word_1_87' title='bbox 281 1739 476 1813; x_wconf 84' lang='lat' dir='ltr'><strong>meruerat,</strong></span> <span class='ocrx_word' id='word_1_88' title='bbox 502 1747 613 1820; x_wconf 92' lang='lat' dir='ltr'><strong>quum</strong></span> <span class='ocrx_word' id='word_1_89' title='bbox 637 1721 843 1797; x_wconf 88' lang='lat' dir='ltr'><strong>sententiam</strong></span> <span class='ocrx_word' id='word_1_90' title='bbox 858 1743 961 1794; x_wconf 89' lang='lat' dir='ltr'><strong>suam</strong></span> <span class='ocrx_word' id='word_1_91' title='bbox 983 1723 1163 1795; x_wconf 86' lang='lat' dir='ltr'><strong>sociorum</strong></span> <span class='ocrx_word' id='word_1_92' title='bbox 1181 1719 1326 1798; x_wconf 84' lang='lat' dir='ltr'><strong>arbitrio</strong></span> <span class='ocrx_word' id='word_1_93' title='bbox 1339 1725 1450 1802; x_wconf 84' lang='lat' dir='ltr'><strong>dam—-</strong></span> <span class='ocrx_word' id='word_1_94' title='bbox 1478 1747 1480 1750; x_wconf 85' lang='grc'><strong><em>·</em></strong></span> 
     </span>
     <span class='ocr_line' id='line_1_13' title="bbox 140 1841 1449 1942; baseline 0.009 -26"><span class='ocrx_word' id='word_1_95' title='bbox 140 1859 259 1916; x_wconf 85' lang='lat' dir='ltr'><strong>natam</strong></span> <span class='ocrx_word' id='word_1_96' title='bbox 280 1845 587 1934; x_wconf 82' lang='lat' dir='ltr'><strong>animadverteret,</strong></span> <span class='ocrx_word' id='word_1_97' title='bbox 612 1841 873 1942; x_wconf 82' lang='lat' dir='ltr'><strong>pacificandum</strong></span> <span class='ocrx_word' id='word_1_98' title='bbox 891 1869 974 1916; x_wconf 89' lang='lat' dir='ltr'><strong>cum</strong></span> <span class='ocrx_word' id='word_1_99' title='bbox 993 1849 1121 1918; x_wconf 89' lang='lat' dir='ltr'><strong>nostris</strong></span> <span class='ocrx_word' id='word_1_100' title='bbox 1137 1861 1248 1936; x_wconf 83' lang='lat' dir='ltr'><strong>ratus,</strong></span> <span class='ocrx_word' id='word_1_101' title='bbox 1260 1847 1449 1928; x_wconf 63' lang='lat' dir='ltr'><strong>sunonem</strong></span> 
     </span>
     <span class='ocr_line' id='line_1_14' title="bbox 142 1944 1453 2072; baseline 0.002 -32"><span class='ocrx_word' id='word_1_102' title='bbox 142 1972 320 2065; x_wconf 85' lang='lat' dir='ltr'><strong>poposcit,</strong></span> <span class='ocrx_word' id='word_1_103' title='bbox 345 1991 464 2068; x_wconf 89' lang='lat' dir='ltr'><strong>eoque</strong></span> <span class='ocrx_word' id='word_1_104' title='bbox 478 1969 744 2067; x_wconf 78' lang='lat' dir='ltr'><strong>compositionis</strong></span> <span class='ocrx_word' id='word_1_105' title='bbox 757 1981 877 2062; x_wconf 86' lang='lat' dir='ltr'><strong>partes</strong></span> <span class='ocrx_word' id='word_1_106' title='bbox 893 1965 1033 2063; x_wconf 89' lang='lat' dir='ltr'><strong>plenius</strong></span> <span class='ocrx_word' id='word_1_107' title='bbox 1050 1944 1245 2058; x_wconf 75' lang='lat' dir='ltr'><strong>exhibente,</strong></span> <span class='ocrx_word' id='word_1_108' title='bbox 1270 1976 1453 2072; x_wconf 81' lang='lat' dir='ltr'><strong>usquead</strong></span> 
     </span>
     <span class='ocr_line' id='line_1_15' title="bbox 140 2080 1454 2174; baseline 0.008 -14"><span class='ocrx_word' id='word_1_109' title='bbox 140 2089 290 2162; x_wconf 86' lang='lat' dir='ltr'><strong>Henrici</strong></span> <span class='ocrx_word' id='word_1_110' title='bbox 313 2087 414 2164; x_wconf 90' lang='lat' dir='ltr'><strong>ducis</strong></span> <span class='ocrx_word' id='word_1_111' title='bbox 435 2117 456 2164; x_wconf 92' lang='lat' dir='ltr'><strong>e</strong></span> <span class='ocrx_word' id='word_1_112' title='bbox 480 2093 630 2165; x_wconf 86' lang='lat' dir='ltr'><strong>Bavaria</strong></span> <span class='ocrx_word' id='word_1_113' title='bbox 652 2080 804 2162; x_wconf 89' lang='lat' dir='ltr'><strong>reditum</strong></span> <span class='ocrx_word' id='word_1_114' title='bbox 828 2085 916 2159; x_wconf 91' lang='lat' dir='ltr'><strong>belli</strong></span> <span class='ocrx_word' id='word_1_115' title='bbox 937 2085 1144 2160; x_wconf 86' lang='lat' dir='ltr'><strong>dilationem</strong></span> <span class='ocrx_word' id='word_1_116' title='bbox 1161 2087 1324 2168; x_wconf 87' lang='lat' dir='ltr'><strong>obtinuit.</strong></span> <span class='ocrx_word' id='word_1_117' title='bbox 1377 2099 1454 2174; x_wconf 84' lang='lat' dir='ltr'><strong>Rex</strong></span> 
     </span>
     <span class='ocr_line' id='line_1_16' title="bbox 143 2210 1453 2316; baseline 0.005 -31"><span class='ocrx_word' id='word_1_118' title='bbox 143 2210 278 2286; x_wconf 84' lang='lat' dir='ltr'><strong>deinde</strong></span> <span class='ocrx_word' id='word_1_119' title='bbox 292 2215 447 2313; x_wconf 84' lang='lat' dir='ltr'><strong>llugiam</strong></span> <span class='ocrx_word' id='word_1_120' title='bbox 462 2211 636 2288; x_wconf 82' lang='lat' dir='ltr'><strong>advectus</strong></span> <span class='ocrx_word' id='word_1_121' title='bbox 648 2215 679 2304; x_wconf 88' lang='lat'><strong>²,</strong></span> <span class='ocrx_word' id='word_1_122' title='bbox 705 2210 1018 2308; x_wconf 77' lang='lat' dir='ltr'><strong>Circipnnensem³</strong></span> <span class='ocrx_word' id='word_1_123' title='bbox 1036 2212 1157 2284; x_wconf 86' lang='lat' dir='ltr'><strong>statuit</strong></span> <span class='ocrx_word' id='word_1_124' title='bbox 1172 2227 1453 2316; x_wconf 76' lang='lat' dir='ltr'><strong>nnentarepro-</strong></span> 
     </span>
    </p>
   </div>
   <div class='ocr_carea' id='block_1_3' title="bbox 146 2589 1556 3422">
    <p class='ocr_par' dir='ltr' id='par_1_3' title="bbox 146 2589 1556 3316">
     <span class='ocr_line' id='line_1_17' title="bbox 146 2589 1457 2684; baseline 0.004 -27"><span class='ocrx_word' id='word_1_125' title='bbox 146 2591 310 2678; x_wconf 82' lang='lat' dir='ltr'><strong>putatione</strong></span> <span class='ocrx_word' id='word_1_126' title='bbox 323 2593 483 2679; x_wconf 77' lang='lat' dir='ltr'><strong>probabile</strong></span> <span class='ocrx_word' id='word_1_127' title='bbox 502 2589 663 2670; x_wconf 81' lang='lat' dir='ltr'><strong>redditur.)</strong></span> <span class='ocrx_word' id='word_1_128' title='bbox 697 2593 776 2654; x_wconf 84' lang='lat' dir='ltr'><strong>Ean·</strong></span> <span class='ocrx_word' id='word_1_129' title='bbox 831 2591 914 2676; x_wconf 89' lang='lat' dir='ltr'><strong>quod</strong></span> <span class='ocrx_word' id='word_1_130' title='bbox 936 2589 972 2655; x_wconf 88' lang='lat' dir='ltr'><strong>ad</strong></span> <span class='ocrx_word' id='word_1_131' title='bbox 992 2591 1119 2655; x_wconf 86' lang='lat' dir='ltr'><strong>insulam</strong></span> <span class='ocrx_word' id='word_1_132' title='bbox 1140 2592 1291 2676; x_wconf 84' lang='lat' dir='ltr'><strong>quandam</strong></span> <span class='ocrx_word' id='word_1_133' title='bbox 1303 2601 1457 2684; x_wconf 83' lang='lat' dir='ltr'><strong>pertinere</strong></span> 
     </span>
     <span class='ocr_line' id='line_1_18' title="bbox 146 2695 1556 2792; baseline 0.006 -28"><span class='ocrx_word' id='word_1_134' title='bbox 146 2701 235 2792; x_wconf 49' lang='lat' dir='ltr'><strong>dem·</strong></span> <span class='ocrx_word' id='word_1_135' title='bbox 248 2714 362 2766; x_wconf 87' lang='lat' dir='ltr'><strong>terram</strong></span> <span class='ocrx_word' id='word_1_136' title='bbox 390 2723 415 2764; x_wconf 83' lang='lat' dir='ltr'><strong>a.</strong></span> <span class='ocrx_word' id='word_1_137' title='bbox 442 2695 523 2764; x_wconf 81' lang='lat'><strong>1769</strong></span> <span class='ocrx_word' id='word_1_138' title='bbox 553 2699 683 2784; x_wconf 83' lang='lat' dir='ltr'><strong>ducenta</strong></span> <span class='ocrx_word' id='word_1_139' title='bbox 705 2719 777 2782; x_wconf 87' lang='lat' dir='ltr'><strong>qua·</strong></span> <span class='ocrx_word' id='word_1_140' title='bbox 832 2697 962 2776; x_wconf 83' lang='lat' dir='ltr'><strong>ridetur,</strong></span> <span class='ocrx_word' id='word_1_141' title='bbox 979 2697 1093 2762; x_wconf 85' lang='lat' dir='ltr'><strong>rectius</strong></span> <span class='ocrx_word' id='word_1_142' title='bbox 1115 2697 1243 2774; x_wconf 69' lang='lat' dir='ltr'><strong>sonasse</strong></span> <span class='ocrx_word' id='word_1_143' title='bbox 1264 2704 1458 2773; x_wconf 84' lang='lat' dir='ltr'><strong>scribendam</strong></span> <span class='ocrx_word' id='word_1_144' title='bbox 1555 2751 1556 2756; x_wconf 22' lang='grc' dir='ltr'><strong><em>κ</em></strong></span> 
     </span>
     <span class='ocr_line' id='line_1_19' title="bbox 147 2800 1460 2892; baseline 0.008 -24"><span class='ocrx_word' id='word_1_145' title='bbox 147 2805 292 2891; x_wconf 78' lang='lat' dir='ltr'><strong>draginta</strong></span> <span class='ocrx_word' id='word_1_146' title='bbox 310 2819 389 2884; x_wconf 84' lang='lat' dir='ltr'><strong>tres,</strong></span> <span class='ocrx_word' id='word_1_147' title='bbox 414 2829 441 2869; x_wconf 81' lang='lat' dir='ltr'><strong>a.</strong></span> <span class='ocrx_word' id='word_1_148' title='bbox 464 2801 544 2869; x_wconf 84' lang='lat'>1835</span> <span class='ocrx_word' id='word_1_149' title='bbox 567 2815 701 2868; x_wconf 85' lang='lat' dir='ltr'><strong>trecenta</strong></span> <span class='ocrx_word' id='word_1_150' title='bbox 722 2801 778 2866; x_wconf 87' lang='lat' dir='ltr'><strong>tri·</strong></span> <span class='ocrx_word' id='word_1_151' title='bbox 833 2815 899 2868; x_wconf 87' lang='lat' dir='ltr'><strong>erat</strong></span> <span class='ocrx_word' id='word_1_152' title='bbox 912 2800 1063 2882; x_wconf 79' lang='lat' dir='ltr'><strong>Geitiseril,</strong></span> <span class='ocrx_word' id='word_1_153' title='bbox 1082 2803 1164 2890; x_wconf 88' lang='lat' dir='ltr'><strong>quod</strong></span> <span class='ocrx_word' id='word_1_154' title='bbox 1178 2805 1301 2892; x_wconf 73' lang='lat' dir='ltr'><strong>lingulas</strong></span> <span class='ocrx_word' id='word_1_155' title='bbox 1317 2813 1460 2880; x_wconf 83' lang='lat' dir='ltr'><strong>meridio-</strong></span> 
     </span>
     <span class='ocr_line' id='line_1_20' title="bbox 146 2909 1460 3002; baseline 0.007 -27"><span class='ocrx_word' id='word_1_156' title='bbox 146 2913 235 2998; x_wconf 84' lang='lat' dir='ltr'><strong>ginta</strong></span> <span class='ocrx_word' id='word_1_157' title='bbox 265 2925 337 2977; x_wconf 83' lang='lat' dir='ltr'><strong>octo</strong></span> <span class='ocrx_word' id='word_1_158' title='bbox 362 2912 455 2976; x_wconf 89' lang='lat' dir='ltr'><strong>millia</strong></span> <span class='ocrx_word' id='word_1_159' title='bbox 479 2910 638 2975; x_wconf 88' lang='lat' dir='ltr'><strong>hominum</strong></span> <span class='ocrx_word' id='word_1_160' title='bbox 666 2909 779 2973; x_wconf 83' lang='lat' dir='ltr'><strong>incole·</strong></span> <span class='ocrx_word' id='word_1_161' title='bbox 833 2911 896 2972; x_wconf 89' lang='lat' dir='ltr'><strong>nali</strong></span> <span class='ocrx_word' id='word_1_162' title='bbox 911 2909 1049 2975; x_wconf 83' lang='lat' dir='ltr'><strong>Falstriae</strong></span> <span class='ocrx_word' id='word_1_163' title='bbox 1068 2913 1175 2988; x_wconf 77' lang='lat' dir='ltr'><strong>melius,</strong></span> <span class='ocrx_word' id='word_1_164' title='bbox 1197 2917 1460 3002; x_wconf 66' lang='lat' dir='ltr'><strong>constristarer.</strong></span> 
     </span>
     <span class='ocr_line' id='line_1_21' title="bbox 148 3007 1462 3101; baseline 0.008 -21"><span class='ocrx_word' id='word_1_165' title='bbox 148 3019 238 3082; x_wconf 84' lang='lat' dir='ltr'><strong>bant.</strong></span> <span class='ocrx_word' id='word_1_166' title='bbox 832 3007 1131 3101; x_wconf 57' lang='lat' dir='ltr'><strong>adapostolicam).</strong></span> <span class='ocrx_word' id='word_1_167' title='bbox 1174 3020 1263 3099; x_wconf 80' lang='lat' dir='ltr'><strong>Inde,</strong></span> <span class='ocrx_word' id='word_1_168' title='bbox 1287 3023 1394 3089; x_wconf 85' lang='lat' dir='ltr'><strong>eodem</strong></span> <span class='ocrx_word' id='word_1_169' title='bbox 1411 3049 1462 3092; x_wconf 85' lang='lat' dir='ltr'><strong>sn·</strong></span> 
     </span>
     <span class='ocr_line' id='line_1_22' title="bbox 834 3119 1462 3215; baseline 0.016 -30"><span class='ocrx_word' id='word_1_170' title='bbox 834 3134 919 3185; x_wconf 81' lang='lat' dir='ltr'><strong>etone</strong></span> <span class='ocrx_word' id='word_1_171' title='bbox 940 3119 1110 3215; x_wconf 73' lang='lat' dir='ltr'><strong>referente,</strong></span> <span class='ocrx_word' id='word_1_172' title='bbox 1132 3123 1170 3188; x_wconf 88' lang='lat' dir='ltr'><strong>ad</strong></span> <span class='ocrx_word' id='word_1_173' title='bbox 1184 3128 1314 3190; x_wconf 83' lang='lat' dir='ltr'><strong>Strelam</strong></span> <span class='ocrx_word' id='word_1_174' title='bbox 1333 3129 1462 3195; x_wconf 87' lang='lat' dir='ltr'><strong>insulam</strong></span> 
     </span>
     <span class='ocr_line' id='line_1_23' title="bbox 849 3221 1415 3316; baseline 0.009 -22"><span class='ocrx_word' id='word_1_175' title='bbox 849 3247 877 3290; x_wconf 82' lang='lat' dir='ltr'><strong>v.</strong></span> <span class='ocrx_word' id='word_1_176' title='bbox 898 3248 989 3312; x_wconf 85' lang='lat' dir='ltr'><strong>supra</strong></span> <span class='ocrx_word' id='word_1_177' title='bbox 1010 3251 1042 3313; x_wconf 91' lang='lat' dir='ltr'><strong>p.</strong></span> <span class='ocrx_word' id='word_1_178' title='bbox 1063 3221 1141 3310; x_wconf 78' lang='grc'>804)</span> <span class='ocrx_word' id='word_1_179' title='bbox 1161 3245 1342 3316; x_wconf 82' lang='lat' dir='ltr'><strong>perventum</strong></span> <span class='ocrx_word' id='word_1_180' title='bbox 1361 3250 1415 3300; x_wconf 84' lang='lat' dir='ltr'><strong>est.</strong></span> 
     </span>
    </p>

    <p class='ocr_par' dir='ltr' id='par_1_4' title="bbox 880 3333 1464 3422">
     <span class='ocr_line' id='line_1_24' title="bbox 880 3333 1464 3422; baseline 0.015 -24"><span class='ocrx_word' id='word_1_181' title='bbox 880 3336 893 3370; x_wconf 79' lang='lat'><strong>³</strong></span> <span class='ocrx_word' id='word_1_182' title='bbox 918 3333 1162 3422; x_wconf 71' lang='lat' dir='ltr'><strong>Ct&#39;rerponensem]</strong></span> <span class='ocrx_word' id='word_1_183' title='bbox 1197 3337 1354 3403; x_wconf 85' lang='lat' dir='ltr'><strong>Insolittun</strong></span> <span class='ocrx_word' id='word_1_184' title='bbox 1391 3344 1464 3407; x_wconf 84' lang='lat' dir='ltr'><strong>scri·</strong></span> 
     </span>
    </p>
   </div>
   <div class='ocr_carea' id='block_1_4' title="bbox 148 3163 847 3466">
    <p class='ocr_par' dir='ltr' id='par_1_5' title="bbox 148 3163 847 3466">
     <span class='ocr_line' id='line_1_25' title="bbox 201 3163 779 3246; baseline -0.003 -18"><span class='ocrx_word' id='word_1_185' title='bbox 201 3172 210 3205; x_wconf 91' lang='lat'><strong>¹</strong></span> <span class='ocrx_word' id='word_1_186' title='bbox 229 3163 387 3246; x_wconf 82' lang='lat' dir='ltr'><strong>Henricns]</strong></span> <span class='ocrx_word' id='word_1_187' title='bbox 407 3165 549 3226; x_wconf 76' lang='lat' dir='ltr'><strong>Fortasse</strong></span> <span class='ocrx_word' id='word_1_188' title='bbox 564 3164 713 3227; x_wconf 84' lang='lat' dir='ltr'><strong>Henricus</strong></span> <span class='ocrx_word' id='word_1_189' title='bbox 726 3163 779 3226; x_wconf 81' lang='lat' dir='ltr'><strong>ille</strong></span> 
     </span>
     <span class='ocr_line' id='line_1_26' title="bbox 151 3223 847 3366; baseline -0.007 -29"><span class='ocrx_word' id='word_1_190' title='bbox 151 3271 346 3358; x_wconf 72' lang='lat' dir='ltr'><strong>l&#39;bnringns,</strong></span> <span class='ocrx_word' id='word_1_191' title='bbox 367 3291 469 3335; x_wconf 85' lang='lat' dir='ltr'><strong>comes</strong></span> <span class='ocrx_word' id='word_1_192' title='bbox 490 3269 543 3348; x_wconf 81' lang='lat' dir='ltr'><strong>(de</strong></span> <span class='ocrx_word' id='word_1_193' title='bbox 561 3265 781 3366; x_wconf 78' lang='lat' dir='ltr'><strong>lleiernbnrgl,</strong></span> <span class='ocrx_word' id='word_1_194' title='bbox 834 3223 847 3308; x_wconf 75' lang='lat' dir='ltr'><strong>l</strong></span> 
     </span>
     <span class='ocr_line' id='line_1_27' title="bbox 148 3373 780 3466; baseline -0.005 -25"><span class='ocrx_word' id='word_1_195' title='bbox 148 3398 248 3466; x_wconf 89' lang='lat' dir='ltr'><strong>quem</strong></span> <span class='ocrx_word' id='word_1_196' title='bbox 280 3376 340 3440; x_wconf 85' lang='lat' dir='ltr'><strong>dux</strong></span> <span class='ocrx_word' id='word_1_197' title='bbox 365 3389 500 3440; x_wconf 88' lang='lat' dir='ltr'><strong>tutorem</strong></span> <span class='ocrx_word' id='word_1_198' title='bbox 529 3373 666 3459; x_wconf 80' lang='lat' dir='ltr'><strong>sdotphi</strong></span> <span class='ocrx_word' id='word_1_199' title='bbox 698 3376 780 3438; x_wconf 87' lang='lat' dir='ltr'><strong>tertii</strong></span> 
     </span>
    </p>
   </div>
   <div class='ocr_carea' id='block_1_5' title="bbox 147 3481 780 3561">
    <p class='ocr_par' dir='ltr' id='par_1_6' title="bbox 147 3481 780 3561">
     <span class='ocr_line' id='line_1_28' title="bbox 147 3481 780 3561; baseline -0.002 -15"><span class='ocrx_word' id='word_1_200' title='bbox 147 3483 372 3561; x_wconf 82' lang='lat' dir='ltr'><strong>constituerat,</strong></span> <span class='ocrx_word' id='word_1_201' title='bbox 398 3482 546 3546; x_wconf 82' lang='lat' dir='ltr'><strong>Holsstiae</strong></span> <span class='ocrx_word' id='word_1_202' title='bbox 569 3481 687 3544; x_wconf 87' lang='lat' dir='ltr'><strong>consitis</strong></span> <span class='ocrx_word' id='word_1_203' title='bbox 708 3481 780 3560; x_wconf 81' lang='lat' dir='ltr'><strong>(cir.</strong></span> 
     </span>
    </p>
   </div>
   <div class='ocr_carea' id='block_1_6' title="bbox 146 3547 1467 3733">
    <p class='ocr_par' dir='ltr' id='par_1_7' title="bbox 146 3547 1467 3733">
     <span class='ocr_line' id='line_1_29' title="bbox 146 3547 1467 3733; baseline -0.042 -76"><span class='ocrx_word' id='word_1_204' title='bbox 146 3593 261 3656; x_wconf 82' lang='lat' dir='ltr'><strong>Grsm.</strong></span> <span class='ocrx_word' id='word_1_205' title='bbox 279 3589 312 3652; x_wconf 92' lang='lat' dir='ltr'><strong>in</strong></span> <span class='ocrx_word' id='word_1_206' title='bbox 331 3599 394 3651; x_wconf 77' lang='lat' dir='ltr'><strong>not.</strong></span> <span class='ocrx_word' id='word_1_207' title='bbox 413 3589 452 3650; x_wconf 87' lang='lat' dir='ltr'><strong>ad</strong></span> <span class='ocrx_word' id='word_1_208' title='bbox 470 3589 580 3650; x_wconf 86' lang='lat' dir='ltr'><strong>Meurs.</strong></span> <span class='ocrx_word' id='word_1_209' title='bbox 596 3588 655 3678; x_wconf 85' lang='lat' dir='ltr'><strong>col.</strong></span> <span class='ocrx_word' id='word_1_210' title='bbox 675 3583 761 3666; x_wconf 81' lang='grc'>358),</span> <span class='ocrx_word' id='word_1_211' title='bbox 834 3547 892 3733; x_wconf 42' lang='grc' dir='ltr'><strong>ἷζε</strong></span> <span class='ocrx_word' id='word_1_212' title='bbox 886 3569 1068 3714; x_wconf 46' lang='lat' dir='ltr'><strong>‘mm</strong></span> <span class='ocrx_word' id='word_1_213' title='bbox 1065 3592 1090 3715; x_wconf 75' lang='lat' dir='ltr'><strong>‚u</strong></span> <span class='ocrx_word' id='word_1_214' title='bbox 1090 3549 1322 3720; x_wconf 52' lang='lat' dir='ltr'><strong>tnS&#39;tietplrarippcti</strong></span> <span class='ocrx_word' id='word_1_215' title='bbox 1319 3575 1359 3721; x_wconf 58' lang='lat'><strong>:1⁸</strong></span> <span class='ocrx_word' id='word_1_216' title='bbox 1370 3557 1467 3725; x_wconf 47' lang='grc' dir='ltr'><strong>Ἓξ</strong></span> 
     </span>
    </p>
   </div>
   <div class='ocr_carea' id='block_1_7' title="bbox 127 3753 1474 4480">
    <p class='ocr_par' dir='ltr' id='par_1_8' title="bbox 127 3753 1474 4480">
     <span class='ocr_line' id='line_1_30' title="bbox 208 3753 1468 3850; baseline 0.006 -27"><span class='ocrx_word' id='word_1_217' title='bbox 208 3763 308 3823; x_wconf 75' lang='lat' dir='ltr'><strong>&#39;Rex</strong></span> <span class='ocrx_word' id='word_1_218' title='bbox 342 3758 445 3821; x_wconf 81' lang='lat' dir='ltr'><strong>deinde</strong></span> <span class='ocrx_word' id='word_1_219' title='bbox 469 3759 597 3841; x_wconf 76' lang='lat' dir='ltr'><strong>Regiam</strong></span> <span class='ocrx_word' id='word_1_220' title='bbox 634 3755 784 3850; x_wconf 63' lang='lat' dir='ltr'><strong>adnectas]</strong></span> <span class='ocrx_word' id='word_1_221' title='bbox 840 3753 924 3816; x_wconf 85' lang='lat' dir='ltr'><strong>bitur</strong></span> <span class='ocrx_word' id='word_1_222' title='bbox 960 3755 1200 3843; x_wconf 70' lang='lat' dir='ltr'><strong>Cercrpnnensem.</strong></span> <span class='ocrx_word' id='word_1_223' title='bbox 1269 3765 1468 3850; x_wconf 76' lang='lat' dir='ltr'><strong>circipaniam</strong></span> 
     </span>
     <span class='ocr_line' id='line_1_31' title="bbox 149 3860 1468 3948; baseline 0 -14"><span class='ocrx_word' id='word_1_224' title='bbox 149 3873 245 3934; x_wconf 87' lang='lat' dir='ltr'><strong>Dum</strong></span> <span class='ocrx_word' id='word_1_225' title='bbox 256 3866 323 3928; x_wconf 86' lang='lat' dir='ltr'><strong>baec</strong></span> <span class='ocrx_word' id='word_1_226' title='bbox 336 3863 506 3946; x_wconf 81' lang='lat' dir='ltr'><strong>inWagria</strong></span> <span class='ocrx_word' id='word_1_227' title='bbox 517 3864 710 3947; x_wconf 79' lang='lat' dir='ltr'><strong>gerebantur,</strong></span> <span class='ocrx_word' id='word_1_228' title='bbox 724 3883 787 3940; x_wconf 80' lang='lat' dir='ltr'><strong>rex,</strong></span> <span class='ocrx_word' id='word_1_229' title='bbox 842 3860 923 3924; x_wconf 79' lang='lat' dir='ltr'><strong>eninr</strong></span> <span class='ocrx_word' id='word_1_230' title='bbox 948 3861 1096 3927; x_wconf 81' lang='lat' dir='ltr'><strong>vocabant</strong></span> <span class='ocrx_word' id='word_1_231' title='bbox 1122 3866 1286 3948; x_wconf 82' lang='lat' dir='ltr'><strong>scriptores</strong></span> <span class='ocrx_word' id='word_1_232' title='bbox 1302 3869 1403 3932; x_wconf 84' lang='lat' dir='ltr'><strong>Latini</strong></span> <span class='ocrx_word' id='word_1_233' title='bbox 1420 3889 1468 3933; x_wconf 85' lang='lat' dir='ltr'><strong>re·</strong></span> 
     </span>
     <span class='ocr_line' id='line_1_32' title="bbox 148 3967 1470 4061; baseline 0.003 -23"><span class='ocrx_word' id='word_1_234' title='bbox 148 3967 715 4056; x_wconf 74' lang='lat' dir='ltr'><strong>&#39;’tordiusagens,&#39;’reliquamclassem</strong></span> <span class='ocrx_word' id='word_1_235' title='bbox 726 3973 788 4033; x_wconf 89' lang='lat' dir='ltr'><strong>Da·</strong></span> <span class='ocrx_word' id='word_1_236' title='bbox 842 3989 911 4030; x_wconf 86' lang='lat' dir='ltr'><strong>rom</strong></span> <span class='ocrx_word' id='word_1_237' title='bbox 942 3967 1128 4034; x_wconf 82' lang='lat' dir='ltr'><strong>Slavicarunr</strong></span> <span class='ocrx_word' id='word_1_238' title='bbox 1158 3970 1240 4034; x_wconf 89' lang='lat' dir='ltr'><strong>illius</strong></span> <span class='ocrx_word' id='word_1_239' title='bbox 1274 3974 1332 4038; x_wconf 75' lang='lat' dir='ltr'><strong>aevi</strong></span> <span class='ocrx_word' id='word_1_240' title='bbox 1370 3977 1470 4061; x_wconf 79' lang='lat' dir='ltr'><strong>regio·</strong></span> 
     </span>
     <span class='ocr_line' id='line_1_33' title="bbox 127 4073 1470 4166; baseline -0.001 -21"><span class='ocrx_word' id='word_1_241' title='bbox 127 4079 262 4146; x_wconf 56' lang='lat' dir='ltr'><strong>&#39;nicam</strong></span> <span class='ocrx_word' id='word_1_242' title='bbox 283 4079 458 4160; x_wconf 79' lang='lat' dir='ltr'><strong>collegerat.</strong></span> <span class='ocrx_word' id='word_1_243' title='bbox 509 4075 565 4138; x_wconf 84' lang='lat' dir='ltr'><strong>Cui</strong></span> <span class='ocrx_word' id='word_1_244' title='bbox 586 4075 717 4160; x_wconf 77' lang='lat' dir='ltr'><strong>Rugiam</strong></span> <span class='ocrx_word' id='word_1_245' title='bbox 737 4096 789 4160; x_wconf 88' lang='lat' dir='ltr'><strong>pe-</strong></span> <span class='ocrx_word' id='word_1_246' title='bbox 844 4095 914 4138; x_wconf 88' lang='lat' dir='ltr'><strong>nem</strong></span> <span class='ocrx_word' id='word_1_247' title='bbox 933 4076 1009 4139; x_wconf 88' lang='lat' dir='ltr'><strong>Pani</strong></span> <span class='ocrx_word' id='word_1_248' title='bbox 1027 4073 1122 4140; x_wconf 86' lang='lat' dir='ltr'><strong>llurio</strong></span> <span class='ocrx_word' id='word_1_249' title='bbox 1143 4077 1272 4142; x_wconf 80' lang='lat' dir='ltr'><strong>vicinam</strong></span> <span class='ocrx_word' id='word_1_250' title='bbox 1293 4079 1331 4141; x_wconf 82' lang='lat' dir='ltr'><strong>ad</strong></span> <span class='ocrx_word' id='word_1_251' title='bbox 1350 4094 1470 4166; x_wconf 89' lang='lat' dir='ltr'><strong>septen·</strong></span> 
     </span>
     <span class='ocr_line' id='line_1_34' title="bbox 146 4181 1472 4270; baseline -0.001 -20"><span class='ocrx_word' id='word_1_252' title='bbox 146 4185 242 4257; x_wconf 77' lang='lat' dir='ltr'><strong>senti</strong></span> <span class='ocrx_word' id='word_1_253' title='bbox 273 4181 425 4262; x_wconf 70' lang='lat' dir='ltr'><strong>ocenrdt,</strong></span> <span class='ocrx_word' id='word_1_254' title='bbox 462 4191 539 4245; x_wconf 85' lang='lat' dir='ltr'><strong>testa</strong></span> <span class='ocrx_word' id='word_1_255' title='bbox 568 4194 693 4245; x_wconf 87' lang='lat' dir='ltr'><strong>anctore</strong></span> <span class='ocrx_word' id='word_1_256' title='bbox 718 4182 790 4244; x_wconf 87' lang='lat' dir='ltr'><strong>hist.</strong></span> <span class='ocrx_word' id='word_1_257' title='bbox 845 4182 987 4245; x_wconf 84' lang='lat' dir='ltr'><strong>trionem.</strong></span> <span class='ocrx_word' id='word_1_258' title='bbox 1034 4183 1126 4268; x_wconf 80' lang='lat' dir='ltr'><strong>Apud</strong></span> <span class='ocrx_word' id='word_1_259' title='bbox 1150 4184 1315 4270; x_wconf 83' lang='lat' dir='ltr'><strong>scriptores</strong></span> <span class='ocrx_word' id='word_1_260' title='bbox 1335 4185 1472 4250; x_wconf 80' lang='lat' dir='ltr'><strong>lalandos</strong></span> 
     </span>
     <span class='ocr_line' id='line_1_35' title="bbox 146 4273 1473 4374; baseline 0.003 -21"><span class='ocrx_word' id='word_1_261' title='bbox 146 4291 268 4374; x_wconf 73' lang='lat' dir='ltr'><strong>Rnytl.</strong></span> <span class='ocrx_word' id='word_1_262' title='bbox 287 4291 309 4352; x_wconf 92' lang='lat' dir='ltr'><strong>l.</strong></span> <span class='ocrx_word' id='word_1_263' title='bbox 326 4309 363 4368; x_wconf 87' lang='lat' dir='ltr'><strong>n,</strong></span> <span class='ocrx_word' id='word_1_264' title='bbox 382 4286 517 4351; x_wconf 76' lang='lat' dir='ltr'><strong>Absalon</strong></span> <span class='ocrx_word' id='word_1_265' title='bbox 540 4285 703 4370; x_wconf 73' lang='lat' dir='ltr'><strong>eWagria</strong></span> <span class='ocrx_word' id='word_1_266' title='bbox 722 4284 792 4350; x_wconf 87' lang='lat' dir='ltr'><strong>red·</strong></span> <span class='ocrx_word' id='word_1_267' title='bbox 847 4287 907 4352; x_wconf 90' lang='lat' dir='ltr'><strong>boc</strong></span> <span class='ocrx_word' id='word_1_268' title='bbox 932 4273 1044 4351; x_wconf 67' lang='lat' dir='ltr'><strong>nomin</strong></span> <span class='ocrx_word' id='word_1_269' title='bbox 1075 4309 1137 4351; x_wconf 89' lang='lat' dir='ltr'><strong>non</strong></span> <span class='ocrx_word' id='word_1_270' title='bbox 1167 4287 1308 4352; x_wconf 84' lang='lat' dir='ltr'><strong>occurrit.</strong></span> <span class='ocrx_word' id='word_1_271' title='bbox 1354 4292 1473 4357; x_wconf 78' lang='lat' dir='ltr'><strong>Auctor</strong></span> 
     </span>
     <span class='ocr_line' id='line_1_36' title="bbox 147 4389 1474 4480; baseline -0.002 -18"><span class='ocrx_word' id='word_1_272' title='bbox 147 4401 232 4464; x_wconf 76' lang='lat' dir='ltr'><strong>tens</strong></span> <span class='ocrx_word' id='word_1_273' title='bbox 248 4389 322 4459; x_wconf 71' lang='lat' dir='ltr'><strong>’&#39;vitt</strong></span> <span class='ocrx_word' id='word_1_274' title='bbox 341 4391 502 4476; x_wconf 84' lang='lat' dir='ltr'><strong>Geitissy’&#39;,</strong></span> <span class='ocrx_word' id='word_1_275' title='bbox 526 4391 558 4454; x_wconf 86' lang='lat' dir='ltr'><strong>id</strong></span> <span class='ocrx_word' id='word_1_276' title='bbox 579 4403 643 4470; x_wconf 89' lang='lat' dir='ltr'><strong>est,</strong></span> <span class='ocrx_word' id='word_1_277' title='bbox 663 4411 793 4476; x_wconf 83' lang='lat' dir='ltr'><strong>propes</strong></span> <span class='ocrx_word' id='word_1_278' title='bbox 850 4390 920 4455; x_wconf 87' lang='lat' dir='ltr'><strong>bist.</strong></span> <span class='ocrx_word' id='word_1_279' title='bbox 940 4393 1042 4475; x_wconf 72' lang='lat' dir='ltr'><strong>ttnytt.</strong></span> <span class='ocrx_word' id='word_1_280' title='bbox 1060 4397 1126 4478; x_wconf 86' lang='lat' dir='ltr'><strong>ejus</strong></span> <span class='ocrx_word' id='word_1_281' title='bbox 1146 4395 1216 4458; x_wconf 87' lang='lat' dir='ltr'><strong>loco</strong></span> <span class='ocrx_word' id='word_1_282' title='bbox 1236 4395 1410 4480; x_wconf 79' lang='lat' dir='ltr'><strong>provincias</strong></span> <span class='ocrx_word' id='word_1_283' title='bbox 1429 4395 1474 4462; x_wconf 83' lang='lat' dir='ltr'><strong>si-</strong></span> 
     </span>
    </p>
   </div>
   <div class='ocr_carea' id='block_1_8' title="bbox 835 3439 1595 3533">
    <p class='ocr_par' dir='ltr' id='par_1_9' title="bbox 835 3439 1595 3533">
     <span class='ocr_line' id='line_1_37' title="bbox 835 3439 1595 3533; baseline 0.014 -29"><span class='ocrx_word' id='word_1_284' title='bbox 835 3439 927 3504; x_wconf 87' lang='lat' dir='ltr'><strong>bendi</strong></span> <span class='ocrx_word' id='word_1_285' title='bbox 961 3440 1086 3504; x_wconf 85' lang='lat' dir='ltr'><strong>mnrium</strong></span> <span class='ocrx_word' id='word_1_286' title='bbox 1126 3441 1268 3508; x_wconf 83' lang='lat' dir='ltr'><strong>editionis</strong></span> <span class='ocrx_word' id='word_1_287' title='bbox 1305 3447 1464 3533; x_wconf 88' lang='lat' dir='ltr'><strong>principis,</strong></span> <span class='ocrx_word' id='word_1_288' title='bbox 1589 3471 1595 3484; x_wconf 84' lang='grc'><em>·</em></span> 
     </span>
    </p>
   </div>
   <div class='ocr_carea' id='block_1_9' title="bbox 148 4496 1612 4592">
    <p class='ocr_par' dir='ltr' id='par_1_10' title="bbox 148 4496 1612 4592">
     <span class='ocr_line' id='line_1_38' title="bbox 148 4496 1612 4592; baseline -0.003 -28"><span class='ocrx_word' id='word_1_289' title='bbox 148 4499 386 4592; x_wconf 77' lang='lat' dir='ltr'><strong>promontorio</strong></span> <span class='ocrx_word' id='word_1_290' title='bbox 401 4499 591 4563; x_wconf 86' lang='lat' dir='ltr'><strong>meridionali</strong></span> <span class='ocrx_word' id='word_1_291' title='bbox 609 4498 715 4561; x_wconf 82' lang='lat' dir='ltr'><strong>insulas</strong></span> <span class='ocrx_word' id='word_1_292' title='bbox 726 4498 795 4559; x_wconf 84' lang='lat' dir='ltr'><strong>Fal·</strong></span> <span class='ocrx_word' id='word_1_293' title='bbox 850 4496 913 4560; x_wconf 85' lang='lat' dir='ltr'><strong>fert</strong></span> <span class='ocrx_word' id='word_1_294' title='bbox 936 4500 1067 4560; x_wconf 83' lang='lat' dir='ltr'><strong>Tribuzis</strong></span> <span class='ocrx_word' id='word_1_295' title='bbox 1093 4511 1124 4560; x_wconf 86' lang='lat' dir='ltr'><strong>et</strong></span> <span class='ocrx_word' id='word_1_296' title='bbox 1147 4503 1282 4589; x_wconf 71' lang='lat' dir='ltr'><strong>Tripipm</strong></span> <span class='ocrx_word' id='word_1_297' title='bbox 1303 4501 1475 4590; x_wconf 82' lang='lat' dir='ltr'><strong>(Tribipen,</strong></span> <span class='ocrx_word' id='word_1_298' title='bbox 1599 4529 1612 4560; x_wconf 71' lang='lat' dir='ltr'><strong>s</strong></span> 
     </span>
    </p>
   </div>
   <div class='ocr_carea' id='block_1_10' title="bbox 145 4601 1477 5016">
    <p class='ocr_par' dir='ltr' id='par_1_11' title="bbox 145 4601 1477 4904">
     <span class='ocr_line' id='line_1_39' title="bbox 149 4601 1476 4692; baseline -0.002 -18"><span class='ocrx_word' id='word_1_299' title='bbox 149 4609 274 4687; x_wconf 82' lang='lat' dir='ltr'><strong>strias,</strong></span> <span class='ocrx_word' id='word_1_300' title='bbox 302 4605 394 4671; x_wconf 86' lang='lat' dir='ltr'><strong>bodie</strong></span> <span class='ocrx_word' id='word_1_301' title='bbox 418 4607 614 4671; x_wconf 80' lang='lat' dir='ltr'><strong>Giedssrodds</strong></span> <span class='ocrx_word' id='word_1_302' title='bbox 641 4601 740 4683; x_wconf 87' lang='lat' dir='ltr'><strong>dicto,</strong></span> <span class='ocrx_word' id='word_1_303' title='bbox 765 4601 797 4664; x_wconf 87' lang='lat' dir='ltr'><strong>in</strong></span> <span class='ocrx_word' id='word_1_304' title='bbox 853 4601 1033 4690; x_wconf 79' lang='lat' dir='ltr'><strong>Atripiiien,</strong></span> <span class='ocrx_word' id='word_1_305' title='bbox 1062 4601 1232 4692; x_wconf 87' lang='lat' dir='ltr'><strong>dequibus</strong></span> <span class='ocrx_word' id='word_1_306' title='bbox 1260 4604 1329 4670; x_wconf 83' lang='lat' dir='ltr'><strong>aide</strong></span> <span class='ocrx_word' id='word_1_307' title='bbox 1350 4611 1476 4673; x_wconf 85' lang='lat' dir='ltr'><strong>Forum.</strong></span> 
     </span>
     <span class='ocr_line' id='line_1_40' title="bbox 145 4705 1477 4807; baseline -0.003 -27"><span class='ocrx_word' id='word_1_308' title='bbox 145 4711 316 4803; x_wconf 73' lang='lat' dir='ltr'><strong>parocbia</strong></span> <span class='ocrx_word' id='word_1_309' title='bbox 345 4715 478 4799; x_wconf 80' lang='lat' dir='ltr'><strong>Geroesby</strong></span> <span class='ocrx_word' id='word_1_310' title='bbox 504 4714 581 4792; x_wconf 88' lang='lat' dir='ltr'><strong>sito,</strong></span> <span class='ocrx_word' id='word_1_311' title='bbox 612 4705 668 4775; x_wconf 84' lang='lat' dir='ltr'><strong>cfr.</strong></span> <span class='ocrx_word' id='word_1_312' title='bbox 696 4713 799 4776; x_wconf 85' lang='lat' dir='ltr'><strong>Form.</strong></span> <span class='ocrx_word' id='word_1_313' title='bbox 853 4711 926 4794; x_wconf 73' lang='lat' dir='ltr'><strong>sog.</strong></span> <span class='ocrx_word' id='word_1_314' title='bbox 943 4713 999 4773; x_wconf 74' lang='lat' dir='ltr'><strong>xil</strong></span> <span class='ocrx_word' id='word_1_315' title='bbox 1022 4733 1053 4796; x_wconf 84' lang='lat' dir='ltr'><strong>p.</strong></span> <span class='ocrx_word' id='word_1_316' title='bbox 1075 4705 1167 4794; x_wconf 81' lang='lat'><strong>361),</strong></span> <span class='ocrx_word' id='word_1_317' title='bbox 1202 4733 1271 4807; x_wconf 75' lang='lat' dir='ltr'><strong>qua</strong></span> <span class='ocrx_word' id='word_1_318' title='bbox 1296 4711 1477 4801; x_wconf 80' lang='lat' dir='ltr'><strong>Circipaniae</strong></span> 
     </span>
     <span class='ocr_line' id='line_1_41' title="bbox 148 4815 1071 4904; baseline -0.008 -17"><span class='ocrx_word' id='word_1_319' title='bbox 148 4823 244 4904; x_wconf 70' lang='lat' dir='ltr'><strong>sog.</strong></span> <span class='ocrx_word' id='word_1_320' title='bbox 266 4820 333 4898; x_wconf 83' lang='lat'><strong>111,</strong></span> <span class='ocrx_word' id='word_1_321' title='bbox 350 4815 421 4882; x_wconf 76' lang='lat'><strong>291.</strong></span> <span class='ocrx_word' id='word_1_322' title='bbox 469 4821 588 4884; x_wconf 86' lang='lat' dir='ltr'><strong>Nomen</strong></span> <span class='ocrx_word' id='word_1_323' title='bbox 608 4815 800 4898; x_wconf 79' lang='lat' dir='ltr'><strong>islandicam,</strong></span> <span class='ocrx_word' id='word_1_324' title='bbox 855 4829 958 4903; x_wconf 82' lang='lat' dir='ltr'><strong>partes</strong></span> <span class='ocrx_word' id='word_1_325' title='bbox 977 4827 1071 4883; x_wconf 87' lang='lat' dir='ltr'><strong>erant.</strong></span> 
     </span>
    </p>

    <p class='ocr_par' dir='ltr' id='par_1_12' title="bbox 232 4921 1421 5016">
     <span class='ocr_line' id='line_1_42' title="bbox 232 4921 1421 5016; baseline 0 -30"><span class='ocrx_word' id='word_1_326' title='bbox 232 4943 286 4988; x_wconf 69' lang='lat' dir='ltr'><strong>sax.</strong></span> <span class='ocrx_word' id='word_1_327' title='bbox 303 4943 432 4989; x_wconf 64' lang='lat' dir='ltr'><strong>Gramma.</strong></span> <span class='ocrx_word' id='word_1_328' title='bbox 445 4941 507 4988; x_wconf 71' lang='lat' dir='ltr'><strong>mut.</strong></span> <span class='ocrx_word' id='word_1_329' title='bbox 521 4941 578 4988; x_wconf 77' lang='lat' dir='ltr'><strong>Das.</strong></span> <span class='ocrx_word' id='word_1_330' title='bbox 1209 4921 1285 5016; x_wconf 78' lang='grc'>(56)</span> <span class='ocrx_word' id='word_1_331' title='bbox 1416 4949 1421 4958; x_wconf 87' lang='grc'><em>·</em></span> 
     </span>
    </p>
   </div>
   <div class='ocr_carea' id='block_1_11' title="bbox 0 0 1799 5462">
    <p class='ocr_par' dir='ltr' id='par_1_13' title="bbox 0 0 1799 5462">
     <span class='ocr_line' id='line_1_43' title="bbox 0 0 1799 5462; baseline 0 0"><span class='ocrx_word' id='word_1_332' title='bbox 0 0 1799 5462; x_wconf 95' lang='lat' dir='ltr'><strong> </strong></span> 
     </span>
    </p>
   </div>
  </div>
 </body>
</html>
