<?xml version="1.0" encoding="UTF-8"?>
<!DOCTYPE html PUBLIC "-//W3C//DTD XHTML 1.0 Transitional//EN"
    "http://www.w3.org/TR/xhtml1/DTD/xhtml1-transitional.dtd">
<html xmlns="http://www.w3.org/1999/xhtml" xml:lang="en" lang="en">
 <head>
  <title>
</title>
<meta http-equiv="Content-Type" content="text/html;charset=utf-8" />
  <meta name='ocr-system' content='tesseract 3.04.00' />
  <meta name='ocr-capabilities' content='ocr_page ocr_carea ocr_par ocr_line ocrx_word'/>
</head>
<body>
  <div class='ocr_page' id='page_1' title='image "./historiadanica01velsgoog_0213.png"; bbox 0 0 3508 5460; ppageno 0'>
   <div class='ocr_carea' id='block_1_1' title="bbox 367 297 1250 372">
    <p class='ocr_par' dir='ltr' id='par_1_1' title="bbox 367 297 1250 372">
     <span class='ocr_line' id='line_1_1' title="bbox 367 297 1250 372; baseline -0.002 0"><span class='ocrx_word' id='word_1_1' title='bbox 367 297 442 372; x_wconf 87' lang='lat'><strong>750</strong></span> <span class='ocrx_word' id='word_1_2' title='bbox 692 299 870 371; x_wconf 79' lang='lat' dir='ltr'><strong>flts&#39;rott.</strong></span> <span class='ocrx_word' id='word_1_3' title='bbox 885 299 993 372; x_wconf 81' lang='lat' dir='ltr'><strong>DAN.</strong></span> <span class='ocrx_word' id='word_1_4' title='bbox 1006 299 1145 372; x_wconf 79' lang='lat' dir='ltr'><strong>Ltstttt</strong></span> <span class='ocrx_word' id='word_1_5' title='bbox 1159 299 1250 372; x_wconf 81' lang='lat' dir='ltr'>xlv.</span> 
     </span>
    </p>
   </div>
   <div class='ocr_carea' id='block_1_2' title="bbox 211 502 1628 4053">
    <p class='ocr_par' dir='ltr' id='par_1_2' title="bbox 211 502 1628 4053">
     <span class='ocr_line' id='line_1_2' title="bbox 317 502 1624 610; baseline -0.004 -28"><span class='ocrx_word' id='word_1_6' title='bbox 317 507 459 602; x_wconf 84' lang='lat' dir='ltr'><strong>Quibus</strong></span> <span class='ocrx_word' id='word_1_7' title='bbox 485 511 591 584; x_wconf 89' lang='lat' dir='ltr'><strong>obvia</strong></span> <span class='ocrx_word' id='word_1_8' title='bbox 618 511 842 608; x_wconf 78' lang='lat' dir='ltr'><strong>navigatione</strong></span> <span class='ocrx_word' id='word_1_9' title='bbox 865 507 1012 610; x_wconf 86' lang='lat' dir='ltr'><strong>sugatis,</strong></span> <span class='ocrx_word' id='word_1_10' title='bbox 1038 535 1084 582; x_wconf 92' lang='lat' dir='ltr'><strong>ne</strong></span> <span class='ocrx_word' id='word_1_11' title='bbox 1103 515 1285 586; x_wconf 67' lang='lat' dir='ltr'><strong>sonorum</strong></span> <span class='ocrx_word' id='word_1_12' title='bbox 1314 508 1474 580; x_wconf 81' lang='lat' dir='ltr'><strong>reversio</strong></span> <span class='ocrx_word' id='word_1_13' title='bbox 1498 502 1624 578; x_wconf 83' lang='lat' dir='ltr'><strong>tardius</strong></span> 
     </span>
     <span class='ocr_line' id='line_1_3' title="bbox 317 631 1624 732; baseline -0.002 -30"><span class='ocrx_word' id='word_1_14' title='bbox 317 633 465 732; x_wconf 85' lang='lat' dir='ltr'><strong>navigiis</strong></span> <span class='ocrx_word' id='word_1_15' title='bbox 487 638 727 730; x_wconf 82' lang='lat' dir='ltr'>exciperetur,</span> <span class='ocrx_word' id='word_1_16' title='bbox 752 632 881 704; x_wconf 85' lang='lat' dir='ltr'><strong>omissa</strong></span> <span class='ocrx_word' id='word_1_17' title='bbox 905 631 1129 731; x_wconf 66' lang='lat' dir='ltr'><strong>fugitantium</strong></span> <span class='ocrx_word' id='word_1_18' title='bbox 1150 633 1383 720; x_wconf 80' lang='lat' dir='ltr'><strong>insecutione,</strong></span> <span class='ocrx_word' id='word_1_19' title='bbox 1409 643 1624 725; x_wconf 68' lang='lat' dir='ltr'><strong>pertonare-</strong></span> 
     </span>
     <span class='ocr_line' id='line_1_4' title="bbox 317 747 1625 846; baseline -0.005 -19"><span class='ocrx_word' id='word_1_20' title='bbox 317 755 407 828; x_wconf 81' lang='lat' dir='ltr'><strong>visit</strong></span> <span class='ocrx_word' id='word_1_21' title='bbox 463 757 590 827; x_wconf 80' lang='lat' dir='ltr'>Iterato</span> <span class='ocrx_word' id='word_1_22' title='bbox 606 753 800 846; x_wconf 89' lang='lat' dir='ltr'><strong>lacessitus,</strong></span> <span class='ocrx_word' id='word_1_23' title='bbox 828 753 957 826; x_wconf 89' lang='lat' dir='ltr'><strong>eodem</strong></span> <span class='ocrx_word' id='word_1_24' title='bbox 976 779 1067 830; x_wconf 87' lang='lat' dir='ltr'><strong>ausu</strong></span> <span class='ocrx_word' id='word_1_25' title='bbox 1088 753 1315 830; x_wconf 84' lang='lat' dir='ltr'><strong>invasoribus</strong></span> <span class='ocrx_word' id='word_1_26' title='bbox 1330 755 1460 828; x_wconf 87' lang='lat' dir='ltr'>restitit.</span> <span class='ocrx_word' id='word_1_27' title='bbox 1511 747 1579 824; x_wconf 85' lang='lat' dir='ltr'><strong>Sed</strong></span> <span class='ocrx_word' id='word_1_28' title='bbox 1594 763 1625 820; x_wconf 91' lang='lat' dir='ltr'><strong>et</strong></span> 
     </span>
     <span class='ocr_line' id='line_1_5' title="bbox 317 871 1625 974; baseline -0.005 -24"><span class='ocrx_word' id='word_1_29' title='bbox 317 874 534 974; x_wconf 89' lang='lat' dir='ltr'><strong>compluries</strong></span> <span class='ocrx_word' id='word_1_30' title='bbox 559 891 766 968; x_wconf 84' lang='lat' dir='ltr'><strong>attentatus,</strong></span> <span class='ocrx_word' id='word_1_31' title='bbox 801 875 927 950; x_wconf 85' lang='lat' dir='ltr'><strong>crebra</strong></span> <span class='ocrx_word' id='word_1_32' title='bbox 959 875 1114 954; x_wconf 89' lang='lat' dir='ltr'><strong>hostium</strong></span> <span class='ocrx_word' id='word_1_33' title='bbox 1138 882 1352 952; x_wconf 77' lang='lat' dir='ltr'><strong>irritamenta</strong></span> <span class='ocrx_word' id='word_1_34' title='bbox 1377 871 1625 948; x_wconf 80' lang='lat' dir='ltr'><strong>occursationis</strong></span> 
     </span>
     <span class='ocr_line' id='line_1_6' title="bbox 315 998 1625 1100; baseline -0.002 -30"><span class='ocrx_word' id='word_1_35' title='bbox 315 1001 577 1096; x_wconf 87' lang='lat' dir='ltr'><strong>perseverantia</strong></span> <span class='ocrx_word' id='word_1_36' title='bbox 600 1000 795 1098; x_wconf 85' lang='lat' dir='ltr'><strong>superavit.</strong></span> <span class='ocrx_word' id='word_1_37' title='bbox 854 1003 904 1072; x_wconf 87' lang='lat' dir='ltr'><strong>Ita</strong></span> <span class='ocrx_word' id='word_1_38' title='bbox 920 1003 1089 1098; x_wconf 85' lang='lat' dir='ltr'><strong>pertinaci</strong></span> <span class='ocrx_word' id='word_1_39' title='bbox 1108 1004 1223 1100; x_wconf 84' lang='lat' dir='ltr'><strong>magis</strong></span> <span class='ocrx_word' id='word_1_40' title='bbox 1246 1025 1356 1099; x_wconf 87' lang='lat' dir='ltr'><strong>quarn</strong></span> <span class='ocrx_word' id='word_1_41' title='bbox 1377 998 1449 1070; x_wconf 87' lang='lat' dir='ltr'><strong>acri</strong></span> <span class='ocrx_word' id='word_1_42' title='bbox 1467 1001 1625 1068; x_wconf 86' lang='lat' dir='ltr'><strong>incursa-</strong></span> 
     </span>
     <span class='ocr_line' id='line_1_7' title="bbox 317 1115 1625 1222; baseline -0.004 -30"><span class='ocrx_word' id='word_1_43' title='bbox 317 1127 413 1194; x_wconf 89' lang='lat' dir='ltr'><strong>tione</strong></span> <span class='ocrx_word' id='word_1_44' title='bbox 426 1137 589 1212; x_wconf 80' lang='lat' dir='ltr'><strong>vexatus,</strong></span> <span class='ocrx_word' id='word_1_45' title='bbox 614 1138 820 1220; x_wconf 87' lang='lat' dir='ltr'><strong>opportuna</strong></span> <span class='ocrx_word' id='word_1_46' title='bbox 837 1122 975 1196; x_wconf 84' lang='lat' dir='ltr'><strong>hostem</strong></span> <span class='ocrx_word' id='word_1_47' title='bbox 993 1126 1182 1222; x_wconf 84' lang='lat' dir='ltr'><strong>agitatione</strong></span> <span class='ocrx_word' id='word_1_48' title='bbox 1198 1123 1393 1221; x_wconf 78' lang='lat' dir='ltr'><strong>premebat.</strong></span> <span class='ocrx_word' id='word_1_49' title='bbox 1447 1123 1539 1192; x_wconf 85' lang='lat' dir='ltr'><strong>luter</strong></span> <span class='ocrx_word' id='word_1_50' title='bbox 1552 1115 1625 1188; x_wconf 82' lang='lat' dir='ltr'><strong>haec</strong></span> 
     </span>
     <span class='ocr_line' id='line_1_8' title="bbox 211 1242 1626 1344; baseline -0.004 -25"><span class='ocrx_word' id='word_1_51' title='bbox 211 1311 214 1319; x_wconf 91' lang='lat'>.</span> <span class='ocrx_word' id='word_1_52' title='bbox 315 1245 390 1343; x_wconf 89' lang='lat' dir='ltr'><strong>regi</strong></span> <span class='ocrx_word' id='word_1_53' title='bbox 416 1245 452 1315; x_wconf 91' lang='lat' dir='ltr'><strong>in</strong></span> <span class='ocrx_word' id='word_1_54' title='bbox 476 1243 577 1317; x_wconf 85' lang='lat' dir='ltr'><strong>littus</strong></span> <span class='ocrx_word' id='word_1_55' title='bbox 601 1247 864 1342; x_wconf 85' lang='lat' dir='ltr'><strong>supervenienti</strong></span> <span class='ocrx_word' id='word_1_56' title='bbox 886 1271 959 1318; x_wconf 91' lang='lat' dir='ltr'><strong>non</strong></span> <span class='ocrx_word' id='word_1_57' title='bbox 982 1271 1103 1344; x_wconf 86' lang='lat' dir='ltr'><strong>parvae</strong></span> <span class='ocrx_word' id='word_1_58' title='bbox 1125 1245 1349 1320; x_wconf 81' lang='lat' dir='ltr'><strong>admirationi</strong></span> <span class='ocrx_word' id='word_1_59' title='bbox 1371 1245 1457 1332; x_wconf 85' lang='lat' dir='ltr'><strong>fuit,</strong></span> <span class='ocrx_word' id='word_1_60' title='bbox 1482 1242 1626 1336; x_wconf 77' lang='lat' dir='ltr'><strong>navigiis</strong></span> 
     </span>
     <span class='ocr_line' id='line_1_9' title="bbox 316 1365 1625 1474; baseline 0.001 -34"><span class='ocrx_word' id='word_1_61' title='bbox 316 1365 478 1440; x_wconf 87' lang='lat' dir='ltr'><strong>custodia</strong></span> <span class='ocrx_word' id='word_1_62' title='bbox 494 1366 715 1456; x_wconf 86' lang='lat' dir='ltr'><strong>vacantibus,</strong></span> <span class='ocrx_word' id='word_1_63' title='bbox 733 1368 860 1474; x_wconf 77' lang='lat' dir='ltr'><strong>abesse</strong></span> <span class='ocrx_word' id='word_1_64' title='bbox 877 1369 1127 1444; x_wconf 86' lang='lat' dir='ltr'><strong>Skialmonem.</strong></span> <span class='ocrx_word' id='word_1_65' title='bbox 1163 1373 1279 1463; x_wconf 88' lang='lat' dir='ltr'><strong>Quem</strong></span> <span class='ocrx_word' id='word_1_66' title='bbox 1291 1367 1435 1442; x_wconf 84' lang='lat' dir='ltr'><strong>tandem</strong></span> <span class='ocrx_word' id='word_1_67' title='bbox 1452 1365 1501 1442; x_wconf 85' lang='lat' dir='ltr'><strong>ab</strong></span> <span class='ocrx_word' id='word_1_68' title='bbox 1510 1368 1625 1463; x_wconf 64' lang='lat' dir='ltr'><strong>agrita-</strong></span> 
     </span>
     <span class='ocr_line' id='line_1_10' title="bbox 280 1486 1624 1592; baseline 0.001 -36"><span class='ocrx_word' id='word_1_69' title='bbox 280 1551 282 1556; x_wconf 89' lang='lat'><em>.</em></span> <span class='ocrx_word' id='word_1_70' title='bbox 316 1495 412 1562; x_wconf 91' lang='lat' dir='ltr'><strong>tione</strong></span> <span class='ocrx_word' id='word_1_71' title='bbox 430 1486 638 1561; x_wconf 88' lang='lat' dir='ltr'><strong>redeuntem</strong></span> <span class='ocrx_word' id='word_1_72' title='bbox 661 1506 791 1563; x_wconf 89' lang='lat' dir='ltr'><strong>caetero</strong></span> <span class='ocrx_word' id='word_1_73' title='bbox 814 1509 1026 1589; x_wconf 89' lang='lat' dir='ltr'><strong>prosecutus</strong></span> <span class='ocrx_word' id='word_1_74' title='bbox 1043 1497 1218 1585; x_wconf 82' lang='lat' dir='ltr'><strong>exercitu,</strong></span> <span class='ocrx_word' id='word_1_75' title='bbox 1241 1493 1434 1592; x_wconf 81' lang='lat' dir='ltr'><strong>Regianos,</strong></span> <span class='ocrx_word' id='word_1_76' title='bbox 1460 1487 1624 1585; x_wconf 84' lang='lat' dir='ltr'><strong>fugama</strong></span> 
     </span>
     <span class='ocr_line' id='line_1_11' title="bbox 315 1607 1623 1713; baseline -0.005 -26"><span class='ocrx_word' id='word_1_77' title='bbox 315 1613 466 1710; x_wconf 89' lang='lat' dir='ltr'><strong>remigio</strong></span> <span class='ocrx_word' id='word_1_78' title='bbox 485 1627 703 1704; x_wconf 82' lang='lat' dir='ltr'><strong>mutuantes,</strong></span> <span class='ocrx_word' id='word_1_79' title='bbox 730 1612 891 1688; x_wconf 89' lang='lat' dir='ltr'><strong>velorum</strong></span> <span class='ocrx_word' id='word_1_80' title='bbox 915 1617 1110 1690; x_wconf 87' lang='lat' dir='ltr'><strong>intensione</strong></span> <span class='ocrx_word' id='word_1_81' title='bbox 1125 1607 1365 1713; x_wconf 85' lang='lat' dir='ltr'><strong>prosequitur.</strong></span> <span class='ocrx_word' id='word_1_82' title='bbox 1427 1611 1497 1684; x_wconf 88' lang='lat' dir='ltr'><strong>Sed</strong></span> <span class='ocrx_word' id='word_1_83' title='bbox 1511 1611 1623 1682; x_wconf 86' lang='lat' dir='ltr'><strong>iuter·</strong></span> 
     </span>
     <span class='ocr_line' id='line_1_12' title="bbox 315 1729 1625 1836; baseline -0.005 -27"><span class='ocrx_word' id='word_1_84' title='bbox 315 1736 412 1810; x_wconf 89' lang='lat' dir='ltr'><strong>vallo</strong></span> <span class='ocrx_word' id='word_1_85' title='bbox 444 1738 691 1833; x_wconf 71' lang='lat' dir='ltr'><strong>praecessionis</strong></span> <span class='ocrx_word' id='word_1_86' title='bbox 719 1751 753 1808; x_wconf 90' lang='lat' dir='ltr'><strong>et</strong></span> <span class='ocrx_word' id='word_1_87' title='bbox 789 1735 996 1811; x_wconf 88' lang='lat' dir='ltr'><strong>volucritate</strong></span> <span class='ocrx_word' id='word_1_88' title='bbox 1033 1737 1264 1836; x_wconf 83' lang='lat' dir='ltr'><strong>navigationis</strong></span> <span class='ocrx_word' id='word_1_89' title='bbox 1298 1733 1441 1834; x_wconf 87' lang='lat' dir='ltr'><strong>adjutos</strong></span> <span class='ocrx_word' id='word_1_90' title='bbox 1466 1729 1625 1808; x_wconf 85' lang='lat' dir='ltr'><strong>instando</strong></span> 
     </span>
     <span class='ocr_line' id='line_1_13' title="bbox 315 1855 1625 1958; baseline -0.003 -26"><span class='ocrx_word' id='word_1_91' title='bbox 315 1861 430 1958; x_wconf 86' lang='lat' dir='ltr'><strong>magis</strong></span> <span class='ocrx_word' id='word_1_92' title='bbox 455 1883 563 1958; x_wconf 91' lang='lat' dir='ltr'><strong>quam</strong></span> <span class='ocrx_word' id='word_1_93' title='bbox 593 1856 805 1956; x_wconf 87' lang='lat' dir='ltr'><strong>occupando</strong></span> <span class='ocrx_word' id='word_1_94' title='bbox 836 1860 996 1934; x_wconf 82' lang='lat' dir='ltr'><strong>vexabat</strong></span> <span class='ocrx_word' id='word_1_95' title='bbox 1064 1864 1167 1934; x_wconf 90' lang='lat' dir='ltr'><strong>Tunc</strong></span> <span class='ocrx_word' id='word_1_96' title='bbox 1189 1858 1370 1958; x_wconf 88' lang='lat' dir='ltr'><strong>quendam</strong></span> <span class='ocrx_word' id='word_1_97' title='bbox 1395 1861 1519 1930; x_wconf 80' lang='lat' dir='ltr'><strong>vicinae</strong></span> <span class='ocrx_word' id='word_1_98' title='bbox 1545 1855 1625 1929; x_wconf 82' lang='lat' dir='ltr'><strong>ratis</strong></span> 
     </span>
     <span class='ocr_line' id='line_1_14' title="bbox 315 1977 1625 2084; baseline -0.006 -26"><span class='ocrx_word' id='word_1_99' title='bbox 315 2002 492 2058; x_wconf 88' lang='lat' dir='ltr'><strong>rectorem</strong></span> <span class='ocrx_word' id='word_1_100' title='bbox 510 1984 545 2054; x_wconf 91' lang='lat' dir='ltr'><strong>in</strong></span> <span class='ocrx_word' id='word_1_101' title='bbox 561 1986 773 2054; x_wconf 87' lang='lat' dir='ltr'><strong>anteriorem</strong></span> <span class='ocrx_word' id='word_1_102' title='bbox 797 1984 927 2084; x_wconf 83' lang='lat' dir='ltr'><strong>navigii</strong></span> <span class='ocrx_word' id='word_1_103' title='bbox 943 1987 997 2056; x_wconf 90' lang='lat' dir='ltr'><strong>sui</strong></span> <span class='ocrx_word' id='word_1_104' title='bbox 1020 1999 1157 2082; x_wconf 88' lang='lat' dir='ltr'><strong>partem</strong></span> <span class='ocrx_word' id='word_1_105' title='bbox 1171 1979 1387 2056; x_wconf 82' lang='lat' dir='ltr'><strong>fortitudinis</strong></span> <span class='ocrx_word' id='word_1_106' title='bbox 1406 1977 1625 2053; x_wconf 80' lang='lat' dir='ltr'><strong>simulatione</strong></span> 
     </span>
     <span class='ocr_line' id='line_1_15' title="bbox 315 2102 1623 2208; baseline -0.005 -27"><span class='ocrx_word' id='word_1_107' title='bbox 315 2131 549 2208; x_wconf 88' lang='lat' dir='ltr'><strong>progressum</strong></span> <span class='ocrx_word' id='word_1_108' title='bbox 564 2105 750 2202; x_wconf 88' lang='lat' dir='ltr'><strong>aspiciens,</strong></span> <span class='ocrx_word' id='word_1_109' title='bbox 777 2107 969 2204; x_wconf 91' lang='lat' dir='ltr'><strong>verbisque</strong></span> <span class='ocrx_word' id='word_1_110' title='bbox 983 2132 1151 2206; x_wconf 86' lang='lat' dir='ltr'><strong>magnam</strong></span> <span class='ocrx_word' id='word_1_111' title='bbox 1166 2131 1244 2205; x_wconf 75' lang='lat' dir='ltr'><strong>prm</strong></span> <span class='ocrx_word' id='word_1_112' title='bbox 1261 2131 1299 2178; x_wconf 91' lang='lat' dir='ltr'><strong>se</strong></span> <span class='ocrx_word' id='word_1_113' title='bbox 1316 2102 1461 2185; x_wconf 88' lang='lat' dir='ltr'><strong>laudem</strong></span> <span class='ocrx_word' id='word_1_114' title='bbox 1476 2103 1623 2176; x_wconf 86' lang='lat' dir='ltr'><strong>ferenti·</strong></span> 
     </span>
     <span class='ocr_line' id='line_1_16' title="bbox 315 2225 1624 2329; baseline -0.007 -24"><span class='ocrx_word' id='word_1_115' title='bbox 315 2232 385 2307; x_wconf 92' lang='lat' dir='ltr'><strong>bus</strong></span> <span class='ocrx_word' id='word_1_116' title='bbox 417 2245 642 2329; x_wconf 88' lang='lat' dir='ltr'><strong>prosecutus,</strong></span> <span class='ocrx_word' id='word_1_117' title='bbox 661 2225 709 2299; x_wconf 88' lang='lat' dir='ltr'><strong>ad</strong></span> <span class='ocrx_word' id='word_1_118' title='bbox 725 2227 925 2320; x_wconf 81' lang='lat' dir='ltr'><strong>ultimum2,</strong></span> <span class='ocrx_word' id='word_1_119' title='bbox 942 2255 1169 2328; x_wconf 89' lang='lat' dir='ltr'><strong>quaecunque</strong></span> <span class='ocrx_word' id='word_1_120' title='bbox 1188 2235 1265 2302; x_wconf 87' lang='lat' dir='ltr'><strong>viro</strong></span> <span class='ocrx_word' id='word_1_121' title='bbox 1282 2230 1364 2302; x_wconf 82' lang='lat' dir='ltr'><strong>sorti</strong></span> <span class='ocrx_word' id='word_1_122' title='bbox 1380 2239 1624 2326; x_wconf 78' lang='lat' dir='ltr'><strong>erogarentur,</strong></span> 
     </span>
     <span class='ocr_line' id='line_1_17' title="bbox 315 2349 1623 2455; baseline -0.004 -27"><span class='ocrx_word' id='word_1_123' title='bbox 315 2358 459 2455; x_wconf 83' lang='lat' dir='ltr'><strong>egregie</strong></span> <span class='ocrx_word' id='word_1_124' title='bbox 481 2368 515 2424; x_wconf 88' lang='lat' dir='ltr'><strong>et</strong></span> <span class='ocrx_word' id='word_1_125' title='bbox 537 2349 766 2425; x_wconf 89' lang='lat' dir='ltr'><strong>laudabiliter</strong></span> <span class='ocrx_word' id='word_1_126' title='bbox 783 2355 945 2450; x_wconf 88' lang='lat' dir='ltr'><strong>impensa</strong></span> <span class='ocrx_word' id='word_1_127' title='bbox 969 2349 1206 2428; x_wconf 77' lang='lat' dir='ltr'><strong>asseverabat.</strong></span> <span class='ocrx_word' id='word_1_128' title='bbox 1265 2350 1321 2424; x_wconf 87' lang='lat' dir='ltr'><strong>Ad</strong></span> <span class='ocrx_word' id='word_1_129' title='bbox 1338 2351 1504 2424; x_wconf 90' lang='lat' dir='ltr'><strong>ultimum</strong></span> <span class='ocrx_word' id='word_1_130' title='bbox 1522 2364 1623 2423; x_wconf 75' lang='lat' dir='ltr'><strong>emto</strong></span> 
     </span>
     <span class='ocr_line' id='line_1_18' title="bbox 315 2473 1624 2575; baseline -0.005 -23"><span class='ocrx_word' id='word_1_131' title='bbox 315 2477 529 2575; x_wconf 87' lang='lat' dir='ltr'><strong>obliquante</strong></span> <span class='ocrx_word' id='word_1_132' title='bbox 550 2473 773 2572; x_wconf 90' lang='lat' dir='ltr'><strong>prohibitus,</strong></span> <span class='ocrx_word' id='word_1_133' title='bbox 799 2492 973 2573; x_wconf 87' lang='lat' dir='ltr'><strong>quantum</strong></span> <span class='ocrx_word' id='word_1_134' title='bbox 996 2476 1084 2550; x_wconf 89' lang='lat' dir='ltr'><strong>velis</strong></span> <span class='ocrx_word' id='word_1_135' title='bbox 1106 2499 1273 2550; x_wconf 90' lang='lat' dir='ltr'><strong>emensus</strong></span> <span class='ocrx_word' id='word_1_136' title='bbox 1296 2476 1428 2565; x_wconf 82' lang='lat' dir='ltr'><strong>fuerat,</strong></span> <span class='ocrx_word' id='word_1_137' title='bbox 1452 2496 1624 2546; x_wconf 81' lang='lat' dir='ltr'><strong>conversa</strong></span> 
     </span>
     <span class='ocr_line' id='line_1_19' title="bbox 313 2595 1623 2698; baseline -0.005 -25"><span class='ocrx_word' id='word_1_138' title='bbox 313 2601 559 2698; x_wconf 86' lang='lat' dir='ltr'><strong>navigatione,</strong></span> <span class='ocrx_word' id='word_1_139' title='bbox 586 2623 766 2672; x_wconf 88' lang='lat' dir='ltr'><strong>remorum</strong></span> <span class='ocrx_word' id='word_1_140' title='bbox 783 2599 963 2698; x_wconf 90' lang='lat' dir='ltr'><strong>obsequio</strong></span> <span class='ocrx_word' id='word_1_141' title='bbox 979 2618 1112 2698; x_wconf 84' lang='lat' dir='ltr'><strong>pensat</strong></span> <span class='ocrx_word' id='word_1_142' title='bbox 1174 2595 1246 2670; x_wconf 89' lang='lat' dir='ltr'><strong>Sed</strong></span> <span class='ocrx_word' id='word_1_143' title='bbox 1263 2623 1338 2695; x_wconf 92' lang='lat' dir='ltr'><strong>quo</strong></span> <span class='ocrx_word' id='word_1_144' title='bbox 1356 2601 1623 2696; x_wconf 83' lang='lat' dir='ltr'><strong>prosperiorem</strong></span> 
     </span>
     <span class='ocr_line' id='line_1_20' title="bbox 313 2693 1625 2824; baseline -0.005 -26"><span class='ocrx_word' id='word_1_145' title='bbox 313 2693 532 2812; x_wconf 78' lang='lat' dir='ltr'><strong>velificaddi,</strong></span> <span class='ocrx_word' id='word_1_146' title='bbox 559 2718 629 2792; x_wconf 92' lang='lat' dir='ltr'><strong>hoc</strong></span> <span class='ocrx_word' id='word_1_147' title='bbox 652 2713 881 2794; x_wconf 85' lang='lat' dir='ltr'><strong>difficiliorem</strong></span> <span class='ocrx_word' id='word_1_148' title='bbox 904 2725 1040 2824; x_wconf 82' lang='lat' dir='ltr'><strong>remigii</strong></span> <span class='ocrx_word' id='word_1_149' title='bbox 1065 2747 1169 2796; x_wconf 92' lang='lat' dir='ltr'><strong>usum</strong></span> <span class='ocrx_word' id='word_1_150' title='bbox 1187 2719 1325 2794; x_wconf 87' lang='lat' dir='ltr'><strong>habuit.</strong></span> <span class='ocrx_word' id='word_1_151' title='bbox 1378 2723 1504 2820; x_wconf 88' lang='lat' dir='ltr'><strong>ltaque</strong></span> <span class='ocrx_word' id='word_1_152' title='bbox 1516 2721 1625 2792; x_wconf 89' lang='lat' dir='ltr'><strong>Danis</strong></span> 
     </span>
     <span class='ocr_line' id='line_1_21' title="bbox 313 2845 1623 2943; baseline -0.003 -23"><span class='ocrx_word' id='word_1_153' title='bbox 313 2846 465 2920; x_wconf 81' lang='lat' dir='ltr'><strong>adversa</strong></span> <span class='ocrx_word' id='word_1_154' title='bbox 486 2867 570 2916; x_wconf 89' lang='lat' dir='ltr'><strong>oum</strong></span> <span class='ocrx_word' id='word_1_155' title='bbox 596 2845 686 2916; x_wconf 88' lang='lat' dir='ltr'><strong>mari</strong></span> <span class='ocrx_word' id='word_1_156' title='bbox 694 2847 919 2943; x_wconf 79' lang='lat' dir='ltr'><strong>navigatione</strong></span> <span class='ocrx_word' id='word_1_157' title='bbox 943 2846 1177 2937; x_wconf 85' lang='lat' dir='ltr'><strong>certantibus,</strong></span> <span class='ocrx_word' id='word_1_158' title='bbox 1203 2845 1330 2934; x_wconf 87' lang='lat' dir='ltr'><strong>Sclavi,</strong></span> <span class='ocrx_word' id='word_1_159' title='bbox 1349 2867 1443 2942; x_wconf 92' lang='lat' dir='ltr'><strong>quos</strong></span> <span class='ocrx_word' id='word_1_160' title='bbox 1461 2847 1623 2916; x_wconf 84' lang='lat' dir='ltr'><strong>locorum</strong></span> 
     </span>
     <span class='ocr_line' id='line_1_22' title="bbox 313 2963 1625 3068; baseline -0.005 -26"><span class='ocrx_word' id='word_1_161' title='bbox 313 2969 459 3042; x_wconf 89' lang='lat' dir='ltr'><strong>habitus</strong></span> <span class='ocrx_word' id='word_1_162' title='bbox 481 2991 555 3040; x_wconf 89' lang='lat' dir='ltr'><strong>non</strong></span> <span class='ocrx_word' id='word_1_163' title='bbox 580 2965 749 3057; x_wconf 84' lang='lat' dir='ltr'><strong>fallebat,</strong></span> <span class='ocrx_word' id='word_1_164' title='bbox 774 2971 937 3064; x_wconf 88' lang='lat' dir='ltr'><strong>ignotum</strong></span> <span class='ocrx_word' id='word_1_165' title='bbox 960 2975 1087 3044; x_wconf 90' lang='lat' dir='ltr'><strong>nostris</strong></span> <span class='ocrx_word' id='word_1_166' title='bbox 1114 2966 1335 3068; x_wconf 85' lang='lat' dir='ltr'><strong>profundum</strong></span> <span class='ocrx_word' id='word_1_167' title='bbox 1361 2963 1625 3064; x_wconf 83' lang='lat' dir='ltr'><strong>compendiaria</strong></span> 
     </span>
     <span class='ocr_line' id='line_1_23' title="bbox 313 3088 1625 3191; baseline -0.002 -29"><span class='ocrx_word' id='word_1_168' title='bbox 313 3091 542 3188; x_wconf 81' lang='lat' dir='ltr'><strong>navigatione</strong></span> <span class='ocrx_word' id='word_1_169' title='bbox 562 3088 756 3182; x_wconf 83' lang='lat' dir='ltr'><strong>sulcantes,</strong></span> <span class='ocrx_word' id='word_1_170' title='bbox 782 3091 904 3165; x_wconf 88' lang='lat' dir='ltr'><strong>subito</strong></span> <span class='ocrx_word' id='word_1_171' title='bbox 932 3091 1057 3191; x_wconf 86' lang='lat' dir='ltr'><strong>sugam</strong></span> <span class='ocrx_word' id='word_1_172' title='bbox 1079 3095 1117 3165; x_wconf 89' lang='lat' dir='ltr'><strong>in</strong></span> <span class='ocrx_word' id='word_1_173' title='bbox 1140 3091 1284 3166; x_wconf 90' lang='lat' dir='ltr'><strong>insidias</strong></span> <span class='ocrx_word' id='word_1_174' title='bbox 1307 3105 1458 3164; x_wconf 80' lang='lat' dir='ltr'><strong>vertum.</strong></span> <span class='ocrx_word' id='word_1_175' title='bbox 1526 3091 1625 3180; x_wconf 88' lang='lat' dir='ltr'><strong>Quos</strong></span> 
     </span>
     <span class='ocr_line' id='line_1_24' title="bbox 232 3207 1625 3314; baseline -0.002 -27"><span class='ocrx_word' id='word_1_176' title='bbox 232 3207 238 3215; x_wconf 73' lang='grc'><strong>’</strong></span> <span class='ocrx_word' id='word_1_177' title='bbox 314 3213 474 3287; x_wconf 82' lang='lat' dir='ltr'><strong>Absalon</strong></span> <span class='ocrx_word' id='word_1_178' title='bbox 495 3237 561 3310; x_wconf 91' lang='lat' dir='ltr'><strong>per</strong></span> <span class='ocrx_word' id='word_1_179' title='bbox 578 3210 735 3285; x_wconf 91' lang='lat' dir='ltr'><strong>occultos</strong></span> <span class='ocrx_word' id='word_1_180' title='bbox 749 3213 865 3312; x_wconf 86' lang='lat' dir='ltr'><strong>pelagi</strong></span> <span class='ocrx_word' id='word_1_181' title='bbox 884 3241 1046 3290; x_wconf 89' lang='lat' dir='ltr'><strong>recessus</strong></span> <span class='ocrx_word' id='word_1_182' title='bbox 1069 3215 1229 3314; x_wconf 89' lang='lat' dir='ltr'><strong>prosilire</strong></span> <span class='ocrx_word' id='word_1_183' title='bbox 1245 3219 1487 3312; x_wconf 86' lang='lat' dir='ltr'><strong>conspiciens,</strong></span> <span class='ocrx_word' id='word_1_184' title='bbox 1520 3215 1625 3284; x_wconf 86' lang='lat' dir='ltr'><strong>sociis</strong></span> 
     </span>
     <span class='ocr_line' id='line_1_25' title="bbox 313 3333 1625 3438; baseline -0.004 -28"><span class='ocrx_word' id='word_1_185' title='bbox 313 3353 411 3410; x_wconf 92' lang='lat' dir='ltr'><strong>metu</strong></span> <span class='ocrx_word' id='word_1_186' title='bbox 433 3337 695 3432; x_wconf 85' lang='lat' dir='ltr'><strong>navigationem</strong></span> <span class='ocrx_word' id='word_1_187' title='bbox 718 3337 917 3430; x_wconf 90' lang='lat' dir='ltr'><strong>citantibus,</strong></span> <span class='ocrx_word' id='word_1_188' title='bbox 940 3339 1112 3438; x_wconf 87' lang='lat' dir='ltr'><strong>subsequi</strong></span> <span class='ocrx_word' id='word_1_189' title='bbox 1138 3363 1248 3438; x_wconf 91' lang='lat' dir='ltr'><strong>quam</strong></span> <span class='ocrx_word' id='word_1_190' title='bbox 1263 3335 1469 3410; x_wconf 89' lang='lat' dir='ltr'><strong>antecedere</strong></span> <span class='ocrx_word' id='word_1_191' title='bbox 1492 3333 1625 3423; x_wconf 82' lang='lat' dir='ltr'><strong>rnaluit,</strong></span> 
     </span>
     <span class='ocr_line' id='line_1_26' title="bbox 222 3457 1625 3560; baseline -0.002 -28"><span class='ocrx_word' id='word_1_192' title='bbox 222 3551 225 3558; x_wconf 24' lang='grc' dir='ltr'>Ι</span> <span class='ocrx_word' id='word_1_193' title='bbox 312 3459 461 3560; x_wconf 83' lang='lat' dir='ltr'><strong>praeviae</strong></span> <span class='ocrx_word' id='word_1_194' title='bbox 481 3457 604 3532; x_wconf 89' lang='lat' dir='ltr'><strong>classis</strong></span> <span class='ocrx_word' id='word_1_195' title='bbox 623 3473 721 3557; x_wconf 84' lang='lat' dir='ltr'><strong>terga</strong></span> <span class='ocrx_word' id='word_1_196' title='bbox 735 3457 849 3557; x_wconf 90' lang='lat' dir='ltr'><strong>plenis</strong></span> <span class='ocrx_word' id='word_1_197' title='bbox 864 3463 1002 3557; x_wconf 88' lang='lat' dir='ltr'><strong>pietatis</strong></span> <span class='ocrx_word' id='word_1_198' title='bbox 1016 3461 1174 3534; x_wconf 83' lang='lat' dir='ltr'><strong>excubiis</strong></span> <span class='ocrx_word' id='word_1_199' title='bbox 1192 3477 1378 3534; x_wconf 85' lang='lat' dir='ltr'><strong>tutaturus.</strong></span> <span class='ocrx_word' id='word_1_200' title='bbox 1428 3457 1544 3532; x_wconf 84' lang='lat' dir='ltr'><strong>Pudet</strong></span> <span class='ocrx_word' id='word_1_201' title='bbox 1559 3483 1625 3531; x_wconf 88' lang='lat' dir='ltr'><strong>re-</strong></span> 
     </span>
     <span class='ocr_line' id='line_1_27' title="bbox 311 3575 1626 3682; baseline -0.005 -25"><span class='ocrx_word' id='word_1_202' title='bbox 311 3582 419 3674; x_wconf 78' lang='lat' dir='ltr'><strong>ferre,</strong></span> <span class='ocrx_word' id='word_1_203' title='bbox 434 3581 540 3681; x_wconf 92' lang='lat' dir='ltr'><strong>quod</strong></span> <span class='ocrx_word' id='word_1_204' title='bbox 555 3583 722 3680; x_wconf 87' lang='lat' dir='ltr'><strong>sequitur.</strong></span> <span class='ocrx_word' id='word_1_205' title='bbox 772 3583 926 3655; x_wconf 85' lang='lat' dir='ltr'><strong>Maxima</strong></span> <span class='ocrx_word' id='word_1_206' title='bbox 942 3575 1130 3658; x_wconf 87' lang='lat' dir='ltr'><strong>Danorum</strong></span> <span class='ocrx_word' id='word_1_207' title='bbox 1146 3607 1244 3682; x_wconf 84' lang='lat' dir='ltr'><strong>pars,</strong></span> <span class='ocrx_word' id='word_1_208' title='bbox 1256 3582 1391 3656; x_wconf 88' lang='lat' dir='ltr'><strong>rubore</strong></span> <span class='ocrx_word' id='word_1_209' title='bbox 1403 3579 1626 3682; x_wconf 87' lang='lat' dir='ltr'><strong>posthabito,</strong></span> 
     </span>
     <span class='ocr_line' id='line_1_28' title="bbox 311 3701 1625 3808; baseline -0.002 -29"><span class='ocrx_word' id='word_1_210' title='bbox 311 3729 520 3808; x_wconf 88' lang='lat' dir='ltr'><strong>quanquam</strong></span> <span class='ocrx_word' id='word_1_211' title='bbox 539 3703 659 3778; x_wconf 90' lang='lat' dir='ltr'><strong>hostes</strong></span> <span class='ocrx_word' id='word_1_212' title='bbox 680 3706 863 3778; x_wconf 90' lang='lat' dir='ltr'><strong>imminere</strong></span> <span class='ocrx_word' id='word_1_213' title='bbox 876 3705 1114 3803; x_wconf 89' lang='lat' dir='ltr'><strong>conspiceret,</strong></span> <span class='ocrx_word' id='word_1_214' title='bbox 1138 3705 1276 3780; x_wconf 88' lang='lat' dir='ltr'><strong>deserto</strong></span> <span class='ocrx_word' id='word_1_215' title='bbox 1292 3731 1390 3805; x_wconf 87' lang='lat' dir='ltr'><strong>rege,</strong></span> <span class='ocrx_word' id='word_1_216' title='bbox 1407 3705 1495 3780; x_wconf 88' lang='lat' dir='ltr'><strong>velis</strong></span> <span class='ocrx_word' id='word_1_217' title='bbox 1511 3701 1625 3776; x_wconf 84' lang='lat' dir='ltr'><strong>malos</strong></span> 
     </span>
     <span class='ocr_line' id='line_1_29' title="bbox 312 3827 1628 3930; baseline -0.004 -25"><span class='ocrx_word' id='word_1_218' title='bbox 312 3854 461 3905; x_wconf 88' lang='lat' dir='ltr'><strong>onerare</strong></span> <span class='ocrx_word' id='word_1_219' title='bbox 484 3835 658 3902; x_wconf 86' lang='lat' dir='ltr'><strong>sustinuit</strong></span> <span class='ocrx_word' id='word_1_220' title='bbox 726 3833 800 3902; x_wconf 81' lang='lat' dir='ltr'><strong>Rex</strong></span> <span class='ocrx_word' id='word_1_221' title='bbox 825 3855 908 3904; x_wconf 89' lang='lat' dir='ltr'><strong>cum</strong></span> <span class='ocrx_word' id='word_1_222' title='bbox 931 3833 1057 3927; x_wconf 90' lang='lat' dir='ltr'><strong>paucis</strong></span> <span class='ocrx_word' id='word_1_223' title='bbox 1081 3827 1452 3930; x_wconf 84' lang='lat' dir='ltr'><strong>admodnmnavigiis</strong></span> <span class='ocrx_word' id='word_1_224' title='bbox 1473 3828 1628 3917; x_wconf 85' lang='lat' dir='ltr'><strong>relictus,</strong></span> 
     </span>
     <span class='ocr_line' id='line_1_30' title="bbox 311 3950 1626 4053; baseline -0.004 -25"><span class='ocrx_word' id='word_1_225' title='bbox 311 3953 495 4053; x_wconf 89' lang='lat' dir='ltr'><strong>aliquanto</strong></span> <span class='ocrx_word' id='word_1_226' title='bbox 520 3950 720 4028; x_wconf 87' lang='lat' dir='ltr'><strong>desertores</strong></span> <span class='ocrx_word' id='word_1_227' title='bbox 743 3954 870 4052; x_wconf 87' lang='lat' dir='ltr'><strong>aegrius</strong></span> <span class='ocrx_word' id='word_1_228' title='bbox 894 3975 1007 4051; x_wconf 87' lang='lat' dir='ltr'><strong>qnam</strong></span> <span class='ocrx_word' id='word_1_229' title='bbox 1036 3950 1156 4026; x_wconf 90' lang='lat' dir='ltr'><strong>hostes</strong></span> <span class='ocrx_word' id='word_1_230' title='bbox 1177 3953 1325 4027; x_wconf 85' lang='lat' dir='ltr'><strong>ferebat.</strong></span> <span class='ocrx_word' id='word_1_231' title='bbox 1388 3956 1491 4026; x_wconf 88' lang='lat' dir='ltr'><strong>Tune</strong></span> <span class='ocrx_word' id='word_1_232' title='bbox 1517 3953 1626 4023; x_wconf 74' lang='lat' dir='ltr'><strong>etam</strong></span> 
     </span>
    </p>
   </div>
   <div class='ocr_carea' id='block_1_3' title="bbox 184 4073 1625 4175">
    <p class='ocr_par' dir='ltr' id='par_1_3' title="bbox 184 4073 1625 4175">
     <span class='ocr_line' id='line_1_31' title="bbox 184 4073 1625 4175; baseline -0.007 -24"><span class='ocrx_word' id='word_1_233' title='bbox 184 4152 189 4162; x_wconf 78' lang='grc'><em>,</em></span> <span class='ocrx_word' id='word_1_234' title='bbox 312 4077 474 4170; x_wconf 86' lang='lat' dir='ltr'><strong>militem,</strong></span> <span class='ocrx_word' id='word_1_235' title='bbox 499 4101 608 4175; x_wconf 90' lang='lat' dir='ltr'><strong>quem</strong></span> <span class='ocrx_word' id='word_1_236' title='bbox 632 4075 744 4173; x_wconf 87' lang='lat' dir='ltr'><strong>paulo</strong></span> <span class='ocrx_word' id='word_1_237' title='bbox 762 4089 842 4148; x_wconf 87' lang='lat' dir='ltr'><strong>ante</strong></span> <span class='ocrx_word' id='word_1_238' title='bbox 860 4079 896 4146; x_wconf 91' lang='lat' dir='ltr'><strong>in</strong></span> <span class='ocrx_word' id='word_1_239' title='bbox 919 4099 1028 4172; x_wconf 89' lang='lat' dir='ltr'><strong>prora</strong></span> <span class='ocrx_word' id='word_1_240' title='bbox 1047 4091 1220 4150; x_wconf 87' lang='lat' dir='ltr'><strong>astantem</strong></span> <span class='ocrx_word' id='word_1_241' title='bbox 1240 4076 1469 4174; x_wconf 81' lang='lat' dir='ltr'><strong>probaverat,</strong></span> <span class='ocrx_word' id='word_1_242' title='bbox 1494 4073 1625 4148; x_wconf 80' lang='lat' dir='ltr'><strong>brevi-</strong></span> 
     </span>
    </p>
   </div>
   <div class='ocr_carea' id='block_1_4' title="bbox 312 4199 1627 4668">
    <p class='ocr_par' dir='ltr' id='par_1_4' title="bbox 312 4199 1627 4668">
     <span class='ocr_line' id='line_1_32' title="bbox 312 4199 1624 4298; baseline -0.007 -24"><span class='ocrx_word' id='word_1_243' title='bbox 312 4215 420 4274; x_wconf 87' lang='lat' dir='ltr'><strong>tatem</strong></span> <span class='ocrx_word' id='word_1_244' title='bbox 436 4199 505 4276; x_wconf 88' lang='lat' dir='ltr'><strong>veli</strong></span> <span class='ocrx_word' id='word_1_245' title='bbox 524 4202 591 4294; x_wconf 90' lang='lat' dir='ltr'><strong>sui,</strong></span> <span class='ocrx_word' id='word_1_246' title='bbox 609 4224 684 4298; x_wconf 91' lang='lat' dir='ltr'><strong>quo</strong></span> <span class='ocrx_word' id='word_1_247' title='bbox 702 4200 819 4296; x_wconf 86' lang='lat' dir='ltr'><strong>maj0r</strong></span> <span class='ocrx_word' id='word_1_248' title='bbox 832 4199 1065 4297; x_wconf 85' lang='lat' dir='ltr'><strong>navigationis</strong></span> <span class='ocrx_word' id='word_1_249' title='bbox 1082 4223 1208 4273; x_wconf 88' lang='lat' dir='ltr'><strong>cursus</strong></span> <span class='ocrx_word' id='word_1_250' title='bbox 1223 4201 1395 4293; x_wconf 82' lang='lat' dir='ltr'><strong>existeret,</strong></span> <span class='ocrx_word' id='word_1_251' title='bbox 1418 4219 1624 4298; x_wconf 83' lang='lat' dir='ltr'><strong>pannorum</strong></span> 
     </span>
     <span class='ocr_line' id='line_1_33' title="bbox 313 4317 1625 4422; baseline -0.005 -28"><span class='ocrx_word' id='word_1_252' title='bbox 313 4321 557 4398; x_wconf 83' lang='lat' dir='ltr'><strong>additamentis</strong></span> <span class='ocrx_word' id='word_1_253' title='bbox 593 4322 795 4422; x_wconf 84' lang='lat' dir='ltr'><strong>producere</strong></span> <span class='ocrx_word' id='word_1_254' title='bbox 830 4323 1071 4419; x_wconf 86' lang='lat' dir='ltr'><strong>conspicatus,</strong></span> <span class='ocrx_word' id='word_1_255' title='bbox 1103 4320 1246 4396; x_wconf 85' lang='lat' dir='ltr'><strong>landem</strong></span> <span class='ocrx_word' id='word_1_256' title='bbox 1266 4323 1427 4398; x_wconf 79' lang='lat' dir='ltr'><strong>convicio</strong></span> <span class='ocrx_word' id='word_1_257' title='bbox 1463 4317 1625 4404; x_wconf 87' lang='lat' dir='ltr'><strong>mutavit,</strong></span> 
     </span>
     <span class='ocr_line' id='line_1_34' title="bbox 312 4441 1624 4545; baseline 0 -28"><span class='ocrx_word' id='word_1_258' title='bbox 312 4467 472 4519; x_wconf 87' lang='lat' dir='ltr'><strong>amorem</strong></span> <span class='ocrx_word' id='word_1_259' title='bbox 488 4444 618 4520; x_wconf 89' lang='lat' dir='ltr'><strong>timidis</strong></span> <span class='ocrx_word' id='word_1_260' title='bbox 633 4463 820 4545; x_wconf 86' lang='lat' dir='ltr'><strong>erogatum</strong></span> <span class='ocrx_word' id='word_1_261' title='bbox 842 4444 1089 4545; x_wconf 88' lang='lat' dir='ltr'><strong>imprudenter</strong></span> <span class='ocrx_word' id='word_1_262' title='bbox 1104 4451 1304 4544; x_wconf 88' lang='lat' dir='ltr'><strong>impensum</strong></span> <span class='ocrx_word' id='word_1_263' title='bbox 1320 4445 1512 4520; x_wconf 81' lang='lat' dir='ltr'><strong>affirmans.</strong></span> <span class='ocrx_word' id='word_1_264' title='bbox 1567 4441 1624 4510; x_wconf 67' lang='lat' dir='ltr'><strong>lia</strong></span> 
     </span>
     <span class='ocr_line' id='line_1_35' title="bbox 313 4557 1627 4668; baseline -0.006 -26"><span class='ocrx_word' id='word_1_265' title='bbox 313 4567 453 4664; x_wconf 88' lang='lat' dir='ltr'><strong>absque</strong></span> <span class='ocrx_word' id='word_1_266' title='bbox 468 4593 648 4668; x_wconf 73' lang='lat' dir='ltr'><strong>supremae</strong></span> <span class='ocrx_word' id='word_1_267' title='bbox 672 4570 888 4644; x_wconf 88' lang='lat' dir='ltr'><strong>necessitatis</strong></span> <span class='ocrx_word' id='word_1_268' title='bbox 903 4567 1105 4646; x_wconf 82' lang='lat' dir='ltr'><strong>discrimine</strong></span> <span class='ocrx_word' id='word_1_269' title='bbox 1130 4595 1226 4646; x_wconf 74' lang='lat' dir='ltr'><strong>vere</strong></span> <span class='ocrx_word' id='word_1_270' title='bbox 1239 4595 1283 4644; x_wconf 89' lang='lat' dir='ltr'><strong>ac</strong></span> <span class='ocrx_word' id='word_1_271' title='bbox 1297 4557 1627 4646; x_wconf 74' lang='lat' dir='ltr'><strong>sottdaetomtutt—</strong></span> 
     </span>
    </p>
   </div>
   <div class='ocr_carea' id='block_1_5' title="bbox 359 4837 1418 4926">
    <p class='ocr_par' dir='ltr' id='par_1_5' title="bbox 359 4837 1418 4926">
     <span class='ocr_line' id='line_1_36' title="bbox 359 4837 1418 4926; baseline 0.01 -27"><span class='ocrx_word' id='word_1_272' title='bbox 359 4841 368 4876; x_wconf 94' lang='lat'><strong>¹</strong></span> <span class='ocrx_word' id='word_1_273' title='bbox 381 4839 571 4914; x_wconf 72' lang='lat' dir='ltr'><strong>Prosecutus,</strong></span> <span class='ocrx_word' id='word_1_274' title='bbox 582 4841 625 4904; x_wconf 85' lang='lat' dir='ltr'><strong>ad</strong></span> <span class='ocrx_word' id='word_1_275' title='bbox 639 4837 785 4922; x_wconf 81' lang='lat' dir='ltr'><strong>altimum]</strong></span> <span class='ocrx_word' id='word_1_276' title='bbox 798 4842 905 4926; x_wconf 82' lang='lat' dir='ltr'><strong>steph.</strong></span> <span class='ocrx_word' id='word_1_277' title='bbox 919 4838 952 4906; x_wconf 88' lang='lat' dir='ltr'><strong>in</strong></span> <span class='ocrx_word' id='word_1_278' title='bbox 972 4861 1028 4908; x_wconf 83' lang='lat' dir='ltr'><strong>sua</strong></span> <span class='ocrx_word' id='word_1_279' title='bbox 1042 4841 1090 4908; x_wconf 85' lang='lat' dir='ltr'><strong>ed.</strong></span> <span class='ocrx_word' id='word_1_280' title='bbox 1108 4842 1210 4908; x_wconf 84' lang='lat' dir='ltr'><strong>omisit</strong></span> <span class='ocrx_word' id='word_1_281' title='bbox 1223 4848 1266 4910; x_wconf 83' lang='lat' dir='ltr'><strong>nd</strong></span> <span class='ocrx_word' id='word_1_282' title='bbox 1278 4850 1418 4912; x_wconf 63' lang='lat' dir='ltr'><strong>uitantes.</strong></span> 
     </span>
    </p>
   </div>
   <div class='ocr_carea' id='block_1_6' title="bbox 0 0 1758 5460">
    <p class='ocr_par' dir='ltr' id='par_1_6' title="bbox 0 0 1758 5460">
     <span class='ocr_line' id='line_1_37' title="bbox 0 0 1758 5460; baseline 0 0"><span class='ocrx_word' id='word_1_283' title='bbox 0 0 1758 5460; x_wconf 95' lang='lat' dir='ltr'><strong> </strong></span> 
     </span>
    </p>
   </div>
  </div>
 </body>
</html>
