3524 5460
506 319 658 394 SVENO
682 323 737 393 lll.
799 323 1004 396 CANUTUS
1029 325 1071 395 V.
1316 323 1389 396 679

13 559 15 594 ;
130 528 197 602 dvi
221 529 350 602 Canuti
375 527 488 618 filius,
523 531 630 604 aroris
646 546 730 602 tunc
748 535 905 630 primum
922 557 987 631 per
1005 549 1144 606 aetatem
1159 549 1338 626 maturus,
1372 531 1436 608 sed

13 727 14 732 ,
128 668 274 750 patema
291 655 326 723 in
339 655 479 726 (laento
493 659 617 728 merita
638 677 809 750 perosus,
834 657 985 728 Svenoni
1002 679 1041 728 se
1057 657 1190 755 jungit,
1221 656 1255 726 in
1272 657 1349 754 ejus
1367 681 1434 729 ca-

13 839 14 864 ,
127 775 206 848 stris
217 773 350 846 militiae
363 776 561 850 tirocinium
578 775 779 848 habiturus.
832 779 946 876 Cujus
964 777 1065 849 favor
1078 776 1275 874 plurimum
1291 783 1433 854 Sveno-

13 881 15 974 ᾗ
128 903 157 968 ni
176 897 309 970 virium
332 897 543 972 conciliavit.
596 904 623 970 A
647 923 722 996 qno
739 915 897 996 paternae
923 898 1142 997 praefecturae
1166 900 1335 1000 dignitate
1359 898 1433 972 do-

127 1035 239 1110 natos,
263 1021 440 1092 Canutum
455 1020 647 1118 quendam,
664 1022 803 1092 Henrici
822 1019 969 1113 filinm¹,
985 1021 1055 1094 snb
1072 1025 1208 1096 Canuto
1221 1024 1343 1121 Magni
1356 1020 1431 1106 filio

127 1141 287 1240 ejusdem
309 1139 474 1214 beneficii
489 1143 594 1217 titulis
617 1143 819 1234 inhiantem,
834 1141 963 1214 crebra
977 1141 1063 1216 belli
1078 1147 1326 1243 congressione
1341 1167 1432 1240 per-

127 1263 275 1336 domuit.
334 1267 407 1336 Nec
431 1267 548 1338 minor
570 1271 655 1366 ipsis
678 1265 866 1338 mediocris
888 1266 940 1338 rei
977 1291 1085 1364 quam
1113 1268 1258 1367 regibus
1281 1289 1430 1340 summac

126 1361 304 1460 aemulatio
316 1401 400 1458 erat.
461 1388 610 1486 Semper
624 1405 743 1462 autem
768 1385 816 1460 ad
833 1387 1101 1462 Waldemarum
1122 1393 1270 1462 victoria
1288 1386 1430 1462 redun-

127 1511 230 1584 davit.
279 1513 366 1584 Erat
382 1526 502 1580 antona
522 1513 679 1584 Canutus
699 1511 843 1609 insignis
859 1509 1046 1605 facundia,
1072 1513 1137 1586 sed
1157 1513 1317 1586 moribus
1330 1511 1429 1584 effu-

125 1638 293 1708 sissimae.
352 1632 693 1722 Sveoo‚etl0rtunae
711 1634 835 1706 favore
860 1651 895 1707 et
914 1637 1041 1708 virium
1061 1639 1283 1710 incrementis
1306 1637 1429 1706 accin-
1458 1669 1466 1738 j

127 1773 214 1844 otus
227 1756 265 1826 in
280 1753 441 1828 Fioniarn
459 1753 605 1848 excedit,
621 1781 704 1830 mox
721 1755 893 1828 aemulum
907 1755 1006 1854 apud
1021 1761 1149 1832 lutiam
1166 1773 1430 1858 persecuturus.

126 1877 192 1952 Ubi
208 1875 256 1950 ab
273 1875 377 1949 exule
394 1877 554 1976 quodam
576 1877 723 1952 Ethlero
738 1876 929 1954 solicitatus
948 1879 1085 1954 bellum
1107 1887 1141 1953 in
1155 1881 1331 1954 Holsatios
1355 1903 1430 1976 pa·
1509 1927 1511 1932 .

123 2007 211 2094 rst²,
227 1999 372 2078 abunde
388 2007 524 2074 minora
541 1999 587 2073 nd
607 1999 851 2100 trajiciendum
865 2004 1004 2101 navigia
1019 2008 1254 2100 promittente.
1301 1998 1429 2072 Incolae

125 2122 321 2223 siquidem,
348 2145 424 2221 quo
446 2129 612 2219 transitus
636 2122 839 2222 impeditior
860 2124 969 2214 soret,
1002 2143 1148 2223 pontem
1171 2122 1427 2199 convulnerant.

124 2245 353 2322 Venientibus
379 2244 561 2344 Eydoram
581 2248 808 2346 promissoris
835 2247 968 2319 incuria
991 2247 1093 2322 binas
1113 2266 1248 2322 tanturn
1271 2252 1426 2318 navicu-

123 2369 174 2443 las
187 2367 413 2462 exhibueram
438 2393 591 2466 quarum
609 2369 717 2444 altera
732 2373 848 2443 Sveuo
862 2393 947 2442 suos
964 2371 1167 2467 praeccdere
1184 2375 1342 2468 cupiens,
1362 2392 1427 2438 sa·
1476 2366 1480 2374 ‘

122 2495 220 2565 nicae
243 2488 393 2563 militum
415 2497 582 2563 sententia
606 2509 819 2584 revocatur,
845 2509 991 2591 rogatus
1012 2499 1237 2592 propositum
1269 2490 1425 2563 hostium

121 2613 233 2688 aliena
247 2613 455 2710 trajectione
469 2635 704 2710 praenoscere,
720 2639 838 2713 neque
852 2619 1006 2714 propriis
1021 2641 1096 2688 rem
1112 2616 1278 2714 periculis
1293 2611 1425 2708 explo-

122 2759 222 2810 rare.
260 2733 443 2832 Siquidem
467 2733 564 2810 haud
586 2737 784 2836 proculeio
808 2737 980 2810 latebram
1005 2763 1101 2828 esse,
1134 2756 1274 2838 partem
1298 2737 1425 2834 copia-

121 2885 212 2953 rum,
236 2873 408 2956 quantam
425 2883 445 2929 a
462 2879 501 2930 se
518 2860 759 2956 superandam
774 2859 995 2952 crediderint,
1011 2865 1209 2960 irrupturis.
1261 2865 1332 2934 Nec
1350 2856 1425 2930 lal-

119 3005 158 3054 sa
174 2979 356 3080 praedictio
371 2979 443 3053 luit.
495 2979 642 3084 Holsatii
660 2983 809 3082 quippe,
826 2987 947 3060 vicinis
972 3011 1010 3070 se
1026 2985 1172 3060 saltibus
1194 2983 1424 3070 occultantes,
1447 3051 1454 3070 ,

119 3107 289 3202 patienter
304 3104 502 3202 primorum
519 3102 653 3176 aditum
668 3106 935 3203 praestolantur,
968 3115 1259 3208 transvectisque,
1284 3129 1377 3204 quos
1402 3129 1424 3174 a

167 3417 433 3505 ¹Henricifilr'um]
452 3415 636 3506 intelligitur
657 3427 741 3484 Hen·
801 3425 879 3484 Tum
903 3444 976 3487 vero
1005 3423 1182 3512 Adolpbum
1213 3437 1244 3489 et
1274 3425 1424 3488 Canutum
1463 3419 1472 3438 ⁶

120 3527 197 3590 ricus
210 3525 391 3612 cognomine
404 3527 549 3604 Scatelar,
562 3527 742 3610 neposSrc-
802 3527 914 3610 junctis
951 3528 1064 3594 viribus
1095 3531 1265 3596 Svenonem
1300 3527 1423 3594 Siesrici

118 3635 206 3697 nonis
221 3631 359 3713 Estritii,
391 3633 429 3696 de
448 3648 509 3720 qao
520 3651 610 3715 supra
635 3629 688 3694 lib.
703 3629 742 3694 13
801 3636 1039 3718 oppugnaturum
1062 3637 1241 3700 Etheicrnm
1259 3657 1350 3714 vero,
1371 3653 1424 3720 pe-

116 3741 237 3826 saapius.
409 3730 413 3740 ’
802 3741 888 3803 cunia
910 3741 1086 3804 consiliariis
1108 3745 1216 3806 Canuti
1233 3745 1351 3818 soluta,
1378 3739 1423 3800 in-

801 3845 919 3908 duxisse
943 3851 1108 3928 Cantatum,
1133 3864 1167 3910 ut
1186 3869 1250 3912 sese
1271 3845 1423 3909 obsidioni

165 3953 304 4014 2ΒιΙΙιυη
321 3953 352 4012 t'u
375 3950 530 4011 Hotsau'os
547 3945 653 4034 parnt]
671 3949 742 4012 Bel·
798 3951 1000 4032 subtraheret,
1015 3973 1120 4039 paccm
1135 3974 1203 4018 cum
1216 3957 1354 4020 Svenone
1367 3950 1424 4011 ini·

114 4055 182 4117 lum
199 4056 390 4120 Holsatioum
404 4065 509 4117 noster
525 4055 632 4120 leviter
646 4055 739 4120 modo
800 4045 900 4138 turus,
928 4059 999 4122 hinc
1021 4059 1115 4146 igitur
1138 4059 1314 4145 Adolphum
1335 4053 1422 4126 ralde

115 4160 231 4245 attigit.
279 4165 390 4224 Narrat
408 4179 481 4224 sero
500 4162 681 4226 Helmoldus
706 4161 740 4244 (l.
800 4163 978 4228 festinanter
1003 4187 1036 4230 se
1058 4169 1193 4252 recipere
1216 4179 1354 4230 coactum
1374 4159 1422 4222 tu-

115 4283 145 4326 e.
162 4265 324 4351 libicsp.
345 4263 415 4350 67),
450 4281 610 4353 utrumque
637 4290 741 4354 regem
799 4269 871 4350 isse;
892 4273 1063 4335 Svenonem
1083 4293 1164 4352 vern,
1183 4271 1421 4354 confugientes

111 4371 265 4436 studuisse
295 4373 437 4436 camitem
460 4375 625 4453 Holsatiae,
648 4375 741 4438 Adol-
799 4375 945 4440 incautius
958 4395 1199 4466 persequeretur,
1219 4391 1338 4466 partem
1353 4395 1422 4437 suo-

109 4477 222 4562 phum,
240 4477 278 4543 ad
292 4501 359 4543 snas
371 4493 473 4564 partes
491 4481 686 4565 pertrahere3
707 4481 743 4542 il·
801 4503 880 4562 rum,
897 4485 950 4568 qui
972 4485 1003 4545 io
1019 4483 1143 4550 alteram
1156 4486 1286 4570 Eydorae
1302 4495 1421 4570 partem

112 4585 183 4647 lum
197 4605 268 4650 vero
279 4607 313 4650 se
330 4589 449 4652 Cannto
463 4586 648 4670 adjunxiss05
669 4589 741 4652 sn-
799 4591 965 4657 transvccti
982 4590 1125 4674 fuissent,
1149 4593 1290 4658 amisisse.
1341 4592 1419 4655 Saxo

109 4691 453 4776 nonemigiturterram
465 4693 680 4778 Wagriensem
694 4693 740 4755 in·
797 4694 893 4780 igitur
915 4696 1005 4776 iniis,
1027 4721 1096 4786 quas
1116 4701 1235 4779 attulit,
1256 4719 1324 4762 cum
1346 4697 1420 4758 Hel·

108 4793 236 4876 vasisse,
255 4797 360 4884 ibique
373 4801 468 4863 multa
486 4809 624 4877 vastasse,
643 4797 739 4899 inpri·
797 4799 901 4863 moldo
917 4805 1040 4868 omnino
1056 4812 1219 4893 conspirat.
1253 4811 1329 4870 tter
1347 4820 1418 4866 roro

108 4897 176 4962 mis
189 4921 281 4988 opera
300 4924 388 4970 nsum
403 4907 540 4972 Etheleri
563 4905 740 4970 Ditbmarsi.
797 4905 877 4972 1150
890 4923 973 4995 gesta
988 4925 1066 4976 sunt.
