3536 5462
315 187 390 260 890
649 188 825 262 fltsTott.
841 188 945 260 ΒΑΝ.
960 189 1098 260 LIBER
1114 185 1204 258 xlv.

269 413 354 495 ptus
370 413 433 487 est,
456 421 668 498 poenasque
681 423 754 477 non
771 397 890 474 solum
908 398 1034 471 veteris
1056 399 1213 496 piraticae
1236 393 1302 470 sed
1329 395 1437 468 etiam
1450 416 1585 468 receu-

271 523 360 594 tium
379 519 555 592 minarum
572 521 676 594 exitio
692 519 870 620 pependit.
1147 525 1150 538 '

374 644 441 714 Per
454 638 550 714 idem
564 659 705 742 tempus
719 642 904 716 Esbernus
911 657 945 714 et
958 639 1250 735 Wetbemannus,
1265 653 1494 740 opportunas
1512 660 1585 734 pa·-

238 795 255 846 ·,
273 765 346 833 triae
363 764 534 838 excubias
549 763 662 838 multo
682 767 916 864 navigationis
934 760 1115 862 impendio
1132 766 1321 864 prosecuti,
1336 757 1587 858 sedulumque

272 887 429 982 piraticae
456 911 551 985 opus
566 889 732 987 ingressi,
758 888 793 959 in
820 902 956 984 septem
982 889 1151 984 piraticos
1170 909 1414 987 myoparones
1432 897 1590 986 quatuoe

180 1099 181 1104 ἵ
272 1005 429 1082 incidere
443 1011 601 1110 navigiis.
652 1013 755 1083 Tunc
769 1011 964 1099 Mirocus¹,
979 1007 1082 1110 pugil
1097 1027 1266 1110 spectatae
1282 1007 1453 1096 audaciae,
1479 1004 1589 1078 forti·

274 1129 404 1204 tudinis
434 1155 509 1205 suae
538 1137 676 1204 niotum
708 1134 799 1204 intra
831 1137 988 1230 propriae
1020 1134 1120 1206 navis
1152 1138 1267 1232 spatia
1300 1131 1483 1206 continere
1515 1150 1591 1200 non

274 1276 419 1352 passus,
445 1253 692 1330 Wethemanni
709 1277 748 1327 se
765 1259 964 1352 appetentis
987 1255 1168 1354 navigium
1186 1257 1325 1329 virtutis
1341 1251 1476 1328 fiducia
1494 1249 1591 1324 soli-

274 1378 384 1450 tarius
410 1375 535 1466 insilit,
561 1375 846 1475 cedentibusque
869 1401 936 1476 per
961 1379 1139 1477 ignaviam
1163 1375 1380 1477 remigibus,
1411 1378 1594 1446 neminem

274 1501 312 1570 in
342 1523 386 1572 eo
412 1515 542 1598 praeter
563 1497 861 1573 Wetbemannum
889 1499 1063 1574 rebellem
1085 1499 1222 1574 habuit.
1283 1503 1383 1594 Quos
1403 1495 1593 1570 Esbernus

275 1639 353 1696 rate
371 1626 590 1720 praeteriens,
615 1624 689 1696 risu
715 1626 887 1723 prosequi
911 1639 1097 1698 contentus
1123 1623 1209 1718 fuit,
1234 1648 1354 1722 neque
1369 1639 1429 1697 aut
1451 1621 1594 1698 hostem

276 1729 409 1817 laedcre
434 1763 496 1818 aut
520 1747 633 1819 civem
659 1747 787 1844 juvare
812 1748 991 1835 sustinuit,
1017 1771 1062 1818 ne
1078 1745 1244 1843 pluribus
1261 1744 1452 1820 adversum
1478 1770 1595 1818 unum

276 1889 384 1964 opem
411 1865 533 1942 tulisse
555 1866 743 1941 videretur.
796 1872 1009 1968 Progressus
1033 1869 1155 1968 itaque
1169 1872 1394 1960 straminum,
1420 1866 1594 1942 athletam

277 1989 426 2089 insignis
451 1989 685 2081 fortitudinis,
716 1993 817 2089 capit.
870 1990 942 2092 Sed
967 2017 1033 2064 nec
1057 1993 1159 2091 prius
1180 1995 1361 2081 Mirocus,
1393 2007 1432 2064 ut
1462 1988 1597 2090 pedem

278 2110 436 2201 referret,
462 2118 581 2213 urgeri
600 2129 751 2211 poterat,
777 2137 888 2211 quam
903 2112 993 2186 alius
1009 2118 1139 2214 navigii
1159 2118 1438 2214 supervenientis
1453 2113 1595 2188 viribus

278 2251 470 2312 arceretur.
524 2237 637 2334 Cujus
663 2239 842 2335 respectui
863 2253 999 2310 tantum
1014 2239 1251 2310 venerationis
1267 2262 1289 2309 a
1304 2235 1499 2311 victorina
1522 2237 1596 2318 tri-

278 2355 408 2432 butum
424 2375 489 2450 est,
514 2375 563 2452 ut,
591 2384 673 2433 cum
691 2374 818 2456 captus
835 2358 1051 2458 supplicium
1075 2378 1284 2451 mereretur,
1309 2357 1600 2456 redemptionem

279 2482 475 2578 acceperit,
510 2484 703 2580 potiusque
724 2487 759 2553 in
787 2506 830 2555 eo
849 2483 1012 2580 probitas
1029 2481 1207 2557 honorata
1231 2489 1275 2557 sit
1301 2507 1412 2584 quam
1437 2481 1600 2556 facinora

278 2607 413 2700 punita.
465 2607 515 2678 Ita
532 2630 644 2703 quum
663 2605 837 2705 impietati
852 2607 1025 2702 pernicies
1050 2605 1254 2700 deberetur,
1278 2602 1473 2680 fortitudini
1499 2601 1601 2677 salus

267 2722 412 2818 donata
428 2741 488 2802 est

281 2900 285 2908 ·
383 2848 523 2923 Eodem
537 2854 728 2949 tempore²
754 2847 932 2939 Eskillus,
958 2848 1160 2925 domesticis
1190 2875 1302 2951 supra
1328 2852 1423 2926 viros
1446 2849 1600 2948 negotiis

266 2969 468 3070 ¹fatigatus,
493 2971 579 3046 dum
603 2974 712 3072 quieti
737 2973 899 3045 intentius
925 2971 1096 3064 consulit,
1127 2973 1382 3072 proficiscendi
1411 2970 1549 3044 licentia
1577 2995 1601 3040 a

281 3113 367 3188 rege
381 3091 575 3169 difficulter
591 3111 739 3185 extorta,
753 3094 875 3169 nobile
889 3086 1085 3168 Galliarum
1101 3095 1321 3188 coenobium,
1346 3093 1449 3196 quod
1464 3093 1602 3166 Clara·-

282 3211 386 3288 vallis
401 3234 643 3314 nuncupatur,
669 3220 811 3317 petivit,
835 3217 962 3318 ibique
979 3223 1106 3316 privati
1122 3243 1223 3292 more
1241 3217 1474 3317 tranquillam
1489 3218 1603 3291 vitam

282 3332 438 3434 degens,
471 3363 640 3437 asperum
675 3345 800 3439 patriae
832 3346 1037 3414 convictum
1065 3340 1277 3416 voluntariae
1302 3341 1604 3442 peregrinationis

282 3455 423 3532 lenitate
445 3466 610 3552 mutavit,
640 3461 888 3561 jucundiorem
913 3490 1033 3538 rerum
1063 3490 1171 3540 usum
1195 3463 1297 3564 apud
1322 3480 1460 3538 exteros
1486 3487 1605 3562 quam

283 3581 373 3656 inter
389 3588 483 3658 cives
500 3583 700 3660 habiturus.
716 3569 721 3574 ¹
753 3591 821 3661 Per
835 3585 931 3662 idem
947 3611 1097 3688 quoque
1113 3605 1258 3686 tempus
1268 3586 1557 3690 Walagostenses
1572 3593 1606 3680 ³,

331 3980 498 4063 'Mr'r‘ocud
512 3983 764 4068 Rrantzirpbuno
780 3987 912 4072 piratam
968 3988 1189 4075 archiepiscopi
1212 3991 1362 4056 incertum
1388 3957 1444 4052 est,
1486 3989 1605 4080 Quum,

199 4133 201 4138 -
284 4091 426 4152 Mr'rotum
449 4091 599 4177 appellat,
630 4093 708 4155 Dan.
725 4097 765 4173 V,
785 4085 836 4158 34.
878 4098 912 4156 ln
967 4094 1603 4174 aestatesnni1177eGalliaretertens(r.

285 4191 391 4258 codice
410 4197 597 4264 Rrantziano
621 4198 716 4284 igitur
734 4199 777 4264 sic
799 4221 911 4264 nomen
968 4197 1090 4284 disquis.
1104 4198 1319 4284 deotmunt),
1338 4201 1461 4286 longius
1477 4201 1605 4285 aliquod

283 4301 433 4388 scripturn
458 4317 541 4386 erat,
563 4305 620 4372 nisi
639 4305 721 4371 forte
740 4306 911 4394 di'screpan-
966 4318 1087 4392 tempus
1113 4307 1156 4370 ibi
1179 4318 1385 4376 commoratus
1404 4326 1470 4370 esse
1500 4306 1607 4372 videa·

284 4407 326 4468 tia
342 4407 540 4474 autllrantzii
553 4425 605 4475 aut
624 4423 741 4492 eorum,
763 4414 815 4500 qui
833 4435 911 4498 opus
966 4409 1532 4498 tur,a.1175fortesseeoprofeetus
1548 4427 1608 4478 eat

286 4513 352 4596 ejus
384 4513 609 4601 descripserunt
632 4533 663 4583 et
684 4532 755 4605 post
781 4533 912 4584 mortem
1014 4519 1297 4603 ³Walugosteuses]
1312 4519 1407 4583 lned.
1423 4541 1472 4604 pr.
1489 4540 1608 4584 nonen

283 4620 417 4686 auctoris
441 4619 620 4702 ediderunt,
655 4626 752 4690 errori
776 4627 914 4690 debetur.
968 4621 1051 4688 urbis
1073 4645 1154 4690 nunc
1171 4627 1401 4710 Walogustum,
1419 4644 1502 4689 nuno
1522 4628 1610 4690 Wo-

328 4730 460 4791 ²Eodem
475 4727 613 4814 tempore]
625 4733 757 4815 Tempus
771 4732 915 4798 discessus
970 4735 1114 4816 lopertum
1127 4731 1284 4814 scriblitae,
1303 4732 1415 4796 incolae
1429 4751 1505 4798 vero
1520 4749 1611 4798 nune
