3524 5460
353 311 426 383 aar
675 282 1236 385 arsionnnmrrnv.

303 521 459 598 titudinis
474 520 608 595 viribus
627 519 811 595 lacessitus
833 521 1007 594 obruitur.
1060 520 1177 592 Sveno
1197 545 1279 594 cum
1296 524 1419 617 paucis
1437 519 1483 592 ad
1501 519 1613 618 palu-

300 645 483 722 striasorte
498 645 583 742 fuga
600 649 821 742 perveniens,
845 670 940 736 cunr,
956 643 1030 716 luto
1048 641 1239 733 desidente,
1247 645 1331 744 equi
1349 643 1495 742 vestigia
1509 667 1632 730 rner-¹

300 785 477 868 gerentur,
505 765 613 864 pedes
630 769 694 838 iter
709 769 866 864 arripere
883 765 1089 842 conabatur.
1144 765 1214 840 Sed
1237 791 1281 837 ne
1297 764 1510 863 sicquidem
1530 789 1616 836 coe-

300 915 348 964 no
364 915 455 962 onus
474 889 617 978 ferente,
643 889 746 960 etiam
766 914 864 960 arma
879 889 1056 986 deposuit.
1111 893 1305 983 Postremo,
1321 911 1528 988 quanquam
1544 911 1618 960 su·-

300 1039 404 1086 orum
421 1009 581 1085 humeris
606 1017 839 1101 anniteretur,
865 1036 1034 1109 suprema
1051 1013 1161 1085 victus
1183 1011 1398 1103 lassitudine,
1422 1009 1617 1082 comitibus

299 1137 471 1236 aufugere
492 1135 619 1233 jussis,
654 1137 689 1205 in
707 1133 848 1206 arboris
870 1138 976 1207 unius
999 1132 1118 1206 radice
1134 1133 1304 1208 consedit.
1357 1131 1457 1218 Adeo
1474 1134 1618 1230 quippe}

298 1285 382 1332 eum
399 1260 490 1330 vires
508 1255 722 1349 defecerant,
749 1275 788 1331 ut
804 1283 848 1330 ne
864 1256 1015 1354 gradum
1035 1255 1180 1354 quidem
1197 1260 1312 1332 alieno
1330 1233 1520 1332 sbbnixum
1538 1253 1616 1326 ad-

298 1379 464 1454 miniculo
482 1379 643 1478 prolerre
663 1383 825 1478 potuerit.
879 1385 1002 1480 Aquo
1018 1379 1165 1478 quidam
1182 1407 1333 1454 suorum
1350 1405 1417 1478 per
1433 1381 1615 1476 ignaviam

298 1503 482 1580 discedere
501 1508 595 1576 omni
615 1501 685 1576 lato
705 1506 834 1576 tristius
853 1521 958 1594 ratus,
984 1504 1031 1574 ab
1047 1505 1258 1603 agrestibus
1272 1500 1486 1602 indagandae
1509 1525 1615 1598 prae-

298 1629 354 1702 dae
373 1629 483 1726 gratia
503 1625 846 1722 supervenientibus,
873 1643 954 1698 ante
981 1625 1092 1724 pedes
1112 1632 1206 1728 regis
1223 1633 1401 1727 appetitus
1427 1622 1614 1697 occubuit.

298 1748 657 1848 Aquibus‘etSveno
680 1763 825 1845 captus,
859 1773 955 1830 cum,
980 1753 1059 1850 quis
1081 1770 1183 1843 esset,
1197 1755 1493 1848 interrogaretur,
1518 1747 1616 1846 regis

298 1875 453 1952 scribam
473 1868 717 1970 profitebatur.
767 1873 916 1968 Agnitus
933 1871 1087 1962 tandem,
1113 1898 1282 1970 equoque
1298 1872 1347 1954 ob
1373 1855 1628 1944 reuerentiam⁸

299 1998 490 2096 majestatis
514 1995 715 2092 impositus,
749 1995 824 2066 sive
850 2010 965 2067 metus
991 2002 1066 2068 sive
1091 1999 1168 2095 spei
1191 1969 1352 2069 instinctu
1376 1993 1612 2067 Waldemaro

297 2151 336 2198 se
359 2119 560 2220 praesentari
585 2115 763 2214 poscebat.
839 2119 925 2190 Haec
951 2124 1084 2192 orantis
1112 2136 1221 2219 caput
1246 2126 1437 2220 agrestium
1461 2115 1610 2215 quidam

296 2244 416 2320 subito
432 2239 606 2316 advolans
624 2245 736 2312 securi
755 2240 951 2336 praecidit&
1009 2245 1152 2341 Corpus
1170 2244 1247 2340 ejus
1262 2241 1366 2315 nullis
1381 2239 1515 2313 funeris
1531 2243 1611 2308 im-

295 2373 417 2469 pensis
431 2364 649 2438 bonoratum
676 2362 823 2462 ignobssi
847 2365 1041 2461 sepulturae
1065 2367 1291 2466 popularium
1315 2389 1400 2437 cura
1418 2360 1612 2436 mandavit.

295 2493 469 2568 Ulvonem
490 2485 586 2559 bello
607 2503 752 2584 captum
782 2487 998 2586 Vibergique
1023 2489 1194 2563 custodiae
1216 2487 1393 2581 traditum,
1418 2485 1614 2559 liesberno

295 2615 477 2700 duntaxat,
503 2635 578 2708 quo
597 2611 711 2682 minus
729 2615 934 2705 puniretur,
967 2613 1139 2704 obstante,
1169 2613 1309 2713 capitali
1330 2609 1509 2710 supplicio
1528 2610 1612 2678 Ca·-

185 2815 191 2832 ‚
295 2743 368 2812 nuti
386 2733 511 2809 milites
526 2733 694 2821 affecere,
721 2737 892 2832 sanguine
908 2737 988 2833 ejus
1010 2737 1111 2810 ducis
1136 2743 1189 2811 sui
1213 2736 1380 2810 manibus
1398 2748 1608 2832 parentan-

295 2864 382 2938 dum
399 2873 576 2960 putantes.
629 2859 782 2929 Prensus
799 2859 1253 2954 quoqueTbetlcvus,cum
1269 2859 1316 2934 ad
1330 2859 1495 2934 eculeum
1510 2855 1607 2929 abs-

342 3167 464 3252 ¹Caput
479 3166 638 3248 agrestium
664 3162 781 3246 quidam
801 3205 822 3222 ..
840 3186 919 3250 prce·

293 3269 380 3354 erilis]
409 3273 527 3354 Pugnae
564 3266 720 3332 fortunam
745 3279 777 3332 et
807 3257 918 3332 exitum

293 3376 442 3444 Sveaonis
468 3387 557 3438 autor
577 3373 715 3437 historiae
736 3373 917 3459 linytllngo-

294 3507 363 3549 rum
377 3485 419 3548 ita
434 3479 579 3544 describit
595 3477 641 3568 (p.
654 3477 747 3564 372):
773 3483 846 3545 Uloo
865 3485 919 3544 Ηί-

290 3597 390 3682 pensis
410 3573 545 3653 mettum
563 3593 655 3674 gessit
675 3591 815 3652 senone
831 3595 917 3672 regis.

290 3701 437 3765 Mrlr'tr'bru
456 3699 645 3783 adpugnare
669 3699 836 3775 abstractis,
858 3699 919 3760 cla·

291 3833 370 3872 mare
396 3808 495 3870 bellr'co
517 3807 652 3878 sublato,
694 3805 813 3866 hostiles
841 3807 919 3866 acr'es

245 3971 250 3980 .
290 3929 510 3984 concurrerunt,
529 3933 688 3999 pugnaque
710 3910 846 3972 r'acltoata
873 3925 918 3968 est

289 4038 318 4082 et
333 4024 412 4084 acrs's
430 4035 460 4081 et
475 4020 583 4102 longor
606 4020 657 4078 diu
681 4021 756 4078 enim
775 4020 805 4076 in
826 4015 916 4075 ambi·

287 4149 348 4210 guo
365 4141 444 4197 erat,
464 4127 528 4208 quis
547 4127 698 4185 ot'etorr'am
713 4136 916 4208 reportaturus

287 4248 371 4294 esset.
426 4231 638 4292 Waldemarus
670 4249 719 4289 ree
750 4247 821 4307 equo
842 4229 914 4286 msi-

288 4339 532 4422 densjortt'ssime
541 4335 700 4423 pugnavit.
733 4335 847 4414 Magno
862 4335 915 4392 mi·

288 4446 372 4506 litum
388 4449 504 4528 agmine
532 4446 660 4528 aptatus
680 4461 728 4502 eos
756 4459 915 4522 aggressus

286 4565 344 4622 est,
363 4555 415 4632 qui
430 4549 566 4612 resalium
585 4549 725 4610 Sveaom's
743 4549 915 4612 Χτιιεόέιηιαν.

286 4661 360 4720 Post
370 4680 506 4744 pugnam
528 4660 697 4718 acerrimam
718 4657 822 4720 cecedit
840 4659 914 4721 Uloo

286 4765 598 4850 lls'grerestsetvext'llum
612 4762 751 4843 desectam
767 4781 818 4828 est·
842 4767 870 4827 T
866 4790 914 4826 um

285 4876 376 4958 cops'oe
395 4871 535 4935 Swnorris
547 4871 660 4955 sugam
688 4875 919 4958 capessr'aerunt,

979 3172 1117 3253 multique
1140 3172 1170 3232 r'n
1192 3171 1255 3256 ipso
1278 3190 1400 3256 rampo,
1423 3165 1473 3226 uli
1484 3163 1610 3250 proels'a-

979 3280 1165 3366 tumsuerat,
1179 3275 1379 3338 occubuerunt.
1420 3275 1485 3336 ttae
1496 3270 1612 3340 Saeuo,

978 3405 1050 3467 equo
1070 3367 1208 3454 ¹evaderes,
1236 3385 1371 3444 vestitam
1391 3396 1522 3448 etorma
1537 3399 1609 3436 cum

977 3493 1080 3554 clerico
1101 3489 1225 3574 quodam
1249 3491 1448 3574 permutavit,
1473 3483 1610 3565 huncque

979 3619 1103 3680 rogans,
1117 3611 1149 3657 ut
1164 3617 1277 3658 cursum
1287 3595 1499 3682 praecipitaret,
1510 3609 1610 3672 quou-

979 3723 1041 3767 tum
1055 3708 1116 3789 ipre
1132 3717 1162 3764 et
1177 3723 1267 3784 equus
1287 3701 1437 3770 valerent,
1453 3717 1610 3760 resumas

980 3817 1042 3898 abre
1073 3815 1104 3874 io
1136 3807 1255 3870 arbusto
1275 3806 1401 3890 quodam
1419 3817 1524 3889 captus
1547 3817 1607 3866 est.

978 3923 1086 3982 Petrus
1106 3915 1215 3976 Ttou'a
1235 3937 1330 3996 regem
1354 3917 1484 3994 agnouit·
1526 3908 1609 3980 cnr,

975 4026 1084 4106 sitqut't,
1099 4022 1225 4093 domine,
1245 4035 1305 4082 tom
1317 4019 1422 4080 humili
1435 4017 1523 4079 rutili
1541 4030 1610 4076 rste-

978 4130 1041 4191 rr's?
1085 4129 1156 4189 Tum
1175 4129 1321 4188 Goenmrv
1340 4125 1447 4186 Ketellt'
1461 4125 1540 4190 filius
1552 4145 1609 4184 ac·

975 4258 1094 4298 currens
1117 4235 1274 4295 Sversonem
1297 4233 1413 4294 ocerilit.
1455 4231 1531 4292 Hoee
1550 4245 1609 4311 ge-

976 4334 1312 4416 stasuntanu01157,
1332 4336 1440 4400 ‹tiesri
1464 4323 1608 4398 Severini

975 4451 1039 4510 sive
1053 4443 1215 4513 2300tbr.
1234 4443 1266 4504 in
1285 4463 1393 4527 campo
1418 4439 1534 4505 Grstbe
1555 4440 1610 4502 in·

977 4566 1026 4617 ter
1049 4568 1175 4642 pontem
1205 4551 1332 4619 Veirum
1352 4559 1390 4613 'et
1415 4545 1523 4610 urbem
1549 4545 1609 4612 Vi-

976 4661 1116 4746 burgum.
1153 4663 1253 4725 Saeuo
1271 4676 1364 4721 caesus
1375 4665 1420 4720 est
1432 4673 1513 4719 anno
1529 4665 1610 4720 ete·

975 4760 1079 4828 sisar.
1306 4757 1309 4770 '
