3524 5460
357 315 430 389 tat
692 293 869 389 utsrdu.
886 319 990 390 nau.
1005 319 1248 393 ntuuuxtt.

303 525 423 616 veliet,
453 551 538 600 cum
563 527 635 600 filiu·
652 523 848 599 admodum
866 527 1016 624 parvula
1031 525 1248 602 infantilibus
1263 526 1538 613 blandimentis¹
1551 531 1619 627 jo-

303 665 420 722 catum
442 674 481 722 se
498 649 591 722 dixit.
651 651 797 722 Discors
814 671 932 722 causac
947 649 1098 722 redditio
1123 650 1435 746 percontatoribus
1453 649 1619 724 notabilis

302 770 376 846 suit.
428 775 590 862 Quorum
606 769 746 846 hortatu
762 768 888 842 urbem
906 787 1087 869 repetens,
1108 777 1196 847 inter
1218 789 1412 862 consortes,
1435 779 1536 872 quasi
1551 798 1621 872 per
1642 781 1650 792 “

301 911 439 966 aetatem
458 892 674 983 honoratior,
689 889 809 964 medio
823 891 968 964 sedendi
984 893 1066 966 loco
1085 910 1251 992 receptus
1267 911 1329 968 est.
1382 897 1516 970 Mensis
1534 911 1620 994 post

302 1013 428 1114 epulas
443 1018 588 1105 arnotis,
610 1041 706 1101 cum,
728 1015 977 1088 minutioribus
994 1013 1134 1112 poculis
1152 1021 1284 1112 passim
1302 1033 1337 1089 et
1355 1021 1450 1090 varie
1470 1015 1617 1090 discur-

299 1137 471 1226 rentibus,
489 1137 640 1208 convivii
651 1134 806 1209 hilaritas
824 1154 1030 1236 augeretur,
1056 1137 1277 1210 calculorum
1295 1137 1423 1214 ludum
1441 1143 1619 1240 poposcit,

300 1259 482 1360 gloriatus,
497 1283 536 1330 se
552 1258 629 1354 ejus
644 1262 808 1356 apprime
825 1266 990 1356 peritum,
1007 1258 1109 1359 quod
1124 1258 1293 1358 esulhoc
1311 1270 1462 1336 maxime
1475 1265 1618 1361 jucun·-

300 1384 417 1456 ditatis
431 1405 562 1482 genere
576 1378 741 1452 delectari
758 1385 986 1454 consueverit.
1022 1380 1130 1476 Quod
1147 1381 1292 1474 dictum,
1310 1384 1619 1482 jactantiaesintile‚

298 1531 338 1578 re
354 1531 437 1578 vera
460 1504 588 1577 acerba
606 1503 812 1576 calamitatis
829 1502 1026 1576 recordatio
1042 1503 1116 1577 luit.
1169 1503 1237 1578 Sed
1251 1503 1411 1580 tabulato
1427 1531 1500 1580 non
1518 1531 1618 1606 sup-

298 1632 474 1726 petente2,
501 1651 545 1698 ne
563 1625 656 1700 lusui
673 1624 817 1724 quidem
836 1642 999 1698 vasatum
1016 1643 1092 1700 est·
1131 1631 1224 1699 Inter
1239 1645 1363 1702 caetera
1382 1646 1508 1703 cantor
1523 1631 1618 1703 Ger-

300 1752 481 1823 manicus³
507 1750 632 1849 lugam
667 1749 838 1820 Svenouis
866 1747 1083 1848 exiliumque
1103 1749 1273 1824 cantilena
1292 1752 1519 1850 complexus,
1540 1777 1615 1825 va-

298 1878 369 1946 rias
379 1875 411 1944 ei
429 1870 672 1964 contumelias,
686 1873 889 1944 formatisin
908 1897 1049 1944 carmen
1061 1876 1242 1965 conviciis,
1257 1863 1467 1972 objectabat.
1495 1879 1615 1967 Quem

298 1995 349 2069 ob
367 1994 438 2067 hoc
459 1997 577 2068 acrius
598 2019 620 2066 a
639 1996 797 2067 convivis
818 1997 1030 2090 increpitum
1052 1997 1180 2084 Saeuo,
1204 1992 1423 2070 dissimulata
1439 1996 1614 2089 molestia,

298 2120 460 2193 fortunas
485 2143 569 2192 suas
595 2116 741 2191 liberius
767 2120 924 2190 recincre
943 2116 1066 2214 jubet,
1088 2128 1269 2214 'perquam
1297 2116 1448 2192 libe'utcr
1467 2142 1507 2192 se
1530 2137 1616 2219 post

298 2265 475 2316 aerumnas
511 2237 688 2313 mulorum
728 2241 931 2311 meminisse
964 2239 1159 2312 confessus.
1228 2240 1452 2338 Crepusculo
1487 2266 1614 2342 appe-

296 2380 400 2455 tente,
414 2363 590 2461 illatisque
605 2385 649 2435 ex
664 2385 763 2432 more
779 2359 987 2452 luminibus,
1002 2357 1101 2434 miles
1117 2363 1301 2454 Svenonis,
1319 2361 1523 2458 Tbetlerus,
1544 2391 1613 2464 qus

296 2487 407 2587 paulo
422 2503 503 2560 autc
519 2485 864 2582 convivio'egressus
881 2483 1015 2575 fuerat,
1034 2507 1198 2556 reversus
1218 2484 1255 2554 in
1269 2490 1423 2585 regiam,
1445 2492 1615 2560 commo-

295 2635 378 2683 nem
402 2608 529 2682 edendi
546 2609 710 2682 facinoris
725 2606 840 2680 oculis
856 2608 1050 2704 animoque
1063 2607 1185 2679 tacitns
1194 2605 1440 2704 perlustrabat
1494 2614 1614 2682 Curn-

296 2745 369 2832 quc
398 2732 584 2831 paulisper
612 2735 757 2804 attonito
782 2729 1012 2827 stupentique
1033 2726 1155 2816 similis
1182 2735 1412 2821 constitisset,
1451 2735 1612 2806 Canutns

295 2878 392 2946 cum,
413 2877 590 2954 propasso
607 2855 643 2926 in
657 2869 786 2926 terram
804 2849 972 2941 amiculo,
982 2848 1106 2924 sedere
1117 2850 1187 2926 sibi
1196 2846 1398 2951 proximum
1411 2853 1524 2952 jubet.
1548 2853 1614 2926 Ille

342 3180 561 3262 ¹quuatilibus
584 3177 798 3258 blanditiosus]
828 3179 921 3244 lusti·
978 3191 1118 3243 cantores
1141 3178 1338 3243 Germanicos
1359 3180 1392 3242 in
1422 3178 1538 3246 deliciis
1557 3182 1613 3245 ba-

295 3305 367 3348 num
381 3306 478 3367 suum,
493 3300 628 3350 utentes
642 3287 761 3371 saepius,
777 3285 837 3348 hoc
851 3287 921 3348 loco
976 3283 1058 3365 buit3
1079 3297 1228 3369 praeterea
1250 3285 1325 3348 nihil
1348 3286 1444 3370 magis
1467 3309 1484 3352 a
1505 3301 1611 3352 mente

294 3412 417 3476 quoque
432 3393 579 3478 expressit
596 3395 686 3456 Saxo.
739 3392 791 3456 Sic
808 3392 920 3458 etenim
977 3389 1107 3454 duorum
1126 3411 1234 3476 regum
1252 3393 1493 3474 eratalienum,
1513 3417 1611 3481 quam

293 3497 346 3562 ills
365 3497 417 3560 lib.
433 3502 520 3565 xvtt
537 3497 651 3584 cap.3:
679 3526 743 3562 eum
762 3525 812 3563 seu
836 3502 920 3560 mise-
978 3495 1110 3560 animum
1138 3495 1287 3560 Sucronis
1313 3517 1489 3583 exasperare
1517 3500 1612 3566 selle.

293 3605 563 3692 rt'cordt'usortuaoe
588 3606 652 3687 ejus
670 3597 922 3691 scu's’ttfaatt'lt'bus
977 3599 1077 3664 Credo
1093 3601 1197 3684 igitur,
1213 3601 1289 3666 duos
1305 3623 1411 3689 reges,
1430 3616 1465 3667 ut
1482 3607 1611 3670 Steno-

292 3711 495 3775 blcnds'ments's
515 3713 652 3776 inductus
677 3735 728 3774 rex
750 3713 802 3773 ds'u
819 3728 921 3800 prote·
976 3705 1026 3786 ni,
1049 3726 1117 3772 cum
1141 3709 1219 3772 lusui
1241 3712 1376 3784 alearum
1396 3708 1478 3774 haud
1499 3729 1611 3774 vacare

290 3820 344 3880 sit.
368 3811 419 3898 (S)
974 3813 1142 3898 potuisset,
1168 3827 1288 3899 gratum
1314 3815 1439 3904 aliquod
1466 3836 1613 3891 amonius

335 3925 504 3989 ‘Tabulata
516 3949 575 3988 aon
587 3920 769 4013 suppetente]
788 3923 867 3984 Cum
879 3919 918 3982 ad
975 3919 1170 3999 exhiberent,
1196 3921 1327 4005 aliquem
1347 3943 1386 4000 ex
1399 3943 1493 4008 grege
1511 3923 1615 4007 ipsius,

289 4049 413 4092 manum
429 4029 491 4094 aon
515 4043 594 4094 esset
616 4031 724 4094 abacus
742 4046 797 4090 sau
815 4024 917 4089 alueo·
972 4025 1155 4106 joculatorio
1193 4028 1403 4095 accersitissc.
1435 4041 1611 4110 cantorem,

290 4133 337 4195 lus
352 4135 491 4200 lusorius.
540 4135 575 4200 ld
595 4134 677 4200 enim
693 4135 754 4198 hoo
771 4135 840 4196 loco
856 4131 917 4216 sig·
972 4129 1054 4194 hunc
1069 4143 1179 4212 autem,
1196 4135 1376 4200 aDithlsvo
1392 4131 1522 4198 sortasse
1534 4133 1613 4198 snb.

290 4237 392 4304 russas
406 4241 592 4320 tabulatum,
612 4228 697 4327 quod
710 4241 774 4304 aliis
789 4237 915 4324 optimae
973 4251 1132 4319 ornatum,
1168 4240 1351 4304 cantilenam
1381 4261 1397 4304 a
1427 4259 1474 4312 se,
1491 4237 1613 4303 dudum

289 4357 372 4406 notae
388 4348 588 4430 scriptoribus
610 4351 710 4412 tabula
725 4345 847 4414 dicitur.
864 4343 914 4426 (S)
968 4347 1169 4431 compositam
1198 4357 1229 4408 et
1252 4346 1389 4425 Svenoni
1408 4344 1490 4408 baud
1517 4343 1612 4428 igno-

335 4453 472 4516 ³Cautor
495 4451 697 4530 Germanicus]
720 4455 836 4516 Cantor
861 4451 928 4520 ille
968 4463 1032 4514 mm
1047 4451 1084 4515 de
1105 4450 1264 4516 itineribus
1283 4452 1381 4536 regis,
1408 4451 1547 4534 jocosam
1574 4462 1615 4514 et

289 4575 388 4641 neque
408 4557 447 4622 ad
468 4558 577 4624 Canuti
604 4577 701 4642 neque
724 4556 762 4621 ad
783 4555 914 4628 Walde-
970 4559 1060 4623 variis
1088 4559 1121 4620 in
1146 4559 1244 4643 ipsum
1269 4558 1446 4621 Stenonsm
1468 4555 1613 4622 dicteriis

286 4663 365 4729 meri
383 4663 556 4728 clientelam
576 4665 758 4750 pertinuisse
780 4663 910 4730 ridetur.
968 4663 1135 4742 refertam,
1157 4663 1310 4728 cecinisse.
1380 4663 1526 4728 Conviva
1549 4684 1613 4727 an-

286 4769 427 4833 Primnm
443 4769 525 4833 enim
540 4783 606 4834 crat
624 4769 829 4848 Germanicus,
839 4771 913 4835 Svc·
964 4784 1043 4850 tem,
1077 4774 1131 4856 qui
1161 4771 1209 4839 his
1237 4769 1350 4848 salibus
1374 4767 1456 4834 baud
1485 4769 1606 4836 aerest

286 4899 328 4941 no
342 4889 444 4944 autern
454 4877 558 4961 maps,
571 4897 664 4961 quam
672 4873 734 4940 duo
747 4876 799 4940 clii
811 4897 910 4962 reges,
965 4891 1062 4961 erant,
1078 4899 1150 4943 mox
1163 4875 1312 4962 indignati
1328 4889 1407 4942 sunt.
1471 4923 1475 4930 .
