3508 5460
582 331 951 406 WALDEMARUSI.
1302 335 1383 410 805<

245 543 370 638 ltaque
395 537 632 638 principibus,
661 565 788 640 graves
810 540 1052 640 periculorum
1076 557 1192 618 motus
1221 561 1256 619 et
1276 545 1430 622 difficilia

114 667 162 736 rei
178 660 494 761 Danicoetempora
511 662 790 756 attendentibus,
814 663 888 738 lilio
904 664 1124 738 Waldemari
1146 669 1287 742 Canuto
1309 678 1429 770 regios

114 785 268 860 honores
297 784 491 859 decernere
512 785 684 884 placuit¹,
726 787 789 886 qni
813 811 886 858 non
908 786 1027 862 solum
1051 805 1209 886 paternae
1235 792 1429 890 majestatis

115 909 257 982 futurus
269 933 468 1008 possessor,
493 907 675 983 sedetiam
693 933 853 1008 praesens
870 909 1045 1010 dignitatis
1070 915 1190 987 socius
1210 929 1429 1006 nosceretur,

116 1047 152 1104 ut
166 1031 342 1106 baberent
358 1055 540 1129 proceres,
561 1029 608 1103 ad
622 1033 728 1130 cujus
742 1057 875 1108 nomen
892 1033 1106 1132 titulumque
1130 1033 1373 1128 decurrerent,
1398 1040 1430 1112 si

111 1151 205 1252 quid
221 1153 266 1227 de
281 1154 374 1253 regis
390 1158 507 1253 capite
527 1151 671 1226 fortuna
687 1160 849 1228 variaret.
911 1159 1074 1248 Quorum
1096 1155 1288 1254 prudentia
1310 1185 1372 1232 rer
1387 1185 1430 1234 ac

113 1274 359 1350 benevolentia
374 1274 583 1367 delectatus,
609 1275 764 1375 probata
778 1279 966 1371 sententia,
985 1284 1084 1379 regni
1107 1281 1328 1378 majestatem
1344 1308 1427 1356 cum

114 1406 368 1499 sanguinesno
394 1399 607 1500 participare
628 1423 703 1470 non
711 1395 892 1472 damnum
910 1399 1068 1490 honoris,
1095 1399 1161 1474 sed
1184 1398 1344 1480 claritatis
1366 1407 1428 1478 in-

115 1537 333 1594 crementum
358 1523 507 1620 putavit,
541 1519 810 1619 primatumque
833 1547 943 1596 voces
960 1523 1008 1596 ad
1031 1530 1169 1623 regium
1194 1549 1326 1598 nomen
1355 1527 1429 1602 filio

114 1641 350 1718 deserendum
374 1642 621 1718 concionando
644 1642 821 1741 perduxit.
882 1647 962 1738 Qua
983 1645 1084 1718 dere
1102 1649 1260 1722 universi
1285 1653 1429 1724 exerci-

113 1782 171 1840 tus
186 1790 366 1842 consensu
384 1764 520 1858 habito,
536 1767 696 1840 Burisius
720 1765 908 1858 duntaxat,
933 1773 1008 1842 sive
1028 1773 1133 1860 tacita
1155 1773 1255 1870 regni
1279 1773 1429 1846 affecta-

112 1890 221 1979 tione,
245 1893 321 1964 sive
336 1891 388 1962 rei
402 1891 556 1964 novitate
579 1903 782 1988 permotus,
815 1888 950 1964 nullam
974 1916 1079 1991 paene
1102 1917 1230 1966 vocem
1253 1895 1430 1995 suffragiis

112 2009 241 2085 attulit
292 2013 363 2106 Qui
380 2037 462 2084 cum
482 2011 533 2086 ob
549 2009 621 2085 boc
637 2036 676 2086 se
693 2013 770 2110 regi
784 2029 991 2110 suspectum
1008 2037 1085 2086 esse
1099 2020 1252 2110 sentiret,
1276 2023 1427 2091 tacitnr-
1476 2079 1484 2102 ,

111 2135 368 2208 nitatemsnam
382 2159 454 2208 non
469 2132 553 2226 odii,
578 2132 641 2220 sed
660 2140 793 2208 amoris
807 2135 958 2209 indicem
975 2135 1193 2230 affirmabat,
1219 2138 1333 2237 quod,
1345 2142 1429 2213 Da·
1541 2147 1555 2210 ἦ

108 2258 182 2330 nioe
194 2281 349 2358 regnum
366 2257 567 2357 apluribus
582 2263 695 2332 amice
710 2260 957 2356 participatum
970 2283 1060 2350 esse,
1069 2261 1288 2353 memoriae2,
1299 2279 1333 2334 et
1342 2289 1428 2336 cre-

106 2378 182 2452 bra
198 2383 413 2480 antiquitatis
428 2385 669 2479 experimenta
693 2384 772 2474 sint,
796 2386 886 2454 inter
903 2400 1042 2480 patrem
1062 2382 1228 2456 etlilium
1246 2381 1293 2456 de
1306 2408 1430 2462 rerum

105 2501 270 2576 dominio
291 2501 428 2576 bellum
458 2507 623 2577 crevisse.
688 2503 943 2578 Verumtamen
966 2529 1026 2596 se,
1048 2506 1078 2578 si
1101 2506 1209 2604 regiae
1237 2503 1429 2580 voluntatis

105 2628 286 2724 praescius
307 2623 447 2718 luisset,
480 2625 656 2699 silentium
679 2650 752 2726 non
773 2643 946 2702 acturum.
997 2627 1165 2702 'saeuisse
1190 2651 1293 2720 vero,
1330 2627 1431 2726 quod

105 2773 195 2822 rem
218 2772 337 2846 neque
362 2746 409 2822 ab
433 2747 514 2846 ipso
555 2775 675 2848 neque
706 2750 755 2823 ab
789 2749 911 2823 amicis
941 2756 1199 2851 praecognitam
1232 2749 1431 2826 habuisset.
1512 2761 1514 2766 '

103 2873 166 2944 Ea
192 2869 316 2945 silentii
343 2873 565 2946 excusatione
589 2873 679 2946 iram
710 2877 804 2971 regis
834 2875 870 2945 in
906 2870 1221 2948 dissimulationem
1250 2875 1430 2947 convertit.
1549 2913 1550 2918 =

101 2993 382 3093 Ident,peracta
404 2993 642 3092 expeditione,
677 3021 761 3071 cum
777 2995 909 3068 caeteris
928 2997 1051 3068 Daniae
1074 2993 1307 3093 primatibus
1331 2990 1433 3094 apud

100 3116 339 3194 Roskildiam
361 3120 489 3192 Canuti
509 3118 614 3191 miles
632 3119 769 3193 solenni
793 3143 894 3190 more
917 3117 993 3192 fieri
1012 3120 1153 3218 jussus,
1180 3118 1256 3192 aliis
1280 3121 1432 3218 imperio

100 3241 464 3340 obtemperantibus,
488 3241 525 3314 id
546 3240 663 3316 facere
678 3246 864 3335 recusavit,
881 3266 997 3340 eaque
1012 3265 1053 3314 re
1066 3265 1236 3341 magnam
1248 3241 1318 3315 sibi
1335 3267 1431 3314 con-

98 3366 250 3464 cupitae
273 3363 523 3438 dominationis
546 3365 782 3464 suspicionem
807 3365 988 3439 conscivit
1040 3367 1176 3437 Verum
1197 3363 1431 3462 huncimpe-

97 3489 149 3561 rii
172 3501 393 3586 conceptum
409 3487 569 3586 quaesitis
582 3486 709 3560 callide
725 3488 924 3562 rationibus
940 3505 1131 3587 protegere
1147 3489 1307 3584 perstitit,
1328 3511 1431 3584 prae-

93 3613 224 3699 fatus,
250 3633 301 3700 se,
325 3625 534 3700 extantem,
559 3611 617 3684 cui
632 3611 785 3707 primam
807 3609 937 3682 militiae
953 3609 1061 3683 fidem
1078 3608 1226 3699 dederit,
1250 3607 1341 3681 alius
1356 3607 1433 3680 mi·-

89 3735 216 3810 litem
230 3757 303 3806 non
319 3732 488 3824 futurum,
512 3758 585 3820 nec,
596 3731 728 3804 adduci
741 3756 858 3830 posse,
871 3747 912 3804 ut
928 3733 1117 3830 pristinum
1134 3731 1351 3828 obsequium
1366 3751 1433 3800 re-

90 3857 215 3934 centi
231 3872 416 3956 permutet,
440 3881 588 3954 remque
602 3871 675 3928 tam
689 3856 813 3954 patrias
837 3851 1103 3945 consvetudini,
1129 3877 1239 3952 quam
1255 3849 1434 3924 honestati

84 3981 296 4060 inimicam
310 3979 510 4070 committat,
535 3985 673 4077 quippe
688 4001 772 4050 cum
787 3999 893 4048 nemo
907 3978 1093 4050 Danorum
1109 3972 1255 4049 dividuo
1271 3970 1432 4046 lamula-

86 4124 165 4183 tus
184 4102 313 4178 officio
328 4107 436 4176 teneri
457 4100 580 4191 soleat,
602 4099 764 4198 solisque
780 4099 976 4174 Saxonibus
990 4097 1088 4174 hunc
1106 4099 1329 4174 servitiorum
1347 4119 1434 4166 rno-

84 4255 193 4306 rem
212 4224 473 4326 stipendiorum
490 4220 668 4323 cupiditas
683 4223 800 4296 faciat.
860 4226 948 4296 Nam
972 4223 1002 4296 si
1016 4224 1105 4296 inter
1120 4219 1214 4294 duos
1239 4223 1344 4292 unius
1358 4216 1434 4291 ob-

145 4482 162 4516 ¹
183 4473 312 4539 Canum
339 4475 437 4557 regim
453 4474 576 4536 honores
598 4471 749 4534 decernere
804 4482 923 4536 runtur.
965 4468 1049 4550 (Vid.
1067 4487 1133 4551 cap.
1149 4463 1210 4530 120
1223 4487 1254 4554 p.
1270 4459 1357 4544 382).

72 4577 248 4678 placuit]
257 4579 334 4670 Quae
347 4577 398 4640 bic
412 4589 582 4654 ninantur,
595 4574 752 4640 sublinem
852 4571 1038 4655 ²Memorio]
1060 4573 1121 4636 Hic
1145 4571 1289 4636 excidisse
1313 4569 1435 4636 ridetur

74 4687 184 4761 mni
221 4679 307 4748 1166
330 4695 434 4768 gesta,
462 4682 500 4747 de
522 4683 671 4746 electione
696 4683 752 4745 Cs-
809 4687 952 4748 traditum
971 4685 1088 4744 nonsit
1112 4690 1164 4743 aut
1183 4678 1280 4744 simile
1298 4676 1381 4762 quid.

73 4793 193 4873 nuti,
224 4788 263 4852 ab
277 4802 404 4856 anctore
420 4787 646 4872 statuentis
662 4807 752 4872 expe·
857 4777 1073 4866 ’Friniatibud
1102 4783 1153 4850 Sic
1179 4781 1226 4848 cd.
1250 4808 1298 4872 pr.
1328 4781 1436 4867 Steph.

72 4903 277 4974 ditionem
292 4916 374 4961 nnnc
394 4891 476 4961 1164
488 4908 660 4982 susceptam
676 4891 756 4960 rele·
813 4899 1009 4986 optimatibus.
1027 4889 1093 4978 (V·)

1145 4993 1245 5095 cv>
1354 4953 1363 4980 “
