3536 5462
517 361 524 374 .
613 297 983 372 watnaatnttost
1330 303 1403 376 929

144 509 283 586 utilitati
315 511 467 608 propios
502 509 785 585 emolumentum
818 533 916 602 esse,
965 505 1091 582 iisdem
1127 535 1211 586 vero
1243 537 1312 612 pro
1343 511 1455 590 nihilo

141 631 269 722 ductis,
295 657 323 706 a
337 631 436 706 bello
454 656 525 738 non
539 631 726 728 recedere,
750 632 1056 708 saluberrimum·
1089 635 1168 706 Jarn
1192 636 1284 708 enirn
1301 635 1458 712 Salaro-

141 781 222 830 rum
239 761 332 832 vires
349 781 393 830 eo
409 757 583 831 tenuitatis
604 781 683 832 esse
705 756 874 845 redactas,
899 771 948 846 ut,
972 755 1003 829 si
1025 779 1095 855 pax
1116 754 1217 847 desit,
1239 755 1457 834 deditionem

140 883 243 978 sequi
264 904 409 954 necesse
433 879 600 954 habeant.
654 883 701 952 lta
724 905 764 954 se
786 883 880 968 suis,
903 877 1060 968 bellom,
1082 905 1128 953 an
1144 905 1269 979 pacem
1290 879 1458 978 probent,

142 1000 374 1102 deligendum
398 1001 622 1100 relinquere,
655 1027 719 1094 ne,
742 1001 858 1076 alieno
875 1001 1024 1076 consilio
1042 1007 1242 1100 praeterito,
1265 1005 1457 1104 proprium

140 1124 313 1200 audacter
342 1143 488 1204 secutus
521 1123 693 1198 videatur.
750 1123 1024 1223 Respondetur,
1057 1125 1090 1196 ei
1115 1127 1340 1224 potissimum
1366 1133 1459 1228 parti

140 1245 369 1342 studendum,
393 1275 474 1348 qua,
492 1248 665 1348 publicus
691 1246 797 1322 saror
825 1247 939 1344 possit
963 1247 1111 1346 acquiri.
1170 1251 1248 1322 Hac
1277 1257 1456 1326 sociorum

141 1373 314 1444 sententia
337 1370 497 1445 Absalon
518 1377 568 1443 uti
585 1352 804 1468 compulsus,
826 1393 873 1442 ne
891 1371 1031 1442 anxiam
1048 1374 1142 1472 regis
1158 1377 1457 1472 exspectationem

140 1493 323 1591 inopinata
339 1493 476 1568 reditus
500 1499 556 1568 sui
581 1492 754 1566 celeritate
777 1509 1002 1583 concuteret,
1031 1495 1079 1568 ab
1100 1495 1266 1572 Eshorno
1291 1521 1330 1572 se
1352 1523 1456 1596 prae-

141 1617 239 1690 curri
254 1615 371 1712 jubet,
388 1623 592 1716 speciosum
612 1629 793 1714 gestorum
803 1622 966 1690 nuntium
975 1615 1168 1715 perlatura
1212 1623 1293 1713 Qui,
1308 1639 1458 1721 propter

142 1738 290 1838 llythim
311 1738 491 1812 ἰιιιιιῖιιιι1
522 1751 772 1834 tempestatum
802 1736 1014 1814 adversitate
1046 1743 1242 1834 coiircitns,
1276 1767 1349 1816 non
1377 1760 1457 1818 ante

144 1866 395 1962 tempestivum
413 1861 626 1958 profectioni
648 1857 783 1932 coelum
807 1863 948 1936 sortitus
972 1877 1035 1955 est,
1063 1887 1173 1962 quam
1196 1863 1369 1956 Absalon,
1391 1891 1455 1942 re-

142 1989 256 2087 ceptis
284 1983 494 2076 obsidibus,
529 1982 693 2082 ejusdem
724 1988 818 2056 venti
843 1984 1023 2058 beneficio
1054 1983 1281 2062 allaberetur.
1343 1992 1457 2090 Cujus

143 2107 399 2212 proecelerandi
424 2113 440 2153 ²
473 2113 585 2207 gratia
602 2107 864 2206 navigationem
885 2110 1080 2216 impensius
1102 2108 1325 2186 conficiebat.
1375 2117 1457 2207 Qua

144 2235 236 2308 sorte
250 2259 312 2312 rex
327 2237 418 2305 inter
431 2230 638 2306 venandum
654 2246 852 2328 conspecta,
866 2255 1144 2330 praeproperum
1161 2252 1316 2332 posterae
1331 2235 1454 2312 classis

144 2357 296 2434 reditum
321 2353 532 2446 admiratus,
555 2353 681 2454 sugam
708 2361 784 2428 suis
804 2355 970 2452 injectam
994 2352 1173 2428 credebat.
1233 2360 1350 2450 Quam
1373 2359 1456 2436 sol-

142 2479 359 2556 lio'tndinem
383 2475 475 2550 salso
506 2494 742 2566 contractam,
772 2477 923 2575 cognitis
950 2501 992 2548 ex
1016 2475 1181 2552 Esbemo
1205 2479 1336 2573 rebus,
1358 2483 1456 2557 ellu-

142 2609 239 2680 siore
261 2599 393 2704 gaudio
417 2607 650 2699 permutavit,
672 2600 792 2675 utilius
813 2623 902 2698 pace
931 2597 1069 2672 bellum
1093 2601 1289 2687 consessus.
1338 2608 1456 2698 Quem

144 2733 251 2802 etiam
287 2723 443 2823 bospitio
471 2723 724 2824 benignissime
752 2739 941 2822 exceptum
970 2719 1086 2821 plenis
1119 2721 1301 2800 hilaritatis
1328 2727 1457 2802 officiis

144 2864 361 2952 prosecutus
383 2863 447 2922 est.
504 2849 572 2920 Die
595 2865 741 2946 postero
759 2844 913 2920 classem
936 2871 1009 2920 non
1032 2844 1153 2922 solum
1178 2850 1456 2946 impensioribus

143 2973 264 3048 verbis
290 2968 494 3062 laudatam,
520 2969 768 3046 verumetiam
790 2964 1149 3042 osculishonoratam
1174 2968 1324 3044 dimittit.

248 3099 331 3189 Quo
356 3091 589 3192 postmodum
609 3090 712 3192 apud
739 3095 871 3166 lutiam
896 3088 1107 3182 diversante,
1133 3093 1308 3168 Kanutos'
1323 3111 1358 3169 et
1373 3099 1456 3170 Ka·-

143 3219 264 3310 rolos,
289 3214 527 3317 petulantiore
559 3241 670 3290 manu
698 3239 809 3314 quam
840 3209 1014 3288 validiore
1045 3210 1203 3304 delecta,
1231 3216 1458 3296 Hallandiam

143 3341 273 3434 adorti,
298 3337 389 3414 exilii
403 3341 552 3440 proprio
568 3339 703 3416 scelere
720 3343 888 3412 contracti
910 3331 1129 3434 supplicium
1146 3361 1166 3408 a
1185 3341 1298 3436 patria
1314 3363 1457 3418 sumere

142 3464 376 3540 conabantur.
433 3465 515 3560 Qui.
532 3462 620 3536 dum
650 3459 944 3536 hollandensinm
975 3453 1219 3552 multitudine,
1253 3487 1364 3561 qnam
1387 3467 1457 3541 sibi

142 3591 324 3686 fautiosam
348 3603 577 3689 speraverant
598 3589 629 3680 ³,
655 3581 923 3682 repellerentur,
941 3577 1054 3654 fatum
1072 3579 1167 3680 sugat
1192 3599 1457 3683 anteponentes,
1569 3649 1579 3662 .

142 3729 295 3814 propter
322 3735 471 3802 nemus,
506 3705 609 3810 quod
643 3703 869 3780 Hallandiam
901 3727 924 3776 a
956 3699 1088 3776 Gothia
1120 3707 1317 3799 secemit⁴,
1343 3710 1456 3783 aciem

141 3834 319 3910 ordinant.
369 3833 439 3908 Ubi
454 3832 656 3908 infelicibus
677 3827 843 3929 auspiciis
860 3823 1162 3927 praemagnus
1176 3841 1318 3900 tentatae
1333 3831 1456 3926 paniae

194 4167 513 4266 'Hstlriu'utsulam1
554 4181 592 4246 V.
621 4197 771 4263 suprep.
827 4171 958 4237 debatur
985 4167 1029 4254 (r
1056 4191 1079 4237 ι.
1104 4193 1175 4258 pag.
1196 4167 1261 4236 896
1286 4184 1318 4236 et
1337 4167 1433 4236 899
1423 4196 1456 4237 ιιι

143 4279 218 4356 746.
829 4278 943 4360 notia),
972 4291 1091 4365 petrem
1118 4280 1165 4344 bis
1191 4277 1337 4344 fratribus
1363 4276 1457 4343 fnisse

190 4395 441 4462 Praetereunt
437 4390 454 4471 ‘J
480 4396 526 4462 lta
555 4389 602 4455 ed
630 4409 678 4474 pt·-
704 4389 772 4451 ste·
827 4387 971 4451 carolum
1000 4385 1086 4450 illum
1115 4383 1283 4450 Hellendlte
1303 4385 1457 4470 quondm
1593 4477 1596 4490 Ι

85 4485 87 4493 ’
142 4499 274 4587 phanias
294 4498 416 4586 scripsit
428 4497 623 4582 procedendi.
825 4479 1017 4577 prolectam.

189 4597 204 4648 '³
229 4609 390 4693 Quom-u·
398 4595 771 4694 scuturomeperoaercut]
873 4602 1019 4666 Nemas?
1040 4640 1101 4661 ....
1122 4595 1262 4680 secernit]
1281 4597 1383 4682 Hujus
1403 4617 1456 4662 ne·

141 4715 202 4784 Hic
233 4713 336 4778 verbis
371 4709 453 4775 bend
482 4731 591 4796 peroro
626 4708 773 4786 firmatur,
829 4704 922 4768 moris
942 4703 1034 4768 etiam
1049 4703 1089 4774 ,io
1115 4703 1185 4772 hiat
1203 4705 1305 4788 lioytl.
1326 4723 1392 4790 cap.
1413 4697 1457 4768 28

141 4819 228 4918 quod
246 4819 286 4884 ob
305 4820 377 4884 eliae
397 4818 531 4885 rationes
554 4815 713 4892 verisimile
730 4813 774 4880 vi·
828 4812 943 4878 mentio
961 4809 1009 4876 lit.
