3536 5462
348 305 424 384 870
695 303 1144 376 antonomatisce
1159 303 1249 376 xlv.

297 511 515 615 spectatione
529 525 655 584 eonem
669 507 804 583 tardius
820 525 1068 610 exequeretur.
1093 514 1303 586 Meminerat
1317 507 1511 612 siquidem,
1527 533 1613 582 mo-

293 621 348 712 ⁸ris
371 659 451 712 esse
467 633 601 710 Solaria
624 638 819 707 exercitum
833 631 994 708 ducturia
1018 632 1250 710 antelucanos
1265 658 1387 708 amare
1402 655 1615 734 procursus,

296 759 484 857 rebusque
507 754 666 830 celeriter
692 754 873 846 confectis,
897 755 1032 830 festinis
1053 756 1199 832 studere
1221 757 1458 858 regressibus.
1510 757 1614 848 Quos

295 907 343 957 ne
357 879 495 956 tardius
509 874 778 978 aggrederetur,
801 883 995 977 remigium
1014 886 1186 956 maturius
1204 881 1356 971 instruit,
1383 905 1456 955 una
1470 903 1613 978 specu-

295 1005 418 1080 latoris
433 1025 475 1076 ac
496 999 601 1076 ducis
617 1015 737 1100 partes
752 1017 907 1074 acturus.
960 1004 1078 1095 Quem
1094 1002 1210 1078 Sclari
1228 1003 1389 1079 diluculo
1405 1005 1614 1101 conspicati,

296 1125 498 1204 adventanti
522 1139 667 1198 cunctas
694 1125 841 1196 navium
864 1147 1013 1196 suarum
1034 1147 1179 1224 puppes
1205 1145 1409 1227 opponunt,
1435 1126 1556 1226 proris
1574 1131 1612 1194 in

295 1251 406 1326 altum
422 1253 568 1338 aversis,
583 1244 734 1345 perinde
746 1269 790 1318 ao
805 1245 915 1344 fugae,
930 1269 1002 1318 non
1013 1246 1139 1344 praelio
1156 1251 1362 1322 consulturi.
1386 1255 1433 1324 At
1447 1248 1514 1322 ubi
1530 1247 1615 1318 Sia·-

294 1373 522 1450 laodensium
547 1371 710 1468 signum¹
737 1369 877 1462 enituit,
903 1366 1102 1442 vehementi
1116 1395 1313 1465 ,remorum
1332 1388 1461 1446 conatu
1485 1393 1613 1470 parem

295 1499 420 1600 frigam
435 1491 631 1583 intendunt,
657 1517 809 1592 corpore
824 1494 934 1580 viros,
949 1494 1069 1566 ammo
1086 1493 1251 1601 foeminas
1266 1491 1484 1568 exhibentes.
1538 1495 1614 1564 Nec

295 1645 395 1722 aegre
413 1615 575 1694 Absalon
596 1615 819 1714 fugientibus
841 1616 980 1708 institit;
1010 1641 1030 1688 a
1057 1639 1212 1714 quorum
1237 1617 1460 1691 insecutione
1485 1629 1609 1690 coorta

295 1742 417 1820 subito
433 1753 643 1838 tempestate
651 1737 864 1835 prohibitus,
880 1735 1067 1811 Falstriam
1083 1739 1258 1838 repetivit.
1280 1741 1392 1812 Tanta
1402 1756 1525 1813 antem
1536 1763 1613 1812 un-

295 1866 424 1941 darum
443 1861 602 1936 colluvio
624 1859 703 1954 fuit,
727 1877 767 1935 ut
792 1861 937 1934 navium
965 1865 1105 1958 quaevis
1128 1863 1165 1934 in
1191 1859 1296 1936 aliam
1312 1865 1516 1962 jactaretur,
1541 1887 1613 1934 nec
1689 1873 1694 1882 '

296 1987 469 2064 collisioni
484 1983 555 2058 levi
573 2009 685 2084 opera
700 1986 862 2058 succurri
886 1995 1035 2080 poterat,
1061 1983 1225 2081 periculo
1248 2011 1375 2060 omnes
1394 2010 1499 2084 aeque
1516 1983 1614 2084 pul-

296 2127 418 2204 sante3
440 2109 692 2208 perissentque
707 2107 832 2196 nostri,
855 2109 921 2179 nisi
938 2109 1144 2204 >tempestati
1170 2105 1300 2181 cedere
1326 2110 1613 2185 maturavissent

295 2231 546 2336 IgiturSclavi,
572 2255 654 2305 curo
677 2229 824 2330 remigio
850 2227 1042 2303 adversum
1070 2227 1249 2304 undarum
1265 2232 1447 2344 'saevitiam
1463 2230 1615 2306 clamari

294 2361 495 2458 nequirent,
510 2354 668 2453 veloque
684 2353 753 2426 sibi
766 2349 954 2426 consulere
970 2348 1113 2442 vellent,
1130 2358 1346 2450 tempestatis
1364 2351 1614 2454 magnitudine

295 2484 427 2558 eversis
449 2481 599 2576 navigiis
615 2474 881 2576 mergebantur.
912 2477 1076 2568 Quorum
1091 2474 1355 2573 periclitationis
1370 2479 1614 2552 certissimum

295 2604 463 2680 indicium
488 2599 617 2674 crebra
636 2603 830 2699 piratarum
845 2599 991 2671 navium
1006 2595 1207 2696 fragmenta
1224 2601 1378 2699 regionis
1393 2619 1525 2676 nostrae
1542 2599 1612 2674 lit-

293 2728 433 2804 toribus
454 2721 608 2823 appulsa
633 2719 776 2796 dedere.
826 2726 913 2795 Bina
939 2744 981 2793 ex
1007 2723 1048 2792 iis
1069 2721 1221 2820 navigia,
1242 2725 1417 2821 remigum
1443 2729 1573 2798 virtute
1588 2751 1613 2796 a

292 2852 462 2929 fluctibus
476 2847 636 2939 defensa,
650 2846 689 2920 iu
701 2847 916 2920 iarimarum
926 2845 1051 2944 Regiae
1060 2845 1284 2944 principem²
1302 2845 1514 2940 inciderunt,
1542 2851 1611 2946 qui

347 3144 609 3208 'Scblandenrium
639 3136 921 3226 signum1Reetins
975 3137 1036 3200 boc
1073 3135 1165 3200 titulo
1199 3137 1330 3202 ornavit.
1382 3142 1485 3232 Quum
1510 3127 1618 3222 igitur

293 3249 374 3316 saxo
401 3249 521 3335 signum
547 3247 670 3312 dixisset
687 3247 853 3320 Adselona,
866 3244 922 3306 du·
975 3243 1259 3309 minimeincertum
1273 3244 1422 3322 rideatur,
1439 3246 1613 3308 Tetialaum

294 3359 337 3421 eia
362 3355 619 3431 sialandensium,
657 3349 804 3435 siquidem
834 3347 919 3434 sigua
976 3349 1094 3435 aliquot
1128 3371 1225 3414 annos
1257 3363 1331 3438 post
1365 3351 1475 3436 Rugiae
1511 3371 1613 3435 expu-

293 3463 432 3552 proxime
451 3461 489 3526 ad
510 3460 600 3524 duces
620 3456 831 3544 pertinebant,
854 3454 920 3540 qui·
975 3457 1151 3542 gratiorem
1163 3457 1371 3544 principatum
1384 3458 1449 3534 eius
1463 3458 1615 3534 tenuisse,

293 3567 351 3634 bas
380 3567 413 3630 in
440 3566 504 3631 acie
538 3565 682 3631 anulerri
706 3559 845 3627 solebant
877 3557 921 3640 (r.
975 3573 1078 3626 emant
1107 3561 1189 3626 hand
1220 3563 1311 3628 dubie
1337 3562 1476 3650 plerique
1500 3581 1614 3625 receu-

173 3669 179 3674 ’
292 3697 385 3761 supra
412 3694 482 3758 pag.
509 3669 599 3752 226).
639 3673 740 3766 Quum
770 3680 920 3756 praterea
973 3669 1067 3734 tiores
1086 3667 1312 3748 (indenseeulo
1327 3673 1399 3738 XV!
1415 3670 1482 3748 mo)
1501 3690 1614 3734 rerum

293 3803 357 3846 nou
389 3791 526 3858 constet,
563 3777 622 3842 boe
646 3777 789 3840 vexillum
813 3773 919 3858 liguris
971 3773 1241 3840 Pomeranicarnm
1261 3777 1438 3863 scriptores,
1456 3777 1616 3856 Eiclrstet,

292 3887 384 3953 luisse
419 3890 590 3971 signatum,
629 3881 718 3946 facile
748 3877 920 3968 apparebit,
972 3879 1119 3966 Epitome
1149 3883 1258 3968 Annei.
1281 3907 1315 3971 p.
1343 3879 1395 3962 23,
1420 3882 1617 3963 morsellus,

245 4057 251 4070 ‚
292 4015 354 4080 quo
382 3991 449 4078 jure
469 3991 611 4056 Submius
632 4009 669 4052 ex
690 3987 751 4053 boe
771 3989 840 4052 loco
859 3985 921 4049 col-
973 3985 1620 4070 attesrommerl.attestantium,

293 4089 918 4186 taguma.v11,tossq.)‚sjae112n·
972 4095 1153 4160 man-nar.
1168 4119 1201 4183 p.
1220 4093 1291 4175 123,
1313 4095 1374 4175 aa,
1395 4117 1494 4182 nuper
1512 4097 1622 4162 ecam
1762 4079 1763 4096 ¹

292 4205 351 4270 dim
375 4205 437 4290 jam
454 4204 510 4268 illo
534 4223 601 4268 aero
618 4201 745 4289 propria
764 4198 857 4265 foisse
873 4199 919 4262 in·
972 4202 1130 4282 Lanclten,
1163 4203 1346 4289 Riigenscbe
1373 4203 1484 4269 Gescb.
1509 4207 1533 4283 1,
1552 4199 1624 4270 88.

290 4310 399 4397 signia,
418 4333 480 4398 quo
501 4307 628 4395 insignia
649 4307 682 4370 in
701 4307 800 4392 patria
814 4317 918 4372 nostra
975 4305 1047 4391 104,
1067 4311 1119 4396 qni
1140 4309 1223 4374 inter
1242 4311 1324 4395 leges
1344 4309 1508 4376 deditionis
1523 4311 1626 4376 banc
1761 4357 1762 4376 ,

292 4414 392 4482 adbuc
413 4415 505 4480 modo
523 4433 669 4502 personas
691 4425 874 4499 spectarent.
972 4433 1094 4500 quoque
1116 4413 1271 4496 afferant,
1295 4417 1501 4503 principatum
1523 4417 1628 4480 insu-
1761 4417 1762 4446 ³

338 4522 842 4610 ²Jert'marcm,Ragt'oeprincipem]
857 4521 917 4584 Hic
971 4521 1021 4600 lat,
1043 4521 1178 4586 Tellalao
1193 4521 1357 4603 ademtam,
1375 4523 1526 4586 Jarimaro
1540 4519 1627 4588 l'ra-

292 4625 426 4714 primunr
460 4631 641 4692 Jarimarum
680 4627 760 4691 Saxo
801 4625 916 4713 princi·
970 4628 1011 4693 t‘ri
1030 4627 1229 4694 deferendum
1251 4649 1324 4696 esse.
1370 4625 1474 4722 Quod,
1489 4637 1628 4696 utnon

291 4753 364 4820 pem
379 4732 488 4818 Rugiae
506 4735 628 4814 salutat,
650 4734 702 4819 qui
720 4735 824 4820 paullo
844 4746 915 4798 ante
969 4733 1132 4800 deditionis
1157 4749 1316 4822 tempore,
1341 4733 1384 4799 ita
1409 4751 1467 4796 nec
1484 4745 1630 4820 postea,
1760 4755 1761 4758 ’

291 4839 366 4924 (rid.
383 4863 408 4906 a.
428 4861 498 4928 pag.
511 4835 588 4921 870)
608 4840 774 4905 Tetislaum
785 4837 914 4904 fratrem
969 4840 1095 4925 jubente
1114 4861 1187 4930 rege
1206 4845 1368 4908 Danorum
1406 4839 1482 4921 (cir.
1509 4861 1630 4928 snpra
