3582 5466
380 299 455 376 624
710 302 885 374 Htssott.
899 304 1005 378 DAN.
1023 303 1161 376 LIBER
1179 305 1268 378 XIII.

795 457 803 488 1

328 525 402 585 sata
427 525 462 582 et
474 509 590 608 spolia
605 509 653 583 ab
669 515 748 608 ipso
762 511 919 584 restituta
938 508 1095 585 fulssmt.
1131 512 1273 605 Quibus
1289 511 1468 612 profectis,
1483 514 1561 612 ipse
1576 514 1640 586 in-

329 635 442 722 terim,
458 631 609 730 perinde
620 657 666 704 ac
680 634 844 728 responsi
856 634 1041 731 praescius,
1065 657 1137 708 non
1158 633 1277 708 solum
1296 659 1458 727 suorum,
1483 632 1550 709 sed
1564 640 1639 707 eti-

329 780 388 828 am
398 779 539 846 eorum,
554 778 650 854 quos
667 779 709 826 ex
723 754 881 829 finitimis
898 759 1034 828 amicos
1049 753 1218 850 babebat,
1236 781 1345 831 manu
1360 773 1554 849 conuecta,
1576 755 1639 830 le-

328 894 494 978 gatorum
510 875 664 950 reditum
683 885 790 952 armis
806 877 979 977 subsequi
997 885 1127 953 statuit.
1168 881 1351 972 llenricus,
1366 905 1406 954 se
1421 903 1541 978 neque
1555 905 1641 954 cum

327 1003 439 1075 Danis
467 1002 633 1074 amicitias
657 1017 840 1100 gesturum
864 1025 985 1100 neque
1002 1025 1027 1072 a
1041 1017 1209 1076 maternae
1230 1001 1443 1076 haereditatis
1469 1003 1640 1100 petitione

328 1139 561 1214 cessaturum,
574 1122 770 1220 respondit.
798 1128 880 1217 Quo
899 1141 1060 1222 accepto,
1077 1128 1237 1200 Canutus
1251 1148 1396 1198 rursum
1413 1123 1460 1196 ad
1477 1149 1561 1196 eum
1579 1122 1641 1196 le·

327 1266 429 1350 gatos
450 1248 563 1336 mittit,
590 1272 731 1320 omnem
748 1264 943 1345 sequestrae
970 1247 1070 1346 pacis
1095 1248 1384 1322 communionem
1405 1245 1552 1345 publice
1575 1273 1640 1320 re-

328 1373 510 1447 scissuros.
576 1373 740 1462 Quorum
763 1371 938 1443 Hernicus
955 1370 1054 1442 irrisa
1079 1367 1273 1469 legatione,
1298 1373 1477 1448 Conutum
1490 1371 1639 1467 impati-

328 1497 398 1568 enti
416 1493 562 1567 sessoris
580 1515 676 1589 equo
695 1489 910 1589 persimilem
926 1496 994 1583 ait;
1029 1515 1068 1564 se
1091 1516 1179 1566 vero
1204 1493 1408 1592 petulantiae
1424 1493 1502 1590 ejus
1519 1491 1640 1565 frenos

326 1620 472 1715 injicere
495 1630 711 1688 curaturum.
772 1616 834 1687 llis
851 1613 988 1704 auditis,
1003 1615 1172 1707 Canutus,
1197 1633 1237 1689 ut
1256 1641 1387 1715 magno
1408 1617 1561 1713 impetu,
1592 1616 1641 1688 ita

328 1743 473 1814 nduimo
499 1738 653 1812 tumultu
678 1752 784 1810 noctu
808 1740 874 1808 iter
895 1736 1098 1835 ingressus,
1128 1736 1285 1835 ferrique
1308 1754 1344 1810 et
1366 1735 1500 1835 praeder
1521 1734 1638 1812 absti-

328 1887 429 1954 nens,
454 1887 530 1960 quo
547 1862 662 1934 minus
684 1859 858 1934 adventus
874 1860 951 1956 ejus
967 1858 1230 1956 provideretur,
1254 1858 1415 1934 diluculo
1438 1857 1485 1932 ad
1499 1859 1641 1932 Hemiei

328 1986 559 2059 munitionem
578 1988 750 2083 pervenit.
801 1981 876 2076 Ille,
897 1998 969 2053 tam
992 1981 1120 2054 subitae
1148 1983 1351 2080 irruptionis
1371 1983 1547 2073 incautus,
1572 2005 1641 2054 nec

329 2131 430 2180 orma
456 2131 584 2205 mpero
616 2129 682 2179 nec
709 2129 748 2178 se
763 2103 931 2204 praesidio
955 2104 1045 2177 tueri
1070 2119 1190 2201 parat,
1223 2102 1287 2176 sed
1302 2110 1467 2202 protinus
1485 2107 1641 2180 vicinum

328 2229 509 2316 moenibus
523 2228 659 2301 flumen
685 2251 783 2326 equo
801 2243 988 2319 attentans,
1029 2229 1138 2300 unico
1162 2251 1266 2324 aquae
1297 2229 1478 2302 interstitio
1499 2226 1641 2302 hostem

329 2352 471 2442 fefellit,
495 2351 708 2448 laetatusque
735 2348 809 2442 e‘st,
845 2348 947 2449 qnod
973 2347 1125 2423 salutem
1141 2373 1244 2423 suem
1259 2351 1354 2422 amni
1369 2375 1481 2448 quem
1502 2347 1641 2449 oppido

328 2475 476 2550 credere
500 2473 688 2554 maluIsset.
748 2475 865 2564 Quem
880 2497 963 2546 cum
981 2475 1144 2546 Canutus
1169 2472 1337 2546 ulteriore
1351 2475 1426 2571 jam
1443 2477 1524 2571 ripa
1536 2479 1639 2571 poti-

328 2615 406 2672 tum
422 2605 603 2696 aspiceret,
620 2621 666 2669 an
684 2595 850 2684 maderet,
867 2621 934 2693 per
947 2571 1143 2673 ludibrium
1160 2611 1387 2694 percontatus
1402 2611 1464 2672 cst
1514 2601 1547 2670 A
1564 2621 1641 2696 quo

329 2724 519 2813 contrario,
544 2719 633 2819 quid
651 2724 697 2791 ita
713 2719 910 2810 incederet,
935 2722 1190 2819 interrogatus,
1214 2720 1355 2794 venisse
1377 2742 1417 2792 se
1442 2721 1577 2817 inquit,
1603 2735 1642 2794 ut

327 2846 506 2943 promissa
522 2841 570 2916 ab
586 2867 629 2914 eo
645 2841 722 2914 lore
736 2843 892 2938 recipiat
950 2841 1015 2915 Ille
1036 2845 1149 2916 mines
1170 2842 1257 2934 sibi,
1280 2865 1372 2942 quas
1387 2865 1507 2941 nuper
1518 2843 1642 2916 inten-

329 2966 440 3058 derat,
457 2971 618 3065 responsi
629 2963 824 3038 urbanitate
838 2963 1072 3064 exprobratas
1079 2963 1290 3065 intelligens,
1305 2967 1538 3065 ignominiam
1552 2965 1641 3063 joco

327 3103 585 3186 prosequutus,
609 3085 711 3160 Adeo
725 3085 821 3179 mihi,
838 3089 960 3185 inquit,
977 3087 1129 3161 calcium
1146 3088 1284 3163 viribus
1301 3088 1417 3162 obniti
1434 3085 1576 3180 videris,
1600 3104 1644 3162 ut

329 3235 376 3282 ne
390 3212 485 3310 tangi
502 3209 649 3309 quIdem
664 3213 876 3283 continerive
895 3235 1018 3307 queas.
1066 3217 1168 3285 Tunc
1183 3219 1340 3288 Canutus
1357 3192 1460 3311 prius
1476 3227 1644 3306 castrum,

330 3331 457 3404 deinde
473 3351 609 3407 caetorae
625 3335 779 3434 reglonis
804 3331 899 3407 culta
921 3341 1080 3408 vastavit.
1130 3335 1298 3408 Secundo
1315 3358 1480 3434 quoque,
1501 3340 1644 3409 novatis

330 3456 459 3553 copiis,
476 3477 619 3530 omnem
640 3455 815 3532 Scleviam
839 3472 957 3556 strage
988 3471 1096 3556 atque
1119 3457 1285 3532 incendio
1311 3458 1544 3558 implicarit13
1575 3481 1646 3532 nec

330 3575 449 3652 solum
467 3581 620 3677 patriam
635 3578 748 3671 hoste,
773 3578 838 3652 sed
862 3580 967 3652 etiam
990 3578 1131 3653 hostem
1149 3582 1285 3657 robore
1300 3579 1516 3670 vacuefecit,
1547 3577 1643 3656 adeo

329 3717 370 3775 ut
386 3705 486 3800 prius
501 3727 699 3802 provocare
715 3703 861 3778 solitum
894 3729 939 3777 ne
964 3707 1124 3804 propriae
1142 3705 1290 3805 quidem
1314 3702 1432 3777 tutelae
1452 3699 1643 3778 sufficien-

327 3842 399 3898 tem
416 3827 639 3925 relinqueret.
683 3830 877 3920 Postremo,
895 3848 979 3910 cum
993 3843 1084 3928 totas
1100 3805 1242 3902 Henrici
1260 3829 1354 3902 vires
1370 3823 1557 3924 prudentia
1573 3849 1646 3899 sua

328 3973 372 4022 ac
387 3947 594 4024 fortitudine
618 3949 845 4042 debilitasset,
870 3951 1068 4050 sanguinis,
1093 3976 1169 4049 quo
1189 3949 1294 4024 illum
1315 3949 1479 4050 proxime
1496 3948 1644 4022 contin-

329 4071 472 4170 gebat2,
486 4090 614 4148 natura
628 4091 738 4165 actus,
753 4089 793 4149 ut
806 4073 955 4172 publice
970 4071 1121 4168 hostem,
1135 4075 1181 4148 ita
1203 4076 1371 4174 privatim
1387 4073 1543 4148 amicum
1560 4075 1644 4170 egit

377 4391 519 4454 'Omnem
533 4393 678 4456 Sthenium
692 4407 795 4477 strage
816 4435 840 4455 ..
860 4395 955 4480 rinplt'·
1061 4397 1256 4478 ²Sangnt'rrn,
1272 4413 1328 4478 quo
1344 4395 1424 4454 ellam
1440 4389 1646 4476 contragebat]

330 4495 420 4574 cavit]
438 4497 614 4562 Relationes
632 4501 789 4563 Danorum
803 4519 851 4563 res
867 4523 883 4562 a
898 4501 955 4563 Ce-
1010 4503 1109 4564 Mater
1128 4496 1273 4578 HenricI,
1306 4495 1437 4577 Siritba,
1464 4495 1555 4560 amita
1581 4491 1652 4564 fnit
1779 4487 1780 4526 ⁴

329 4613 405 4665 nuto
427 4615 527 4690 gestas
547 4601 676 4669 fortene
696 4606 728 4670 in
750 4607 847 4693 majus
859 4591 955 4671 'suxe-
1012 4605 1122 4671 Canuti
1134 4598 1548 4690 (vidnupruintttpsst).
1562 4605 1652 4668 For·

329 4721 413 4772 runt.
456 4710 505 4774 De
521 4722 590 4775 toto
608 4707 691 4775 bello
714 4724 795 4779 tecet
815 4713 955 4780 Helmol·
1009 4725 1088 4777 tasse
1103 4699 1194 4776 etiam
1210 4711 1294 4794 juxte
1311 4709 1520 4794 conjecturam
1533 4709 1653 4776 Gram-

330 4813 394 4881 dus.
1013 4819 1066 4883 mii
1079 4819 1126 4900 (in
1143 4817 1306 4884 Meureium
1321 4817 1382 4884 col.
1394 4813 1469 4899 230,
1483 4811 1559 4900 235)
1577 4819 1651 4882 Bo-
