3508 5460
591 302 920 384 WALDEMARUS
936 307 960 376 l.
1308 305 1379 382 821

113 489 179 602 iit,
196 509 287 584 adeo
306 526 459 584 utncmo
475 535 516 582 ex
534 510 643 608 plebe
657 530 757 604 esset,
775 514 836 610 qui
853 538 923 586 non
940 515 1060 586 rerum
1077 515 1207 611 inopiae
1216 519 1322 590 citato
1339 519 1430 594 red-

118 636 167 706 itu
184 632 470 708 subveniendum
498 633 677 710 clamaret.
744 639 794 708 lta
821 661 903 727 rex,
938 635 1168 732 obstrepente
1197 637 1431 718 multitudinis

99 752 292 854 imperio,
325 759 513 856 proposito
550 756 679 831 cedere
708 755 939 855 compulsus,
983 755 1165 830 solvendae
1195 760 1429 858 expeditionis

117 882 324 954 sententiam
348 879 505 978 protulit.
557 883 620 972 Et,
646 905 690 952 ne
713 877 851 954 hostem
872 883 987 952 omnis
1010 881 1224 954 incommodi
1250 902 1431 982 expertem
1526 962 1528 972 .

118 1003 343 1102 relinqueret,
375 1006 672 1100 praestantissimis
699 1005 805 1077 totius
826 1005 1016 1100 Norvagiae
1043 1004 1189 1100 navigiis
1214 1027 1338 1078 secum
1354 1009 1429 1082 ab·

119 1124 244 1219 ductis,
268 1131 456 1230 peregrina
473 1133 622 1225 patriam
639 1125 751 1198 classe
766 1123 896 1198 ditavit.
947 1127 997 1196 lta
1015 1122 1243 1221 quorundam
1264 1130 1429 1206 Jutorum

117 1249 332 1346 impatientia
351 1249 500 1322 maxima
515 1251 672 1324 victorio
687 1255 769 1347 spes
784 1245 936 1322 subruta
953 1261 1013 1340 est,
1040 1253 1137 1346 quia,
1162 1251 1190 1322 si
1209 1247 1326 1324 debita
1344 1278 1429 1328 coe-

117 1387 179 1470 pto
198 1371 458 1470 perseverantia
480 1396 553 1444 non
577 1373 729 1460 deesset,
753 1393 810 1444 res
827 1371 1025 1468 Norvagica
1049 1370 1120 1444 sub
1141 1374 1252 1446 Dauis
1270 1381 1428 1452 mansis-

117 1511 180 1568 set.
240 1495 489 1592 Norvagieusis
518 1492 703 1582 nobilitas,
736 1517 818 1592 quae
849 1497 999 1566 venienti
1018 1498 1092 1591 regi
1115 1519 1237 1568 comes
1262 1499 1428 1595 extiterat,

116 1614 320 1714 linquendae
334 1625 458 1714 patriae
473 1617 613 1716 pudore
630 1631 859 1690 revertentem
877 1614 1048 1713 prosequi
1066 1614 1275 1714 supersedit.

255 1742 388 1812 Interea
407 1739 495 1814 dum
513 1738 592 1813 haec
610 1754 803 1836 geruntur,
829 1740 1074 1838 Rugianorum
1100 1763 1143 1810 ex
1167 1744 1260 1840 regis
1287 1739 1428 1842 longius

117 1863 252 1962 agentis
266 1864 500 1959 occupatione
513 1860 699 1936 fidentium
715 1859 868 1936 defectio
882 1860 1013 1936 incidit.
1046 1861 1114 1950 Qui
1133 1885 1228 1952 curn,
1243 1861 1339 1938 finita
1353 1863 1428 1965 hy-

119 2011 210 2076 eme,
222 1983 482 2082 expeditionem
492 1982 684 2084 advqrsum
699 2007 738 2056 se
753 1982 922 2058 destinari
935 1989 1226 2082 cognoscerent¹,
1244 1987 1429 2096 quendam

119 2111 370 2208 conspectionis
385 2107 511 2206 ingenii
534 2131 577 2180 ac
603 2105 779 2179 facundiae
801 2105 976 2204 politioris
999 2105 1214 2198 subornant,
1254 2111 1317 2207 qui
1334 2119 1428 2211 regis

118 2231 346 2329 propositum
375 2231 548 2329 exquisita
575 2227 785 2302 adulationis
814 2245 888 2302 arte
913 2228 1145 2303 subverteret.
1214 2231 1323 2325 Quod
1344 2260 1427 2310 cum

118 2355 264 2426 minime
278 2349 418 2426 efficere
432 2353 613 2450 quivisset,
638 2351 752 2426 reditu
777 2377 843 2426 suo
858 2350 1012 2425 hostium
1035 2350 1230 2427 adventurn
1259 2380 1427 2452 praecur-

119 2502 197 2550 rere
219 2475 352 2567 noluit,
383 2499 428 2547 nc
451 2488 512 2549 aut
549 2476 686 2549 civibus
714 2473 851 2550 bellum
872 2473 1113 2550 dissvadendo
1140 2493 1327 2574 suspectus
1368 2499 1430 2556 aut

118 2596 329 2674 concitando
345 2603 565 2696 pemiciosus
581 2604 752 2672 existeret
800 2599 910 2698 igitur
925 2596 1151 2688 absalonem,
1176 2599 1226 2670 uti
1249 2623 1288 2672 se
1305 2610 1426 2676 corni·-

118 2739 187 2796 tem
203 2737 393 2820 pateretur,
416 2723 542 2813 oravit,
567 2719 690 2819 quoad
705 2723 785 2822 ejus
802 2719 989 2795 consilium
1011 2744 1032 2792 a
1055 2720 1196 2795 civibus
1209 2741 1426 2820 posceretur,

119 2843 222 2944 quod
237 2843 373 2918 stolidae
391 2845 516 2917 meotis
534 2841 741 2918 hominibus
755 2843 839 2942 plus
854 2846 1022 2942 requisita
1037 2868 1147 2942 quarn
1161 2843 1283 2917 oblata
1299 2849 1426 2920 consi-

116 2965 166 3040 lia
182 2966 328 3066 placere
341 2965 487 3040 soleant.
536 2968 612 3039 Rex
633 2973 748 3040 varias
770 2969 897 3067 Rugiae
915 2983 1035 3074 partes
1052 2963 1211 3060 adortus,
1236 2992 1319 3042 cum
1339 2969 1429 3044 ubi-

117 3115 189 3188 que
203 3087 351 3188 praedae,
373 3113 552 3188 nusquam
566 3113 654 3164 vero
674 3114 807 3190 pugnae
829 3090 1013 3162 materiam
1029 3089 1227 3189 reperisset,
1251 3088 1426 3168 fundendi

117 3213 303 3314 sanguinis
325 3209 490 3284 aviditate
507 3211 720 3310 perductus,
739 3213 866 3286 urbem
884 3211 1027 3286 Arkon²
1053 3209 1243 3287 obsidione
1272 3223 1426 3291 tentant.

165 3489 177 3524 ²
198 3486 262 3568 Qui
281 3509 345 3556 curn
357 3485 450 3566 finita
470 3486 559 3546 lar'eme
640 3505 747 3564 cogno·
799 3483 859 3546 hoc
878 3480 977 3566 ipsum
996 3481 1269 3566 tempusohronica
1281 3505 1333 3548 sua
1351 3489 1426 3550 scri·

116 3587 247 3671 soerent]
268 3589 333 3652 Nisi
351 3591 430 3652 Saxo
451 3588 483 3653 in
499 3587 590 3654 rebus
609 3586 747 3672 proxime
799 3585 872 3672 psit,
892 3585 1004 3650 diserto
1025 3599 1152 3652 testatur
1171 3588 1238 3666 (lib.
1266 3593 1293 3652 li
1313 3608 1339 3653 c.
1361 3590 1425 3674 13),
1465 3589 1470 3599 ’

117 3710 193 3765 ante
213 3697 307 3782 gestis
332 3693 505 3758 enarrandis
532 3695 648 3778 justum
667 3693 749 3758 ordi·
798 3695 859 3757 hoc
872 3690 986 3756 lactum
1000 3713 1064 3758 esse
1077 3716 1103 3756 a.
1115 3689 1206 3772 1168,
1221 3699 1426 3782 eumqae'ple·

114 3825 192 3868 nem
213 3803 361 3888 neglexit,
390 3813 480 3888 atque
507 3801 540 3863 in
569 3821 671 3864 earum
695 3818 748 3862 ne·
800 3800 887 3884 rique
906 3799 1090 3862 recentiores
1109 3810 1285 3883 sequuntur.
1324 3802 1426 3892 Quum

102 3894 161 3976 ἰιι
180 3911 470 3994 anniquetempore,
494 3927 555 3996 quo
570 3919 663 3992 gestae
679 3903 750 3984 sint,
802 3907 896 3990 igitur
931 3925 1027 3968 annus
1063 3904 1156 3989 hujus
1194 3907 1426 3990 expugnationis

110 4014 290 4082 iudicandis
323 4015 451 4091 amarit,
493 4013 559 4078 haec
594 4011 747 4098 expeditio
803 4011 912 4074 dubius
931 4011 987 4088 xit,
1007 4032 1099 4096 quum
1118 4021 1267 4096 praterea
1286 4011 1318 4074 ia
1338 4011 1427 4076 chro-

109 4145 183 4200 non
204 4135 276 4186 ante
295 4143 407 4188 sunum
432 4115 524 4199 1169,
548 4139 605 4184 nec
625 4118 665 4181 ob
693 4118 747 4184 ali·
802 4119 924 4204 nologia
957 4118 1137 4195 Sabmiana,
1169 4115 1252 4204 qaod
1273 4115 1310 4180 ad
1331 4138 1426 4182 annos

108 4253 150 4298 ax
185 4231 321 4298 redonas
353 4239 425 4318 μορε
455 4225 542 4288 illum
572 4221 653 4286 lacta
683 4241 746 4288 esse
801 4223 1008 4310 precedentes
1028 4224 1147 4302 attinet,
1165 4224 1314 4286 nonnulla
1331 4224 1427 4290 corri-

105 4349 236 4425 potstt.
279 4335 382 4428 Quare
394 4333 483 4396 etiam
494 4330 645 4410 suhmtus,
661 4328 747 4413 cujus
802 4331 900 4417 gendo
919 4330 1096 4409 rideantur,
1123 4329 1155 4392 in
1183 4326 1264 4392 notis
1294 4327 1427 4395 uberior.

103 4441 354 4526 chronologiam
385 4441 531 4506 Miilierus
567 4436 599 4498 in
633 4455 748 4522 praece-
803 4436 1035 4520 chronologiam
1060 4455 1162 4498 rernm
1190 4427 1373 4500 Dacicamm
1401 4459 1428 4501 a.

99 4547 264 4618 dentibus
276 4548 457 4635 plerumque
476 4557 596 4610 secutus
612 4557 667 4622 eat,
685 4545 749 4606 Ru·
804 4535 888 4609 1164
904 4565 971 4630 sqq.
986 4552 1138 4628 gestarum
1157 4541 1337 4606 accuratiori
1356 4543 1427 4607 crisi

97 4653 202 4746 giam
214 4656 278 4722 boc
293 4676 373 4720 anno
390 4665 591 4743 expugnatam
602 4669 676 4730 esse,
691 4661 750 4714 ata·
803 4650 1004 4734 subjiciemus.

96 4763 190 4845 tuit.
254 4761 434 4826 Holmoidus
463 4777 554 4840 vero,
589 4757 642 4844 qui
668 4757 749 4821 circa
850 4755 986 4836 ²Arion]
1000 4759 1130 4836 Arcana,
1145 4755 1341 4822 iacacum'tue
1355 4778 1427 4842 pro·

1131 4860 1236 4956 (W)
