3508 5460
543 349 930 439 'wanusuxaust
1282 365 1375 436 7⁵72

93 577 154 650 lato
172 573 422 675 indignationis
438 565 646 676 conceptu,
670 578 795 676 paucis
813 601 897 648 eum
923 574 1105 672 responsis
1128 574 1331 673 excipiens,
1356 575 1405 648 ad

94 723 215 798 regem,
241 721 325 796 quae
343 715 540 796 acceperat,
564 697 707 797 perfert.
763 693 893 774 Verum
911 699 1071 795 pertinax
1091 691 1167 766 freti
1184 698 1314 770 saevitia
1332 723 1404 772 na-

94 825 300 922 vigationem
319 818 582 918 interpellando
603 820 710 893 finem
727 819 941 920 expeditioni
958 818 1050 892 fecit.
1091 823 1176 908 Rex,
1193 844 1405 922 quanquam

93 947 250 1045 saperius
267 943 412 1016 Sclavos
431 941 600 1018 secundis
617 942 845 1018 successibus
864 958 1075 1033 attentasset,
1102 941 1184 1039 plus
1199 961 1318 1018 tamen
1333 971 1406 1018 ne-

93 1069 172 1168 gotii
185 1069 221 1138 iu
236 1091 363 1139 eorum
381 1067 662 1165 expugnatione,
688 1091 800 1165 quam
823 1081 863 1140 ut
877 1069 1035 1163 propriis
1051 1063 1187 1140 viribus
1201 1091 1405 1166 exequere-

94 1211 155 1283 tur,
182 1189 389 1278 advertens,
414 1190 574 1261 Saxoniae
590 1195 790 1286 satrapam¹
814 1195 848 1263 in
868 1215 1051 1265 armorum
1070 1190 1273 1290 militiaeque
1289 1189 1405 1264 colle-

93 1319 187 1412 gium
208 1313 358 1412 ingentis
374 1311 514 1410 praemii
543 1293 818 1410 pollicitatioue²
847 1311 1020 1388 sollicitat.
1079 1311 1143 1387 llle
1161 1330 1236 1386 tum
1251 1313 1406 1413 amplis-

94 1440 187 1511 simae
211 1434 387 1511 mercedis
411 1452 579 1534 captura,
606 1435 797 1508 tumetium
821 1435 1072 1534 potiendorum
1090 1434 1323 1511 finitimorum
1340 1461 1407 1537 spe

95 1561 272 1651 invitatus,
295 1557 529 1660 expeditionis
544 1560 746 1632 societatem
765 1557 972 1658 spopondit.
1027 1558 1097 1634 Sed
1114 1562 1279 1656 superius
1300 1560 1407 1634 Wal-

95 1679 278 1757 demarum
304 1707 366 1754 rex
398 1684 548 1755 Noricus
578 1705 645 1779 per
667 1705 850 1754 summum
884 1683 1046 1754 amicitiae
1087 1681 1222 1756 cultum
1262 1685 1407 1784 navigio

95 1802 281 1877 draconem
296 1803 486 1878 simulante
504 1801 733 1879 donaverat³.
759 1803 866 1899 Quod
883 1804 1054 1897 absalon,
1069 1807 1156 1877 mira
1171 1821 1244 1879 arte
1261 1805 1407 1908 effigia-

97 1941 186 2019 tum,
200 1925 425 2002 Rosltildeusi
440 1931 575 2025 remige
594 1951 766 2001 exornare
792 1927 888 2002 etad
912 1945 1128 2002 conventum
1147 1954 1262 2027 usque
1277 1933 1409 2005 Dano-

96 2075 172 2122 mm
187 2050 341 2148 dirigere
359 2049 493 2147 jussus,
511 2073 595 2122 curn
615 2055 776 2150 inportu
799 2054 962 2144 lstirensi,
977 2078 1106 2151 parum
1129 2049 1407 2128 secundantibus

98 2177 216 2264 ventis,
230 2189 315 2248 voco
337 2171 468 2245 diutius
484 2189 692 2266 moraretur,
708 2172 795 2246 nihil
812 2175 940 2272 aegrius
959 2170 1048 2266 tulit,
1074 2199 1184 2273 quam
1201 2172 1314 2274 quod,
1329 2175 1407 2250 aliis

98 2299 128 2367 in
142 2294 402 2396 expeditionem
419 2293 739 2393 proficiscentibus,
753 2295 889 2372 tardior
906 2299 984 2398 ipse
999 2313 1282 2395 superventurus
1298 2298 1407 2372 vide-

97 2435 207 2512 retur,
232 2425 294 2519 qui
310 2435 459 2492 caeteros
475 2433 510 2492 et
524 2418 707 2496 velocitate
722 2435 916 2519 apparatus
943 2435 978 2492 et
1004 2423 1193 2516 procinctu
1223 2425 1406 2521 navigati-

97 2545 168 2617 onis
184 2543 270 2618 alias
292 2571 516 2644 praecurrere
536 2560 782 2616 consueverat
840 2545 963 2640 ltaque
984 2565 1084 2633 cum,
1113 2559 1232 2634 mente
1250 2543 1357 2617 taedio
1372 2561 1409 2617 et

98 2664 236 2760 pudore
256 2673 393 2768 sopita,
424 2671 460 2740 in
484 2671 599 2767 puppi
624 2667 775 2766 jaceret,
806 2665 961 2738 suturam
991 2667 1097 2736 maris
1125 2663 1425 2764 tranquillitatem

99 2792 277 2863 nocturnis
296 2791 511 2890 imaginibus
524 2788 728 2888 speculatus
745 2804 806 2861 est.
840 2789 1061 2862 Existimavit
1077 2787 1182 2878 euim,
1197 2789 1245 2862 ab
1263 2788 1410 2864 bomine

101 2935 137 2983 se
155 2917 305 3002 accersi,
330 2937 547 3014 accessoque
563 2911 689 3003 littore,
712 2937 796 2984 cum
815 2911 1049 3013 burglanensi
1067 2911 1235 3009 pontifice
1258 2913 1410 2988 Tokoue

99 3035 314 3136 aliquamdiu
327 3037 526 3136 spatiatum,
539 3037 754 3134 jussumque
762 3037 809 3109 ab
820 3061 876 3126 eo,
892 3061 974 3137 quae
989 3033 1139 3124 audiret,
1155 3039 1276 3134 sagaci
1291 3053 1410 3110 mente

99 3159 403 3260 comprehendere
436 3176 472 3234 et
493 3164 604 3232 tenaci
633 3158 804 3235 mandare
823 3161 1014 3234 memoriae.
1068 3161 1256 3232 Tokouem
1281 3156 1411 3234 deinde

101 3281 231 3376 melos,
255 3283 357 3384 quo'd
378 3287 414 3356 iu
439 3283 547 3359 divini
567 3283 692 3358 natalis
706 3282 893 3384 pervigilio
906 3285 972 3357 rite
990 3283 1100 3357 recini
1115 3280 1263 3374 assolet,
1297 3281 1410 3356 semel

101 3549 257 3637 linytling.
286 3551 326 3615 ito
353 3549 451 3616 relect
483 3575 513 3638 p.
533 3547 610 3615 378:
638 3555 725 3615 Ducit
831 3555 840 3589 ¹
868 3553 1006 3614 Sorouda
1036 3551 1205 3642 satrapam]
1241 3555 1408 3618 Hearieum

99 3661 333 3746 archiepiscopo:
356 3661 413 3720 Vt'r
424 3659 542 3739 J'ttoent's
563 3685 607 3729 es,
635 3681 724 3743 neque
785 3659 929 3722 Leonem.

96 3773 251 3850 proetert'tn
266 3772 370 3828 noscis.
419 3768 494 3828 Noti
504 3767 616 3827 obsides
633 3789 653 3826 α
674 3787 726 3824 no·

100 3872 147 3934 his
159 3877 330 3958 postulare,
358 3893 446 3956 neque
466 3889 575 3948 terrant
596 3887 726 3932 nostram
832 3847 1327 3936 ²lngentisproemt't'pollicitatabne]
1339 3849 1412 3912 Hel·

97 3996 229 4052 ,ΝΜ
241 3979 467 4065 potiusdomum
480 3993 661 4040 mmm,
673 4001 729 4064 pa.
787 3957 908 4020 moltlus
934 3956 1047 4019 Chron.
1069 3955 1204 4018 Sclaror.
1233 3955 1286 4016 lib.
1311 3955 1324 4016 1
1347 3975 1411 4040 cap.

100 4108 163 4144 cem
171 4109 232 4146 cum
242 4087 323 4146 oobt's
338 4087 411 4156 cole,
428 4085 518 4145 donec
534 4101 632 4146 terrra
646 4099 726 4146 terra
786 4061 842 4127 85²
860 4069 972 4126 Pflmls
985 4079 1028 4126 ⁶⁸²
1046 4065 1075 4124 ’ἶ
1090 4065 1215 4150 “mplius
1233 4083 1317 4144 im
1336 4061 1413 4121 ''nl''

99 4207 166 4250 tam
188 4194 304 4252 exculto
314 4191 413 4274 suerit
440 4215 474 4251 ac
497 4207 607 4250 nostru.
649 4191 728 4250 Nam
788 4196 903 4234 mmm
917 4175 1042 4255 “idmst

99 4312 295 4358 cestretona
311 4319 419 4380 magna
436 4319 472 4356 ex
483 4311 572 4382 parte
579 4294 663 4374 jacet
679 4295 729 4356 tle·

96 4417 184 4464 serta
208 4419 237 4466 et
269 4403 398 4474 incultu,·
428 4403 511 4462 oolt's
544 4405 641 4486 itaque
664 4427 728 4487 pne
835 4377 988 4457 ⁸N⁶²²⁸dlb
1003 4417 1026 4434 ¹·
1045 4375 1174 4436 dmm
1174 4367 1221 4450 α’]
1242 4373 1346 4433 Hm
1359 4370 1414 4434 ‘1⁰‘

95 4515 198 4592 magi,
215 4511 349 4573 comp
376 4528 462 4592 qm
489 4509 600 4570 haum,
649 4509 730 4572 Hm·
788 4499 976 4566 numeregc
991 4477 1293 4563 lngioWaldemaro
1309 4475 1413 4542 (latum

98 4625 205 4686 „m
223 4615 324 4692 unffi,
348 4613 445 4676 minu,
471 4613 633 4677 commode
662 4615 729 4678 hmo
789 4589 1039 4652 commemoravit
1059 4585 1138 4648 Hist.
1163 4583 1263 4664 lloytl.
1289 4583 1319 4670 p.
1341 4581 1413 4660 375,

35 4779 36 4808 ,
93 4717 162 4782 vib
191 4720 280 4786 liuem
306 4719 506 4806 expeditionis
537 4721 730 4789 Waldemari
791 4694 920 4818 idd⁰¹¹⁸’
951 4711 1056 4757 narem
1080 4690 1184 4754 eadem
1210 4703 1315 4754 testate
1345 4710 1414 4775 per·

95 4823 187 4889 dictu
202 4847 265 4920 esse
283 4826 391 4892 refert,
789 4822 867 4864 usse.

1122 4925 1223 5020 (4⁶5⁹)
1288 4943 1291 4948 '
