3536 5462
239 375 245 390 ,
351 293 427 370 ssu
685 289 861 362 auron.
884 287 991 360 nau.
1012 287 1251 362 emunxit.

302 516 530 602 contemptus
556 505 763 592 incesserat,
790 517 829 574 ut
852 505 890 571 in
910 501 1063 574 exercitu
1087 512 1183 598 toga,
1215 521 1290 570 non
1315 496 1421 570 annis
1445 513 1616 571 uteretur.

302 631 437 702 Interea
452 629 577 698 Hurna
607 619 753 720 quidam
779 639 815 697 et
828 621 1090 722 Marquardus,
1123 643 1232 719 quem
1254 617 1422 710 ildulfus,
1444 617 1619 693 Holsatire

303 749 504 851 proiectus,
521 742 597 818 filio
620 750 776 819 moriens
791 761 943 818 tutorem
958 743 1190 845 reliquerat²,
1209 743 1397 814 Danorum
1412 743 1529 840 copiis
1546 765 1617 816 sn·-

302 871 422 971 perbo
451 893 617 942 sermone
652 869 881 968 contemptis,
914 870 1091 968 ingentem
1125 865 1332 942 Sclavorum
1359 866 1620 963 Senonumque

303 1015 450 1068 manum
471 1005 725 1064 contraxerant
773 995 882 1066 Forte
910 1007 1028 1066 antem
1051 990 1192 1079 nostris,
1218 989 1420 1060 intermisso
1450 986 1616 1086 obequi-

303 1114 403 1191 tandi
430 1113 577 1201 labore,
608 1113 807 1212 respirandi
836 1114 950 1213 gratia
981 1112 1239 1212 aliquantisper
1263 1109 1365 1183 humi
1386 1109 1619 1200 cubantibus,

303 1237 463 1314 Eshillns
493 1233 586 1308 adeo
615 1260 655 1309 se
687 1241 797 1310 aetatis
828 1233 1070 1336 magnitudine
1107 1247 1297 1308 contusum
1318 1229 1620 1332 confractumque

303 1357 549 1450 asseverabat,
582 1373 622 1431 ut
648 1383 694 1432 ne
718 1383 854 1458 equum
892 1356 1040 1457 quidem
1072 1357 1149 1430 sine
1179 1351 1347 1456 adjutore
1375 1354 1620 1429 conscendere

303 1499 436 1584 posset.
461 1486 506 1554 At
521 1480 587 1554 ubi
603 1478 725 1556 hostes
740 1483 777 1554 in
795 1497 1028 1580 conspectum
1045 1501 1189 1570 venere,
1214 1479 1344 1575 queris
1355 1478 1490 1574 juvene
1506 1501 1622 1579 ocyor

304 1629 440 1705 eqrum
458 1603 599 1696 insiluit,
624 1607 670 1678 ita
696 1623 736 1678 nt
762 1606 925 1703 eorporis
940 1606 1019 1701 ejus
1035 1601 1150 1676 robur
1165 1598 1264 1674 nulla
1279 1625 1322 1674 ex
1340 1615 1442 1699 parte
1456 1623 1619 1700 quassa·-

304 1745 380 1802 tum
403 1743 560 1826 putares.
611 1726 712 1802 Adeo
734 1732 846 1800 virtus
870 1731 961 1799 aetati
986 1727 1147 1823 imperat.
1196 1727 1324 1822 ltaque
1350 1727 1410 1822 qui
1430 1719 1535 1798 dictis
1551 1747 1618 1798 se·

304 1865 485 1923 nectutem
499 1865 665 1924 causatus
682 1850 807 1942 fuerat,
827 1847 922 1922 hano
936 1844 1169 1947 postmodum
1188 1845 1287 1919 iactis
1302 1847 1485 1946 juventam
1500 1843 1619 1920 redo-

304 1969 461 2045 lentibus
486 1969 698 2066 decorahat;
724 1995 833 2070 quem
854 1973 890 2044 in
914 1969 1009 2045 hanc
1030 1971 1165 2044 virtutis
1189 1967 1508 2044 dissimulationem
1528 1967 1620 2042 nihil

304 2111 436 2194 praeter
450 2096 614 2168 virtutem
631 2093 787 2170 adduxit.
839 2093 978 2170 Eodem
995 2093 1086 2168 iorte
1102 2109 1268 2192 tempore
1283 2118 1325 2166 ex
1340 2096 1471 2167 nostris
1482 2115 1620 2188 pronus

304 2215 468 2316 parvula,
495 2216 629 2316 predae
647 2214 839 2292 dulcedine
852 2244 874 2292 a
889 2219 1025 2292 coeteris
1042 2217 1217 2318 digressa,
1238 2239 1354 2315 quum
1375 2213 1499 2291 hostes
1516 2211 1620 2288 mili·
1761 2283 1762 2290 ,

303 2355 381 2414 tum
409 2363 561 2422 numero
586 2347 788 2441 superiores
813 2357 848 2416 et
867 2341 954 2443 fuga
968 2347 1081 2418 vitare
1095 2340 1258 2418 deforme
1273 2338 1420 2416 duceret
1443 2353 1480 2412 et
1493 2361 1622 2439 pugna
1761 2329 1762 2352 ¹

350 2699 488 2760 ²Harna
515 2693 634 2778 qnidam
661 2707 690 2755 et
717 2691 930 2775 Marqnardns,
984 2710 1044 2776 pro
1063 2689 1127 2756 fillo
1142 2711 1198 2758 tuo
1219 2688 1402 2758 ’'eomtinu
1415 2688 1544 2768 tenuit,”
1562 2685 1622 2752 do-

391 2797 562 2887 reliquerar]
592 2800 626 2861 in
650 2795 717 2860 hist
738 2795 839 2879 lluyti.
863 2797 883 2858 l.
902 2817 929 2860 c.
985 2817 1043 2860 nec
1064 2797 1214 2864 hienricus
1244 2798 1304 2862 dux
1329 2810 1464 2862 tutorem
1495 2795 1524 2860 si
1544 2813 1622 2858 eon·

304 2909 392 2996 prior
422 2905 517 2970 modo
546 2901 678 2967 affertur
703 2904 826 2968 nomine
848 2908 933 2988 Hyr·
986 2904 1087 2968 stituit
1103 2907 1271 2970 Haesimus
1292 2905 1501 2990 Thuringum,
1522 2901 1623 2968 comi·

305 3021 403 3100 ningr.
449 3013 564 3077 Procul
604 3011 696 3074 dubio
728 3008 821 3072 iidem
851 3020 934 3088 sunt,
989 3021 1061 3076 tem.
1104 3015 1209 3097 ltaque
1243 3013 1323 3075 Saxo
1350 3011 1382 3074 in
1412 3012 1467 3091 iis,
1487 3031 1557 3096 quse
1578 3009 1621 3072 de

306 3141 393 3206 quos,
414 3125 581 3182 Hornonem
604 3131 634 3181 et
647 3117 858 3181 Morchradnm
881 3137 934 3201 ap·
989 3118 1084 3180 tulela
1097 3117 1248 3182 Marcrtdi
1262 3115 1368 3198 affert,
1390 3115 1513 3182 erravit.
1554 3114 1623 3178 Sed

306 3226 447 3310 peilatus,
463 3222 646 3286 Helmoldus
665 3219 703 3304 (l,
715 3215 769 3302 86)
789 3226 934 3284 sent'orum
989 3245 1083 3308 quum
1106 3225 1188 3287 inter
1208 3224 1346 3289 homines
1375 3237 1407 3287 et
1427 3219 1623 3286 condilectio}

306 3350 392 3396 terre
403 3333 593 3412 Wagirensis
604 3327 695 3390 titulo
710 3337 807 3390 ornat.
818 3314 935 3389 Exinde
989 3329 1108 3393 comitis
1124 3327 1446 3395 deiunctihiercredns
1460 3329 1513 3392 ille
1523 3329 1625 3392 nexi-

307 3457 381 3502 rero
401 3434 532 3524 suspicio
550 3453 672 3518 quoque
690 3434 805 3512 oritur,
822 3451 935 3496 nomen
988 3458 1037 3501 mr
1068 3437 1248 3500 auctoritate
1268 3448 1299 3500 et
1326 3435 1466 3522 potentis
1487 3435 1627 3500 ruiniaco

305 3542 457 3632 posterius
472 3540 552 3626 apud
566 3543 717 3607 Saxonum
733 3537 932 3624 depravatum
986 3541 1125 3606 videatur
1140 3539 1337 3624 (Helmoldns
1355 3563 1427 3606 enm
1450 3540 1517 3606 aliis
1539 3541 1626 3606 locis

306 3671 380 3718 esre.
425 3652 525 3734 Atque
547 3647 590 3710 ita
610 3665 716 3710 revers
738 3643 853 3710 factum
876 3657 932 3724 est,
986 3646 1024 3729 (Ι,
1040 3647 1092 3713 91.
1114 3651 1150 3728 11,
1168 3643 1204 3726 4)
1226 3647 1379 3712 seniorem
1395 3659 1490 3713 terre
1503 3647 1627 3712 Holu-

305 3757 362 3824 etsi
382 3777 445 3820 non
465 3755 603 3828 Saxonis,
624 3753 679 3818 ted
698 3752 814 3826 librarii
832 3751 933 3837 eujus·
987 3768 1092 3819 torum
1121 3767 1153 3818 et
1174 3753 1343 3819 secundnm
1368 3767 1442 3840 post
1469 3754 1624 3820 comitem

306 3861 374 3927 dam
405 3863 503 3946 culpa.
549 3865 627 3924 Nam
646 3861 807 3924 hirantzius
826 3860 857 3922 in
871 3880 934 3922 suo
989 3873 1098 3942 vocat3
1128 3859 1256 3944 signifer
1286 3859 1514 3943 (Bannerherr,
1536 3863 1628 3925 hier·

306 3967 412 4033 codice
438 3967 601 4051 genuinam
635 3965 740 4031 habuit
772 3965 936 4031 lectionem
989 3967 1135 4049 hismsdr)
1167 3979 1233 4033 erat
1258 3967 1428 4055 provincie
1457 3967 1628 4048 Holutiae,

305 4075 487 4140 Mercradus
512 4071 556 4154 (v.
575 4071 724 4138 Wandal.
748 4075 787 4151 V,
807 4068 866 4151 35,
884 4069 937 4133 uhi
989 4096 1019 4138 r.
1037 4074 1111 4162 dipl.
1128 4095 1177 4160 ap.
1198 4072 1372 4158 Staphorst,
1393 4077 1435 4139 H.
1451 4077 1489 4139 F.
1504 4073 1627 4140 unuh.

305 4195 407 4248 tamen
427 4179 613 4266 typographi
634 4199 738 4244 errore
755 4183 859 4242 Barna
876 4199 934 4262 pro
989 4185 1014 4260 l,
1035 4177 1130 4260 551),
1161 4182 1224 4245 reri
1241 4181 1428 4246 simillimum
1449 4194 1513 4260 est,
1536 4200 1628 4266 eun,

306 4295 415 4352 Heme
425 4287 561 4372 legitur).
584 4291 659 4350 Haec
670 4284 840 4350 emendatio
851 4282 932 4347 haud
989 4287 1061 4350 dum
1083 4287 1257 4352 hischtildis
1284 4289 1463 4353 comitatum
1487 4301 1628 4370 tenera,

306 4395 394 4480 parri
416 4406 461 4460 est
483 4394 630 4458 momenti
645 4391 682 4457 ad
699 4389 793 4456 rerba
805 4411 933 4478 sequen·
989 4414 1114 4457 summm
1143 4394 1189 4456 rei
1219 4393 1387 4480 praeinisse.
1436 4395 1556 4485 Quare,
1597 4397 1627 4459 si

307 4503 349 4566 tia
386 4501 588 4586 dijudicanda.
642 4503 733 4562 Teste
766 4497 933 4562 Helmoldo
989 4499 1150 4585 Adelphos
1182 4501 1317 4564 moriens
1351 4501 1463 4564 tutoris
1493 4498 1628 4586 quidem

307 4605 359 4690 (ll,
385 4605 414 4668 5.
437 4605 489 4686 7),
519 4607 671 4690 scriptore
695 4605 804 4669 harum
830 4623 934 4668 rernm
990 4627 1101 4672 nomen
1123 4607 1224 4674 viduae
1242 4629 1315 4688 ansa,
1336 4605 1496 4672 Marcrado
1516 4619 1629 4672 num

306 4710 510 4800 peritissimo,
540 4725 610 4796 post
638 4725 769 4776 mortem
798 4709 936 4798 hdolphi
990 4734 1099 4776 munus
1129 4713 1195 4797 ejus
1219 4715 1361 4800 reliquit,
1392 4736 1408 4776 a
1440 4733 1514 4778 vero
1537 4717 1628 4782 Saxo

306 4814 742 4901 secundi(ll64)hiechtildis,
756 4817 844 4883 vidus
860 4817 937 4902 ejus,
993 4819 1039 4884 his
1060 4819 1162 4886 verbis
1183 4843 1247 4886 non
1269 4821 1361 4907 longe
1379 4819 1543 4888 aberravit.
