3508 5460
362 291 437 370 784
683 293 1135 368 humanarumue
1154 295 1245 368 XlV.

308 504 686 584 solennirexecratione
704 503 1054 596 usurus‘rideretur,
1078 501 1342 598 waldemarus,
1365 503 1529 580 hortante
1542 507 1629 582 hbe

308 630 451 719 salone,
475 653 521 701 ne
547 625 723 728 sacrilego
747 628 827 726 ejus
849 627 999 699 facinori
1026 614 1227 721 interesset,
1262 635 1439 704 concione
1468 635 1630 722 excessit,

307 754 541 850 adversaeque
566 752 675 850 partis
694 752 865 849 justitiam
884 748 1090 841 aemulutus,
1122 759 1308 850 prasentia
1330 756 1439 827 eurio·
1467 777 1628 826 errorem

308 901 420 978 quam
436 875 591 950 absentis
610 869 858 946 rectitudinem
881 887 1101 972 postponere
1116 875 1338 974 praeoptavit.
1365 876 1484 975 Cujus
1498 897 1630 974 egres-

306 1027 388 1076 sum
412 1011 556 1074 secutus
572 994 750 1084 Absalon,
776 1019 858 1068 cum
882 994 930 1066 ab
958 997 1152 1070 Octaviano
1175 983 1408 1097 supersedere
1427 1013 1629 1095 rogaretur,

308 1126 356 1199 ab
374 1124 451 1222 ejus
473 1121 631 1218 vestigiis
656 1143 714 1211 se,
740 1119 848 1216 cujus
866 1115 1059 1190 comitandi
1074 1121 1185 1219 gratia
1204 1119 1396 1212 advenerit,
1428 1119 1530 1193 nullo
1545 1121 1630 1219 jure

307 1245 490 1347 prohiberi
510 1239 715 1341 perdocuit;
741 1265 861 1340 eoque
884 1265 1058 1340 responso
1092 1243 1284 1316 execrabili
1311 1241 1526 1342 pontificum
1542 1241 1629 1316 ool·-
1748 1235 1749 1240 ’

306 1371 400 1472 legio
422 1367 606 1456 liberatus,
630 1389 677 1436 nc
699 1363 894 1438 schismatis
916 1387 1037 1436 errore
1052 1360 1252 1458 laberetur,
1274 1361 1398 1439 effecit.
1457 1367 1524 1438 Die
1551 1391 1629 1466 po-

305 1511 402 1570 stero
423 1490 640 1564 Octavianus
654 1489 839 1578 Livouem,
855 1485 1126 1561 Othoniensium
1148 1486 1314 1582 electum,
1336 1488 1566 1562 vehementer
1580 1490 1629 1563 ab

306 1614 488 1691 Absalone
503 1609 735 1711 prohibitum,
760 1609 851 1684 falsa
869 1609 1047 1708 pontificis
1064 1611 1231 1684 unctione
1245 1617 1485 1710 prosequitur.
1539 1611 1629 1686 Inde
1748 1645 1749 1679 r

307 1737 355 1814 ad
380 1733 559 1836 oppidum
580 1735 778 1810 Bisontium
801 1757 1015 1806 concessum
1039 1738 1126 1807 est¹.
1185 1731 1254 1804 Ubi
1279 1757 1459 1833 equorum
1487 1735 1628 1834 pabulo
1748 1763 1749 1800 r

308 1888 381 1936 non
403 1873 628 1960 suppetente,
655 1879 815 1956 regeque
838 1853 1000 1928 emendae
1024 1858 1105 1955 ejus
1129 1853 1330 1929 facultatem
1355 1857 1422 1930 sibi
1448 1883 1522 1930 non
1548 1857 1628 1930 fieri
1748 1855 1749 1884 ¹

307 1999 567 2083 conquerente,
596 1981 717 2052 Caesar
740 2003 836 2068 eum,
864 1984 927 2077 qui
944 1978 1090 2052 stabulo
1106 1993 1271 2078 praeerat,
1295 1982 1497 2053 necessaria
1514 1982 1628 2054 Danis
1748 1999 1749 2084 j

307 2105 475 2207 expedire
497 2103 678 2202 praecepit.
737 2103 806 2194 Qui
832 2127 927 2193 mox,
955 2125 1081 2175 eorum
1097 2099 1309 2176 satellitibus
1332 2125 1457 2177 seeum
1481 2101 1628 2195 eductis,

306 2232 342 2302 in
359 2233 441 2304 vieo
464 2227 602 2300 eminus
622 2228 702 2314 sito,
728 2223 862 2320 quibus
884 2241 1044 2324 egerent,
1070 2223 1244 2322 capienda
1258 2223 1491 2301 demonstrat
1555 2228 1628 2320 Qui

308 2378 404 2441 cum,
418 2373 542 2424 earum
556 2343 857 2421 consuetudinum
874 2352 997 2448 ignati,
1021 2373 1201 2447 equorum
1216 2347 1383 2422 alimenta
1397 2349 1444 2423 ab
1461 2348 1628 2450 oppida-

306 2477 362 2558 nis
384 2475 538 2544 inermes
563 2469 816 2570 deposcerent,
842 2497 1026 2571 vocesque
1041 2497 1126 2545 suas
1146 2473 1280 2573 sagittis
1297 2496 1340 2545 ac
1356 2471 1483 2570 jaculis
1500 2471 1626 2572 repelli

306 2597 566 2698 conspicerent,
590 2591 760 2694 depositis
777 2593 958 2693 precibus,
984 2593 1149 2695 praelium
1167 2591 1364 2668 ordiuntur.
1414 2599 1530 2697 Capto
1552 2599 1628 2670 ita-

307 2913 429 2980 stabant
443 2932 548 2977 omnes
561 2911 933 2998 inconcilioeongregati,
992 2910 1066 2976 dum
1086 2931 1150 2977 ease
1174 2934 1268 2999 supra
1287 2915 1421 2978 Saeuam
1443 2912 1476 2978 in
1502 2914 1624 3000 episco-

307 3022 447 3086 caadelaa
460 3017 601 3082 ardentes
621 3018 654 3082 in
671 3019 810 3084 manibus
827 3031 934 3082 tenen·
991 3031 1068 3109 patu
1090 3017 1264 3084 Bisontino.
1315 3019 1500 3085 Helmoldua
1528 3022 1625 3086 modo

306 3141 364 3208 tes,
378 3137 422 3207 et,
435 3125 623 3189 anathemate
639 3126 848 3210 pronuntiato,
861 3145 932 3188 mox
992 3125 1132 3188 nominat
1149 3125 1368 3214 Lorigennam,
1390 3127 1491 3194 vicum
1516 3127 1557 3192 ad
1571 3133 1627 3193 Sa·

306 3255 357 3298 eas
371 3233 404 3294 in
419 3242 533 3295 terram
547 3231 746 3316 projicientes
762 3231 933 3316 exstingue·
992 3253 1084 3296 onam
1116 3231 1196 3296 intra
1242 3231 1317 3298 fines
1354 3235 1492 3299 Franciae
1532 3232 1627 3298 sitnm

305 3339 391 3419 bant,
418 3336 551 3403 formula
580 3336 779 3402 execrationis
804 3336 869 3400 sire
893 3335 931 3400 ab
995 3335 1124 3422 (Chron.
1144 3340 1226 3402 slav.
1249 3338 1304 3403 lib.
1319 3342 1332 3402 1
1346 3358 1413 3426 cap.
1438 3335 1509 3424 90);
1531 3339 1627 3404 Albe-

306 3445 381 3532 ipsis
401 3443 466 3508 sire
486 3465 505 3506 a
529 3444 645 3528 popolo
675 3454 860 3528 congmgato
880 3442 933 3506 ad·
993 3445 1074 3508 ricus
1088 3444 1255 3509 Monachus
1264 3446 1341 3524 vult,
1358 3443 1629 3512 conciliumDolae

305 3551 378 3616 dita.
406 3547 490 3630 (vid.
511 3549 628 3614 Labbei
650 3563 681 3613 et
695 3550 840 3614 Cossartii
855 3551 937 3614 Coo·
993 3549 1087 3616 fuisse
1100 3551 1238 3615 habitum
1252 3537 1397 3636 (Leibuit
1411 3571 1524 3618 accam.
1553 3551 1627 3616 hiat.

305 3660 373 3724 cilia
390 3661 453 3723 rol.
472 3659 515 3720 tx
530 3680 562 3742 p.
576 3651 649 3738 891,
669 3653 774 3722 Rofod
794 3655 933 3722 Anchera
992 3660 1055 3724 rol.
1083 3661 1163 3744 Ilp.
1184 3653 1270 3738 339).
1312 3659 1389 3726 Otto
1403 3663 1530 3724 blerana
1545 3653 1628 3740 (lelu-

303 3764 436 3830 samlede
463 3764 610 3848 juridislte
635 3763 768 3831 Shriller
796 3769 832 3830 Τ.
859 3763 875 3827 1
900 3786 933 3850 p.
991 3779 1087 3830 rator.
1110 3765 1223 3852 Script.
1241 3784 1302 3828 rer.
1320 3765 1385 3828 ltal.
1411 3769 1500 3828 Tem.
1525 3764 1569 3831 vt
1592 3786 1628 3850 p.

302 3867 494 3952 471-472).
995 3868 1089 3954 1113)
1106 3884 1138 3936 et
1152 3871 1296 3937 Albertua
1311 3865 1630 3956 Stadensis(1lalpisii

990 3975 1163 4064 seriptrer.
1172 3978 1275 4044 Germ.
1290 3977 1338 4042 ed.
1347 3977 1494 4043 Schilteri
1506 4000 1539 4063 p.
1547 3970 1628 4056 289)

349 4086 447 4152 'Inde
466 4085 510 4149 ad
529 4083 668 4171 oppidum
680 4085 846 4144 Bisuntiam
862 4106 930 4145 eon·
990 4101 1060 4146 curn
1082 4084 1201 4148 Saxone
1222 4081 1351 4149 faciunt.
1403 4082 1529 4149 Scilicet
1552 4101 1631 4146 eon·

304 4217 411 4256 cessam
435 4187 494 4272 est]
515 4192 592 4252 Haec
615 4187 711 4252 rerba
735 4189 863 4252 Saxonis
883 4186 930 4251 iu·
991 4201 1099 4254 tantus
1122 4189 1204 4255 iuter
1230 4192 1448 4278 imperatorem
1469 4203 1502 4254 ct
1520 4209 1630 4274 regem

304 4309 411 4378 neunt,
431 4293 588 4382 quomodo
602 4295 695 4358 rariae
711 4297 864 4360 rariorum
877 4317 930 4359 au·
990 4297 1129 4361 Francia
1152 4297 1286 4362 indictus
1301 4297 1490 4384 Lovigennae
1509 4296 1630 4361 haben-

303 4413 407 4464 torum
422 4400 460 4466 de
474 4404 544 4467 loco
558 4401 931 4468 eonciliirelatiouescou·
993 4401 1048 4467 dus
1066 4399 1176 4466 luerat.
1219 4404 1290 4498 Quo
1318 4418 1430 4492 rupto,
1461 4401 1629 4470 concdium

304 4504 401 4569 ciliari
426 4493 549 4593 queant.
618 4513 687 4596 lpse
711 4509 877 4595 imperator
898 4509 932 4572 iu
993 4509 1084 4574 Dolo
1098 4509 1255 4596 inpalatio
1272 4510 1358 4596 jussu
1372 4511 1567 4597 imperatoris
1581 4507 1631 4572 ibi

305 4603 458 4692 epistolia,
481 4611 590 4694 quibua
615 4614 653 4678 ad
672 4616 835 4681 concilium
853 4613 932 4678 cele-
994 4629 1148 4681 exstructo
1170 4615 1349 4682 inchoatum
1372 4615 1466 4682 luisse
1489 4613 1632 4696 videtum
1748 4655 1749 4660 κ

304 4709 456 4778 brendam
473 4714 630 4800 invitarit,
651 4744 713 4787 non
741 4736 858 4787 certum
885 4722 932 4783 lo·
993 4733 1164 4810 postremo,
1186 4711 1268 4789 haud
1292 4725 1384 4791 dubie
1401 4723 1443 4790 oh
1471 4719 1631 4788 defectum

305 4839 374 4887 curn
390 4822 570 4910 nominarit,
590 4825 644 4894 sed
663 4829 796 4916 scripsit,
816 4827 931 4894 baben·
997 4851 1140 4916 annena,
1154 4831 1327 4900 Bisantium
1342 4833 1489 4900 tralatum
1506 4842 1564 4898 est.
