3508 5460
383 279 458 380 780
712 285 889 374 nissen
904 303 1010 376 nnn.
1025 301 1165 376 nmen
1182 303 1273 376 xrv.

329 525 441 610 rogat.
492 506 670 597 Absalon,
703 505 948 584 demonstrato
970 507 1184 608 llednlpho,
1216 511 1283 584 llic
1309 526 1382 602 est,
1414 511 1551 609 iuquit,
1581 515 1641 612 qui
1699 539 1705 548 ·

328 631 512 708 credulam
532 637 623 730 regis
638 629 895 729 simplicitatem
913 636 1177 730 promissorum
1202 649 1345 708 tuorum
1364 637 1576 710 commentis
1589 635 1639 706 il-

328 756 431 847 lexit,
453 779 572 852 eoque
590 755 815 852 negationem
840 757 992 831 Caesaris
1015 753 1191 854 repellere
1210 779 1283 826 non
1309 752 1483 846 audente,
1515 762 1640 832 sen'em

327 881 435 952 totius
457 877 701 974 promissionis
722 874 891 952 edisserit.
950 879 1133 952 inficiante
1155 875 1192 950 id
1207 879 1364 967 Caesare,
1388 877 1560 956 reducem
1578 907 1643 956 re-

327 1003 431 1102 gem¹
456 998 533 1074 dori
550 997 720 1098 deposcit.
778 999 842 1074 Ille
852 1001 942 1102 plus
961 1026 1002 1076 se
1018 1001 1151 1102 negotii
1171 1000 1250 1098 ejus
1274 997 1405 1074 reditui
1415 1001 1643 1095 tributumm,
1738 1065 1739 1086 ,

326 1149 438 1224 quem
455 1121 625 1200 adventui
640 1123 862 1222 impenderit,
883 1141 998 1225 negat.
1059 1119 1168 1196 Simfli
1183 1119 1293 1196 modo
1312 1117 1371 1194 die
1385 1139 1533 1221 postero
1549 1128 1641 1226 regis

326 1247 456 1347 ¹⁰g³fi⁰
477 1261 633 1345 excepta.
686 1250 768 1340 Quo
789 1248 927 1346 agnito,
948 1271 1023 1338 rex,
1039 1244 1203 1322 salutaris
1219 1250 1374 1320 monitus
1391 1248 1504 1344 spreti
1517 1248 1638 1344 poeni-
1738 1271 1739 1274 ¹

329 1376 438 1444 tentia
456 1369 617 1462 afflictus,
641 1373 776 1444 tametsi
794 1395 1006 1442 mucronem
1022 1371 1148 1442 cervici
1165 1393 1241 1442 sure
1254 1366 1477 1468 applicatum
1495 1370 1641 1466 aspice-
1738 1395 1739 1400 ¹

327 1510 400 1582 ret,
419 1509 502 1566 ante
523 1517 563 1566 se
589 1517 669 1566 earn
696 1492 792 1566 ferro
816 1517 928 1592 quom
945 1493 1096 1592 petriam
1116 1495 1275 1568 servituti
1292 1493 1555 1593 subjecturum,
1576 1515 1641 1566 as·-

325 1613 524 1696 sevcrebat.
584 1619 767 1690 AEstuante
791 1641 837 1690 eo
867 1618 1020 1715 opisque
1039 1613 1187 1690 modurn
1201 1618 1397 1715 impensius
1411 1614 1639 1713 disquirente,

326 1737 498 1830 Absalon,
513 1735 729 1814 liberationis
749 1741 846 1814 viam
868 1765 890 1814 a
911 1765 951 1815 se
969 1755 1146 1837 repertam
1167 1739 1371 1838 professus,
1395 1763 1469 1818 non
1487 1737 1641 1837 emplius

327 1861 399 1938 illic
415 1863 491 1966 regi
513 1887 626 1962 quam
648 1869 684 1934 in
709 1869 817 1960 patn'a
840 1861 1103 1961 trepidandum,
1126 1868 1287 1936 asseruit.
1343 1857 1530 1961 Siquidem
1546 1877 1643 1934 trans

326 1990 518 2087 pontem2,
539 2011 615 2084 quo
638 1983 825 2060 Gallorum
844 2010 997 2084 regnum
1017 2010 1038 2057 a
1054 1987 1267 2058 Germanico
1286 2001 1544 2077 secerneretur,
1568 2009 1639 2060 ve-

325 2111 480 2186 nationis
501 2108 725 2184 simulatione
746 2112 878 2208 saepius
900 2133 983 2182 enm
1009 2107 1222 2207 obequitare
1247 2106 1400 2196 debere,
1423 2105 1642 2198 eudemum,

326 2259 411 2306 cnm
439 2230 696 2307 consvetudine
733 2232 976 2330 suspicionem
1005 2233 1165 2325 vicisset,
1203 2256 1286 2305 cum
1317 2233 1459 2329 potiore
1496 2229 1640 2306 lamilire

325 2370 428 2455 parte
449 2353 599 2454 aliquod
621 2381 642 2428 e
663 2355 822 2429 finitimis
843 2353 969 2428 Galliae
992 2351 1136 2453 oppidis
1159 2370 1300 2453 petere,
1325 2351 1425 2429 haud
1448 2351 1641 2428 dubitatu-

324 2503 426 2571 rum,
451 2478 539 2576 qnin
563 2503 586 2552 a
610 2503 696 2581 rege
718 2481 940 2554 Francorum
971 2477 1126 2551 ornatius
1151 2477 1188 2548 in
1214 2479 1366 2576 patriam
1396 2475 1641 2552 dimitteretur.

326 2604 440 2701 Cujus
464 2603 599 2702 consilii
625 2605 869 2678 executionem
892 2607 1013 2676 Cesar
1027 2616 1102 2673 arte
1119 2605 1303 2698 praevenit.
1362 2597 1550 2701 Siquidem
1567 2601 1639 2676 vim

323 2727 401 2827 regi
422 2725 553 2799 inferre
573 2729 724 2815 veritus,
750 2753 834 2800 cum
858 2727 937 2825 ejus
955 2722 1168 2798 famulatum
1184 2723 1432 2800 coactionibus
1443 2724 1640 2822 impetrare

324 2853 509 2946 nequiret,
531 2847 709 2922 beneficio
727 2851 879 2923 mereari
897 2849 1050 2922 tentavit.
1111 2849 1303 2920 Universos
1325 2850 1463 2944 quippe
1481 2849 1639 2920 Germa-

323 2972 393 3042 niae
416 2970 596 3068 principes
616 2953 837 3046 sacremento
859 2969 1004 3045 edemus
1019 2972 1141 3069 jurare
1155 2968 1341 3066 compulit,
1365 2994 1406 3043 se
1420 2970 1503 3069 ejus
1519 2967 1641 3042 ditioni

323 3091 499 3168 Sclaviam
519 3093 772 3168 substraturos.
830 3089 939 3186 Quod
955 3095 985 3168 si
1001 3117 1129 3192 parum
1144 3090 1365 3190 perlicerent,
1391 3093 1569 3190 seipsum
1593 3089 1640 3177 id,

323 3239 406 3290 curn
423 3217 580 3314 primum
597 3244 640 3291 ex
657 3218 756 3291 Italia
772 3233 1022 3302 reverteretur,
1046 3232 1281 3289 executurum
1294 3213 1502 3314 spopondit,
1525 3239 1637 3313 eaque

322 3336 452 3412 sraude
471 3337 519 3412 nd
542 3339 720 3438 obsequia
742 3339 808 3412 sihi
831 3338 1045 3438 paciscenda
1061 3339 1186 3412 ambas
1202 3341 1297 3438 regis
1319 3364 1446 3414 manus
1464 3342 1637 3438 pertraxit

322 3463 502 3534 Caeterum
524 3465 567 3552 ei,
590 3487 664 3536 non
681 3467 816 3535 curiam
839 3464 1020 3536 communi
1045 3463 1250 3561 principum
1270 3486 1371 3534 more
1398 3476 1542 3560 petere,
1568 3485 1635 3532 non

321 3584 358 3656 in
372 3587 525 3658 Romani
539 3587 676 3686 imperii
693 3585 902 3684 presidium
916 3586 1039 3684 copias
1054 3584 1212 3676 ducmre,
1236 3583 1390 3682 solaque
1407 3587 1540 3680 speeie,
1563 3607 1632 3654 nnn

316 3729 369 3796 re,
391 3709 521 3781 Caesuri
537 3734 677 3808 parere,
690 3734 910 3785 concessum.
962 3707 1052 3782 Filio
1069 3731 1156 3782 vero
1172 3722 1256 3802 post
1267 3731 1352 3779 eum
1368 3707 1533 3804 proxime
1546 3728 1629 3802 reg·

318 3843 447 3903 naturo
467 3830 621 3905 liberum
642 3831 721 3906 sore
741 3848 906 3931 paternas
928 3830 1146 3907 conditiones
1162 3827 1335 3926 abjicere,
1361 3851 1406 3900 ne
1430 3825 1477 3902 ad
1493 3850 1628 3902 omnem

320 3951 511 4030 Danorum
528 3972 670 4055 gentem
684 3943 948 4030 haereditarium
963 3968 1123 4028 manaret
1139 3951 1369 4052 ohsequium.
1423 3953 1539 4054 Cujus
1552 3975 1629 4028 str-

366 4249 524 4312 'Iledceem
539 4243 891 4333 regem]Sicecripsipro
905 4273 947 4311 re-
997 4243 1155 4331 jungebat.
1206 4249 1241 4310 lo
1260 4245 1322 4310 hoc
1340 4257 1448 4332 ponte,
1473 4265 1528 4310 cen
1548 4243 1576 4306 iu
1593 4240 1628 4304 li·

320 4351 420 4416 ducem
444 4360 520 4440 regi,
541 4352 624 4441 quod
644 4353 757 4418 hebent
777 4353 825 4419 ed.
845 4379 894 4442 pr.
915 4367 947 4420 et
1000 4352 1076 4416 mite
1102 4373 1285 4439 regnorum,
1320 4373 1374 4416 rex
1393 4351 1564 4416 Ludosicus
1583 4365 1631 4410 te·

319 4456 460 4542 steph(
490 4457 513 4542 .)
998 4460 1112 4545 ptimus
1146 4471 1288 4545 tempore
1321 4459 1486 4546 colloquiis
1520 4453 1627 4543 prinei·

1001 4587 1076 4652 pum
1093 4577 1163 4630 ente
1177 4563 1327 4629 destinato
1341 4564 1555 4652 imperatorem
1561 4559 1627 4626 trt-

365 4667 483 4730 ²Trnm
509 4669 639 4756 putem]
666 4675 750 4737 Pons
777 4671 818 4737 ad
844 4671 946 4738 ticum
1003 4669 1139 4736 decimam
1154 4692 1213 4760 per
1227 4671 1388 4738 trechoras
1403 4671 1626 4760 tenentem*

315 4769 406 4848 illum
434 4770 642 4859 lovigennam
666 4775 700 4840 in
727 4775 822 4843 llurio
849 4770 950 4844 Seona'
1004 4771 1625 4861 eraveat(1tetnot‹tehron.stmlil·

318 4873 393 4942 fine
423 4878 562 4946 Francis
594 4893 626 4948 ot
664 4883 837 4950 Germania
873 4904 946 4948 eon·
1005 4885 1106 4971 imp.
1130 4881 1196 4967 90).
