3582 5466
742 335 899 406 svssuu.
1346 335 1419 408 507

158 561 270 640 qoam
290 541 462 616 industris
478 543 674 642 profectam
691 543 910 644 putantibus,
937 549 1179 642 extinctisque,
1199 571 1274 618 nou
1293 548 1380 618 vivis
1402 559 1464 617 tu-

158 663 261 737 mulo
282 687 378 762 opus
393 689 473 740 esse
499 665 706 759 dicentibus,
733 691 839 740 suum
856 681 936 766 ante
961 691 1071 770 quam
1095 669 1191 764 regis
1213 667 1321 742 sunus
1346 667 1393 740 ab
1416 673 1465 744 eis

158 786 406 886 excipiendum
440 792 608 881 asseruit,
633 813 766 863 nense
794 806 878 863 voto
902 787 1145 862 fraudandum
1176 791 1356 886 inquiens,
1390 815 1465 887 quo

158 935 242 984 cnm
259 933 305 984 eo
320 918 491 984 commori
509 937 650 1010 semper
665 926 831 1010 optasset.
890 910 1046 985 Eosdem
1069 911 1297 984 admiratione
1311 929 1465 1009 stupen-

158 1051 211 1106 tes
236 1035 501 1131 imperiumque
525 1031 756 1109 deliramento
775 1051 1051 1108 consentaneum
1067 1036 1298 1107 existimantes
1324 1033 1370 1105 ad
1387 1033 1464 1105 ob-

157 1153 401 1252 sequendum,
430 1181 588 1253 poenam,
619 1159 657 1229 ni
678 1163 888 1256 paruissent,
920 1159 1165 1246 comminatus,
1189 1155 1343 1228 adduxit.
1403 1159 1464 1244 lta,

157 1275 280 1350 adhuc
294 1296 438 1374 experte
458 1279 578 1352 morbi
601 1303 770 1378 corpore,
804 1281 928 1352 mortis
951 1279 1192 1351 certitudinem
1215 1275 1464 1376 praesumebat.

158 1400 298 1474 Deinde
320 1404 427 1473 citato
455 1427 551 1499 equo
575 1407 609 1474 in
632 1427 821 1476 occursum
855 1404 1085 1500 exequiarum
1111 1397 1345 1492 contendens,
1380 1423 1464 1469 cum

157 1523 206 1596 ad
222 1549 351 1596 nemus
366 1523 457 1596 forte
473 1523 762 1626 Topshiigicum²
780 1531 1008 1624 pervenisset,
1028 1523 1170 1596 duabus
1187 1525 1283 1594 mirre
1298 1523 1464 1618 proceri-

156 1654 236 1720 tatis
259 1646 453 1720 arboribus
483 1673 587 1723 secus
615 1652 680 1722 iter
712 1655 922 1748 conspectis,
956 1664 1144 1745 utramque
1169 1643 1313 1743 praecidi
1357 1643 1466 1739 inque

158 1793 264 1842 usum
283 1767 363 1840 lecti
382 1769 540 1845 funebris
557 1775 670 1870 aptari
686 1775 865 1869 praecepit.
925 1769 978 1841 llli
994 1771 1061 1842 sibi
1080 1769 1207 1866 regalis
1229 1767 1348 1838 feretri
1372 1787 1465 1836 con-

156 1895 385 1970 structionem
400 1896 547 1992 prae'cipi
563 1896 637 1984 rati,
655 1894 840 1990 imperium
856 1909 1089 1990 exequuntur.
1143 1894 1378 1988 Compactum
1396 1885 1464 1957 de-

155 2013 239 2086 inde
254 2011 461 2087 vehiculum
490 2017 739 2114 praestantibus
762 2015 894 2089 robore
917 2017 1019 2112 equis
1045 2021 1240 2112 imponunt.
1300 2013 1465 2104 Cumque

155 2137 331 2235 pontifex,
349 2135 474 2208 silvam
492 2157 776 2240 praetergressus,
791 2140 930 2236 regium
946 2141 979 2208 in
998 2139 1113 2209 vicino
1131 2137 1237 2208 sunus
1254 2133 1379 2204 adesse
1394 2157 1464 2203 co-

156 2275 360 2358 gnosceret,
385 2263 544 2357 aurigam
570 2267 762 2337 consistere
773 2263 887 2359 jussit,
913 2287 955 2332 ac
977 2266 1135 2358 protinus
1151 2257 1256 2330 veluti
1278 2257 1464 2328 laxamenti

156 2383 271 2480 gratia
289 2381 494 2473 amiculum,
521 2385 621 2482 quod
645 2385 822 2474 habebat,
847 2388 959 2472 exuit,
995 2387 1100 2478 eique
1124 2380 1222 2450 humi
1248 2401 1404 2474 expanso
1425 2401 1465 2448 se

155 2507 277 2602 ipsum
292 2507 512 2602 praecipitem
535 2509 738 2606 superjecit.
790 2505 938 2595 Deinde,
955 2509 1077 2576 erectis
1093 2527 1246 2599 superne
1263 2499 1409 2598 palmis,
1435 2503 1464 2568 si

158 2657 236 2730 qno
262 2656 383 2702 rerum
414 2633 550 2702 auctori
576 2631 719 2704 servitio
744 2629 955 2728 placuisset,
990 2633 1093 2699 vitam
1118 2651 1137 2695 a
1163 2649 1200 2696 se
1223 2623 1314 2694 liniri
1337 2621 1464 2718 petivit.

156 2755 250 2826 Sane
266 2750 407 2852 absque
423 2753 495 2826 ulla
512 2755 802 2827 saticuuctationc
817 2757 970 2831 amicum
987 2765 1097 2822 morte
1123 2752 1258 2843 insequi
1279 2769 1388 2842 quant
1403 2747 1464 2814 vi-

157 2895 194 2948 ta
217 2875 382 2949 deserere
405 2883 627 2974 preoptavit
686 2879 772 2948 Haec
788 2875 898 2964 tatus,
933 2873 1041 2948 veluti
1063 2877 1097 2942 in
1116 2871 1311 2943 ‹lomestico
1332 2863 1465 2938 lectulo

157 3003 392 3100 acquiescens
410 3001 652 3097 extinguitur2.
707 3001 959 3071 Oimmeusam
974 2997 1216 3088 concordiam,
1232 3019 1313 3092 quae
1328 3015 1462 3087 super-

207 3331 340 3390 ¹Ncmus
355 3325 575 3412 Topsluigr'cum]
595 3329 706 3388 Nemus
722 3343 786 3388 cer·
840 3323 950 3405 insigni
973 3322 1110 3384 tabulato
1134 3323 1253 3404 lapideo
1278 3317 1412 3378 ecclcsiae
1433 3315 1463 3376 S.

158 3448 191 3496 tc
207 3451 320 3494 nomen
335 3429 420 3493 duxit
434 3453 468 3494 ex
482 3431 632 3516 oppidulo
651 3429 786 3514 'l'opslrdi
840 3428 1016 3505 Trinitatis,
1037 3451 1053 3489 a
1079 3432 1200 3511 Svegnu
1224 3427 1377 3504 (Sr‘enoue
1403 3427 1464 3484 No·

158 3537 787 3623 innomercbiaAlsted,parochiaLiungc,
841 3533 930 3612 rico),
959 3546 1031 3595 tune
1052 3533 1185 3618 ejusdem
1207 3533 1285 3596 sedis
1310 3529 1464 3614 pontiticc,

159 3644 243 3732 quod
261 3644 324 3726 jam
338 3645 570 3706 memoraturin
596 3645 679 3706 bulla
696 3647 785 3707 lnno·
840 3653 1003 3720 exstructo,
1020 3639 1209 3703 reconditum
1229 3639 1372 3701 scribens.
1417 3637 1463 3696 Ex

159 3751 254 3817 centii
269 3752 379 3841 Quarti
394 3773 473 3813 enno
487 3747 565 3814 1248
574 3753 678 3814 emissa
690 3751 786 3830 (Scri
841 3747 887 3808 his
902 3748 982 3808 euim
995 3749 1360 3832 sequer·etur,8renoncrn
1377 3743 1465 3804 Nori-

159 3874 244 3945 ptor.
256 3879 316 3920 rer.
330 3861 407 3920 Dan.
424 3855 484 3922 rol.
499 3859 540 3920 lV
553 3881 583 3943 p.
596 3849 668 3936 564,
685 3856 785 3918 Thor-

159 3967 221 4030 ltcl.
239 3966 376 4049 Diplom.
397 3965 567 4048 Arnaemag.
581 3968 613 4042 1,
637 3961 710 4043 103)
730 3963 786 4025 sub

160 4069 456 4153 nomine'lopslriiiae
474 4083 504 4133 et
527 4072 558 4133 in
583 4070 663 4132 libro
686 4069 787 4132 donat.

159 4183 326 4242 Honester.
345 4177 482 4238 Soremis
495 4177 551 4239 sub
571 4177 692 4240 notnine
706 4181 788 4258 Top-

158 4283 393 4368 siir')‚'l'opsbiiw
411 4296 468 4346 etc.
489 4285 615 4367 (script.
637 4301 695 4343 rer.
710 4285 789 4342 Dan.

160 4393 224 4456 rol.
234 4393 277 4456 tv
294 4413 325 4474 p.
335 4385 407 4468 483,
417 4381 489 4465 481,
503 4386 574 4466 505,
591 4383 662 4466 506,
682 4384 768 4464 507.)

208 4492 452 4578 Ἐτειὺιςνὶηιν]
473 4493 662 4580 Perpulchra
687 4513 790 4552 nerra·

159 4603 219 4680 tio,
238 4623 308 4686 quse
324 4621 381 4686 per
401 4621 432 4664 se
457 4601 546 4666 iidem
567 4598 646 4663 hand
662 4595 788 4660 excedit.

841 3873 908 3915 cum
921 3854 983 3936 jam
1001 3867 1071 3916 ente
1085 3852 1201 3913 obitum
1218 3853 1297 3934 regis
1317 3851 1464 3912 Svenonis

843 3957 1020 4042 episcopum
1057 3957 1182 4022 erasisse
1225 3953 1465 4030 Roslrildcasem,

841 4065 1014 4130 wilhelmo
1037 4065 1097 4148 jam
1122 4075 1252 4126 mortuo.
1304 4059 1363 4122 Sed
1379 4079 1465 4120 error

844 4171 980 4233 AEluotlri
1001 4172 1032 4232 in
1054 4191 1093 4232 eo
1113 4167 1361 4242 manifestasset,
1382 4163 1463 4249 quod

842 4297 945 4360 regem
960 4281 1130 4339 Svenonem
1146 4277 1178 4336 in
1193 4273 1329 4336 tabulato
1345 4272 1464 4356 lapideo

842 4382 938 4443 scrius
953 4381 1073 4443 demum
1094 4393 1246 4443 exstructo
1265 4401 1334 4441 mox
1360 4377 1464 4441 condi-

844 4500 911 4548 tum
935 4487 1028 4549 luisse
1059 4487 1247 4549 existimarit.
1312 4486 1393 4547 llinc
1414 4503 1466 4545 re-

843 4615 878 4654 ro
888 4593 967 4655 idem
977 4591 1064 4655 lacile
1078 4592 1186 4655 adduci
1195 4593 1306 4677 potuit,
1318 4603 1351 4652 ut
1366 4591 1464 4677 ipsum

160 4709 244 4772 Huic
266 4721 368 4771 autern
392 4719 542 4792 repugnat
569 4703 730 4770 AElnotlrus
755 4703 787 4762 in
842 4701 1012 4761 Sren‘nncm
1023 4701 1370 4785 Noricumadcxsequias
1385 4699 1464 4780 regis

160 4815 336 4878 historias·
358 4815 467 4876 Canuti
488 4811 613 4896 (Script.
630 4831 688 4874 rer.
710 4813 787 4872 Dan.
842 4808 1019 4893 episcopum
1034 4809 1239 4871 constitueret.
1274 4803 1464 4868 Contradicit

162 4921 227 4988 vol.
242 4923 279 4984 lll
294 4943 324 5006 p.
343 4915 432 5000 338),
452 4939 555 5004 regern
569 4923 739 4983 Sicuonem
755 4915 786 4976 in
842 4911 1049 5010 etiamSexoni
1063 4919 1236 4996 Anonymus
1251 4910 1464 4986 lioslrildensis,
