3508 5460
378 311 452 387 782
703 311 881 384 HISTOR.
895 309 1001 384 DAN.
1015 311 1250 388 LIBElleV.

325 525 436 623 hujus
459 528 710 598 controversiae
730 521 896 596 finiendus
909 521 1020 624 gratio
1047 519 1093 594 sd
1117 520 1339 620 colloquium
1356 543 1377 594 u
1395 543 1436 596 se
1455 521 1635 608 invitatos,

325 646 485 736 dicebat,
509 671 631 718 eorum
657 649 839 720 seutentiae
863 669 1066 745 repugnare
1083 643 1183 718 nefas
1207 643 1370 718 dunum
1431 647 1534 737 Quos
1550 641 1635 714 ideo

325 795 399 842 non
414 767 558 859 adesse,
584 766 686 865 quod
701 772 737 838 in
753 769 904 840 Romani
916 770 1139 868 imperatoris
1155 767 1321 865 injuriam
1336 769 1462 839 llomee
1479 764 1635 864 pontili-

324 917 404 964 cem
421 913 540 964 creure
554 890 711 987 cupiunt,
736 889 861 965 ulienae
874 893 1023 966 civitatis
1037 892 1097 990 jus
1110 891 1183 964 suis
1198 889 1374 990 suffragiis
1389 889 1637 963 administrare

323 1019 525 1087 conantes2.
587 1019 671 1088 Post
691 1013 770 1089 haeo
794 1016 1034 1116 Regnuldus³,
1060 997 1217 1089 Colonioe
1247 1014 1350 1088 urbis
1366 1015 1519 1100 antistes,
1543 1007 1635 1082 reli·

324 1289 427 1370 quitus
447 1307 510 1348 non
534 1286 703 1350 nisicausus
722 1289 869 1371 majorca,
901 1288 947 1349 in·
1008 1287 1221 1373 ciae,Angliae,
1239 1287 1408 1367 Hispania,
1426 1283 1633 1371 quippequo·

324 1394 429 1478 primis
446 1415 514 1478 quse
528 1391 567 1454 ad
583 1391 673 1456 fldem
691 1396 881 1479 spectabant,
891 1415 948 1480 per
1006 1415 1076 1457 rum
1099 1414 1195 1479 regna
1216 1395 1291 1458 olim
1316 1391 1444 1456 fuissent
1462 1386 1633 1475 provincius

323 1497 449 1562 modum
463 1501 694 1564 consultationis
708 1502 746 1564 ad
767 1501 869 1566 sedern
885 1506 949 1564 Ro·
1005 1501 1089 1564 urbis
1109 1503 1250 1564 Romani.
1315 1499 1506 1582 iincipitur
1527 1493 1633 1568 verb&

322 1602 949 1692 munemreferebantur.Posteaoreritap-
1004 1603 1158 1686 superbia
1186 1606 1333 1670 Caesaueae
1360 1603 1551 1679 testimonia,
1595 1619 1632 1664 cx

321 1710 520 1796 pollutionum
534 1731 684 1776 numerus.
716 1713 857 1800 Denique
871 1714 947 1776 Gre-
1003 1709 1138 1794 ipsoore
1159 1710 1354 1796 imperatoris
1369 1710 1507 1774 desumto
1526 1705 1632 1771 riden-

322 1816 746 1904 goriusseptimuspraecepit,
758 1832 947 1882 utnemoan-
1003 1823 1061 1876 tur.
1103 1811 1280 1900 (Sequentia
1302 1831 1416 1894 tamen,
1435 1815 1575 1902 inprimis
1595 1813 1631 1874 il·

322 1921 409 1984 deret
430 1922 631 1986 condemnere
650 1947 734 2005 cum,
751 1927 803 2010 qui
824 1937 947 2010 aposto·
1004 1919 1049 1980 la:
1073 1922 1156 2007 Quos
1172 1925 1237 1985 ideo
1253 1949 1311 1985 non
1328 1927 1429 1987 adesse
1447 1957 1488 1968 -
1505 1923 1631 1986 adtnt'm'·

326 2029 415 2092 licem
425 2028 527 2092 sedem
537 2033 716 2116 appellaret.
737 2035 807 2096 Hoc
824 2029 946 2115 quidem
1002 2043 1100 2089 strare
1128 2048 1283 2116 conantes,
1316 2026 1450 2114 probare
1476 2026 1630 2104 sidentur,

320 2133 463 2220 deinceps
476 2135 508 2198 in
525 2136 575 2218 jus
591 2157 751 2201 commune
766 2157 888 2199 versum
897 2147 944 2198 est
998 2139 1232 2220 prostitutarum,
1247 2156 1325 2221 qnos
1349 2151 1437 2200 vocat
1449 2137 1630 2221 imperator,

321 2238 446 2305 decreto
461 2243 609 2322 Gratiani,
624 2244 678 2308 aed
691 2257 830 2330 ternpore
843 2243 946 2308 couci·
1003 2262 1086 2322 reges
1099 2257 1197 2326 nequa
1214 2243 1387 2306 Germanis
1408 2243 1501 2306 luisse
1515 2241 1629 2326 prisci·

320 2347 355 2410 lii
376 2349 474 2412 nostri
492 2351 638 2414 autoritas
653 2351 790 2414 Gratiani
808 2348 945 2412 nondum
1000 2364 1066 2429 pes,
1080 2364 1178 2430 neque
1189 2369 1288 2434 reges,
1304 2349 1444 2435 aquibus
1458 2348 1518 2412 sibi
1530 2347 1629 2412 horni-

319 2451 420 2517 luerat
437 2455 582 2518 stabilita.
621 2457 764 2520 Everbis
778 2469 879 2520 autem
889 2458 944 2520 Sa·
1000 2454 1084 2516 nium
1104 2453 1209 2520 deleri
1226 2456 1440 2535 contenderet,
1459 2455 1513 2520 sed
1533 2459 1628 2520 Frau-

318 2558 405 2622 xonis
428 2560 508 2622 haud
527 2564 722 2649 perspicuum
747 2577 820 2643 est,
848 2585 944 2647 quan·
1000 2579 1107 2624 corum
1129 2563 1231 2642 rnodo,
1249 2564 1420 2647 Anglorom
1444 2576 1629 2626 ceterarum-

318 2677 385 2727 tum
398 2663 508 2732 Victor
531 2668 579 2730 his
605 2670 855 2754 promissionibus
877 2668 943 2752 epi·
999 2689 1059 2751 que
1075 2669 1212 2752 gentium
1235 2670 1367 2753 spectari
1395 2689 1483 2753 reges
1511 2669 1552 2730 ab
1572 2667 1627 2727 irn-

317 2772 418 2856 soopis
437 2772 573 2835 tribuere
589 2777 729 2839 soluerit.
780 2781 858 2838 llaec
880 2771 945 2836 ior·
999 2775 1087 2858 porio
1099 2779 1240 2838 Romano
1252 2775 1378 2854 alienos,
1393 2773 1559 2838 Alexandri
1569 2784 1627 2834 ter·

317 2887 397 2938 tasse
411 2877 555 2961 eratejus
567 2881 767 2960 mens,modo
789 2880 823 2942 in
845 2880 942 2942 causis
1000 2880 1036 2942 tii
1055 2893 1231 2960 sectatores,
1251 2879 1321 2964 qni,
1341 2884 1452 2964 vocati,
1471 2881 1505 2942 in
1526 2879 1627 2943 couci·
1730 2960 1731 2977 ἵ

191 3058 201 3075 Ι
317 2982 502 3064 majoribus,
529 2983 695 3070 dequibus
719 3009 756 3052 ex
777 2985 945 3073 jure'anti-
1001 2987 1043 3048 lio
1057 3009 1120 3049 non
1132 2987 1279 3050 adessent
1295 2991 1349 3064 V.)

317 3088 534 3174 quoepiscopi
553 3091 849 3178 haudpronuntiare
870 3113 943 3176 pos·
1046 3097 1141 3157 ²Sur‘s
1164 3097 1321 3180 suffragiis
1343 3097 1554 3158 administrare
1574 3073 1628 3152 ὀο-
1729 3169 1730 3192 ἢ

316 3204 396 3270 sent,
417 3193 456 3255 ad
474 3193 578 3258 sedem
596 3200 765 3262 Romanam
784 3217 848 3262 esso
866 3219 941 3282 pro·
999 3197 1116 3280 nantes]
1142 3203 1227 3262 Mens
1245 3199 1439 3283 imperatoris
1459 3200 1528 3264 haec
1546 3209 1628 3261 mate

316 3298 504 3379 rorandum
527 3303 629 3388 itaque
643 3304 862 3390 appellationes
880 3325 943 3366 uon
997 3304 1056 3366 sibi
1080 3303 1202 3389 quidem
1232 3304 1302 3384 soli,
1323 3318 1434 3391 utpote
1447 3300 1627 3390 imperatori

314 3426 375 3490 pro
408 3406 535 3472 arbitrio
565 3409 765 3493 litigantium,
798 3407 852 3472 sed
880 3429 939 3493 pro
996 3413 1147 3489 Romano,
1170 3423 1344 3495 competere
1365 3411 1413 3493 jus
1440 3406 1630 3495 dijudicandi
1728 3407 1729 3412 ’

315 3510 492 3577 conditione
516 3534 673 3578 causarum
700 3537 764 3579 esse
790 3515 939 3600 recipien-
997 3518 1221 3581 controversias
1246 3515 1285 3579 de
1300 3517 1451 3580 electione
1469 3513 1626 3603 penufius

315 3615 377 3682 dra.
432 3622 579 3706 Respexit
607 3619 738 3684 sortasse
765 3621 873 3690 Victor
902 3620 941 3684 sd
998 3622 1130 3685 Romani
1143 3635 1244 3702 ortas3
1258 3625 1471 3690 seautemhoc
1484 3636 1628 3708 tempere

315 3725 511 3790 autoritatem
532 3729 731 3793 conciliorum
748 3727 942 3812 provinciali·
998 3727 1113 3814 aliquid
1128 3729 1165 3792 de
1190 3729 1258 3812 jure
1273 3751 1329 3796 suo
1349 3729 1457 3795 cedere
1478 3730 1569 3808 selle,
1583 3740 1628 3804 et,

312 3853 375 3910 om,
394 3833 606 3921 promisitque,
621 3854 655 3898 se
668 3834 888 3920 appellationes
901 3831 940 3894 de
998 3845 1034 3896 ut
1058 3836 1277 3898 controversias
1307 3835 1425 3901 facilius
1453 3835 1628 3912 {iuuentam

312 3938 420 4017 rebus,
447 3939 480 4002 in
503 3942 612 4027 quibus
629 3939 850 4005 constituendis
873 3939 937 4023 epi·
998 3939 1037 4004 sd
1055 3941 1220 4005 sententias
1241 3941 1370 4006 aliorum
1389 3943 1566 4030 principum
1588 3940 1628 4004 de

311 4046 398 4128 scopi
411 4051 589 4134 congregati
605 4048 837 4125 consensissent,
858 4042 940 4107 haud
997 4047 1055 4110 hac
1070 4066 1158 4112 causa
1169 4048 1338 4112 attendere.
1385 4054 1464 4114 Hcc
1484 4049 1564 4114 bene
1578 4067 1629 4110 re·

312 4147 522 4218 admissurum.
996 4151 1153 4236 spondent
1178 4156 1331 4236 orationi,
1361 4179 1420 4245 qua
1450 4153 1629 4220 Fridericus

359 4261 602 4324 'Proornrr'arum
622 4253 939 4343 reges]Eosdem,qui
994 4258 1157 4324 concilium
1191 4261 1342 4346 Pupiense
1376 4261 1548 4347 suspicatos
1580 4271 1629 4322 est

312 4360 455 4448 deinceps
489 4387 576 4452 reges
601 4364 806 4452 provinciales
832 4360 938 4424 dicun·
992 4363 1312 4444 (RadeviciClnronic.
1332 4363 1629 4453 tib..t1eap.6e,in

311 4477 372 4529 tur.
425 4471 516 4539 Haud
543 4472 635 4536 dubie
664 4471 815 4536 intellexit
842 4469 939 4555 impe·
992 4476 1140 4536 Moratur.
1158 4475 1263 4559 script
1279 4495 1340 4538 rer.
1361 4476 1429 4540 ltal.
1452 4475 1515 4538 rol.
1529 4475 1574 4537 vt
1596 4493 1627 4554 p.

310 4584 397 4636 rator
409 4597 472 4638 non
485 4577 578 4641 modo
590 4580 744 4664 principes
753 4573 935 4652 Germania,
989 4575 1079 4659 838),

309 4677 474 4746 sedetiam
501 4701 588 4766 reges
616 4684 740 4761 Druias,
767 4683 935 4760 Bobenia,
1036 4684 1244 4771 ’Regnnldud
1265 4687 1442 4772 Regnaldns
1462 4685 1530 4762 hic,
1551 4701 1629 4746 css·

307 4785 935 4874 Uagariaemquibussibihomininmdebe·
989 4791 1130 4854 cellarius
1142 4791 1310 4873 Friderici,
1333 4793 1472 4860 omnium
1500 4788 1630 4855 consili·

308 4891 565 4978 ricontendebat,
579 4893 934 4982 quiusdeoregesFran·
989 4919 1079 4964 orum
1098 4898 1164 4984 ojus
1187 4897 1363 4986 particeps,
1389 4911 1423 4966 et
1443 4896 1628 4984 perplures
