3536 5462
382 323 457 404 titt
698 323 877 398 HISTOR.
894 325 998 396 DAN.
1013 325 1152 398 LIBER
1172 325 1262 398 xlv.

335 543 538 643 pertinaciae
555 533 774 635 quandoque
802 535 1158 630 damnassensurum.
1221 539 1342 610 Aureo
1361 531 1493 610 deinde
1514 535 1652 634 poculo

335 685 476 766 regem,
502 657 797 757 Absalonemque
826 656 931 730 simili
959 676 1167 733 muneratus
1187 671 1251 733 est.
1282 659 1457 731 Praeterea
1473 661 1653 730 neminem

337 815 380 862 ex
394 785 516 860 amicis
532 779 738 853 indonatum
756 777 910 878 reliquit,
928 778 1025 879 apud
1043 781 1195 878 patriam
1212 778 1281 854 sibi
1297 779 1470 878 praeclara
1488 779 1653 853 liberali-

336 911 415 983 tatis
433 921 663 980 monumenta
681 927 801 975 creare
819 906 979 1002 cupiens.
1030 905 1132 977 Varia
1155 927 1303 1003 quoque
1320 901 1568 977 membrorum
1583 901 1654 976 de-

338 1032 468 1105 bilitate
500 1031 729 1127 perstrictus,
767 1024 814 1096 ad
845 1044 1069 1123 postremum
1095 1033 1198 1099 etiam
1240 1030 1340 1124 igne,
1368 1051 1478 1125 quem
1509 1051 1653 1100 sacrum

338 1170 478 1244 vocant,
496 1149 653 1249 quadam
676 1155 836 1247 corporis
850 1167 952 1246 parte
971 1175 1175 1248 respersus,
1195 1147 1603 1225 abscederematuravit
1623 1155 1652 1242 ¹,

336 1275 488 1380 perinde
513 1299 555 1346 ac
589 1269 755 1343 divinitus
776 1273 892 1370 injecti
929 1271 996 1344 sibi
1025 1271 1195 1370 supplicii
1226 1273 1461 1345 cruciamenta
1500 1279 1653 1347 sortitus.

338 1407 585 1498 Quemquam
610 1392 771 1466 Absalon
786 1395 909 1466 Scania
943 1393 1172 1468 excedentem
1200 1394 1334 1468 castelli
1371 1399 1465 1470 sui²
1498 1392 1655 1492 hospitio

340 1527 550 1622 excepisset,
566 1537 679 1615 seque
709 1531 804 1589 tanto
827 1516 965 1614 pedum
987 1517 1120 1617 frigore
1143 1518 1273 1608 teneri,
1301 1534 1341 1591 ut
1362 1533 1474 1591 namu
1500 1521 1655 1616 quietem

215 1723 219 1734 ,
341 1668 471 1745 capere
495 1661 569 1714 non
592 1655 731 1738 posset,
763 1655 1042 1737 conquerentem
1072 1639 1228 1731 audiret,
1263 1637 1421 1712 calidum
1442 1637 1654 1712 laterculum

339 1766 463 1843 cistula
490 1764 625 1837 crebris
649 1760 885 1836 foraminibus
909 1761 1072 1835 distincta
1102 1760 1279 1835 inclusum
1310 1761 1439 1859 plantis
1468 1759 1654 1861 applicuit,

339 1915 460 1991 eoque
483 1885 631 1960 lbmenti
655 1907 785 1984 genere
806 1883 1015 1983 praefrigido
1039 1886 1116 1957 seui
1131 1889 1324 1983 patientem
1346 1887 1475 1982 quietis
1498 1883 1651 1957 calorem

339 2015 499 2090 restituit.
549 2010 666 2108 Cujus
682 2005 924 2078 medicamenti
946 2005 1161 2079 beneficium
1179 2004 1249 2078 hoc
1265 2007 1405 2080 Eslrillo
1426 2009 1562 2108 gratius
1580 2007 1653 2096 init,

340 2137 442 2239 quod
459 2135 507 2208 ab
532 2131 673 2206 artificis
701 2133 863 2218 caritate,
893 2151 968 2201 non
990 2130 1134 2202 scientia
1162 2143 1224 2201 aut
1245 2129 1468 2228 professione
1490 2131 1653 2204 manarit

343 2267 411 2356 Qui
437 2283 553 2358 quum
583 2251 773 2328 Absalonis
803 2254 945 2351 navigio
982 2255 1224 2349 comitatuque
1261 2252 1455 2327 Slesvicum
1496 2253 1653 2353 perlatus

341 2387 478 2474 luisset,
500 2378 679 2480 scyphum
695 2391 901 2474 argenteum
923 2376 971 2448 ab
988 2372 1118 2450 eodem
1143 2373 1210 2450 sibi
1226 2399 1296 2473 pro
1321 2401 1468 2450 munere
1492 2375 1653 2478 oblatum

340 2509 523 2604 suscipere
545 2502 735 2589 recusavit,
755 2497 940 2597 praelatus,
958 2521 997 2572 se
1013 2497 1184 2598 deinceps
1203 2497 1343 2572 nullum
1370 2502 1560 2600 insignium
1582 2525 1650 2575 va-

342 2651 467 2708 sorum
483 2651 589 2700 usum
606 2624 827 2697 habiturum.
878 2617 976 2692 Idem
995 2647 1109 2720 quum
1125 2646 1249 2721 regem
1264 2620 1470 2696 Slesvicensi
1493 2625 1529 2694 in
1545 2637 1653 2720 ponte

338 2752 492 2828 'obvium
524 2749 757 2834 convenisset,
779 2747 827 2817 ita
851 2746 1015 2840 corporis
1032 2742 1211 2817 debilitate
1229 2741 1368 2820 solutus
1383 2759 1452 2838 est,
1479 2761 1515 2818 ut
1530 2770 1551 2818 a
1566 2744 1650 2845 ple-

340 2883 463 2976 risque
494 2875 664 2946 exanimis
687 2881 882 2965 putaretur.
940 2869 1130 2942 Recreatus
1155 2865 1318 2957 taudem,
1347 2867 1554 2966 fretumque
1579 2883 1653 2940 rate

340 3018 593 3097 transgressus,
617 3017 659 3064 ac
685 3005 876 3089 praesentes
904 2987 1093 3091 benignius
1123 2986 1367 3082 exosculatus,
1399 2995 1489 3062 inter
1512 2988 1653 3062 flebiles

343 3127 541 3195 amicorum
569 3137 676 3190 voces
702 3110 954 3210 plorabundus
991 3127 1026 3184 et
1051 3115 1130 3209 ipse
1150 3109 1327 3184 curriculo
1348 3136 1414 3210 per
1437 3109 1652 3186 Absalouem
1741 3127 1742 3138 ¹

340 3256 548 3347 procurato,
565 3261 678 3338 quum
697 3257 847 3332 prorsus
863 3231 1044 3332 equitandi
1060 3233 1246 3332 impatiens
1271 3233 1381 3327 foret,
1407 3260 1483 3333 quo
1509 3235 1653 3310 mollius

342 3366 554 3453 veheretur,
577 3359 782 3457 imponitur.
840 3357 956 3454 Cujus
971 3355 1085 3429 flentis
1104 3354 1302 3430 discessum
1325 3359 1523 3432 amicorum
1534 3357 1655 3454 turba,

341 3497 462 3591 ipsum
480 3484 629 3558 ulterius
649 3505 725 3552 non
741 3483 881 3570 visura,
914 3477 1064 3576 perinde
1088 3503 1131 3551 ac
1145 3477 1253 3552 funus
1274 3477 1445 3578 lacrymis
1467 3497 1656 3579 prosecuta

341 3627 405 3688 est.
448 3613 534 3682 Post
555 3603 634 3677 haec
654 3603 748 3702 regis
767 3599 874 3700 legati
896 3624 979 3704 cum
998 3601 1263 3692 Lundensibus,
1286 3601 1441 3700 cogendi
1465 3601 1655 3678 Absalouis
1739 3705 1740 3708 Ἴ

341 3727 473 3835 gratia,
496 3733 650 3802 Romam
677 3729 872 3797 mittuntur.
944 3725 1015 3815 Qui
1036 3725 1194 3822 primum
1220 3724 1463 3802 Clarevallum
1488 3725 1655 3826 proiecti,

340 3859 472 3957 reperti
487 3846 697 3924 illicEslrilli
721 3846 927 3946 epistolam,
951 3849 1057 3945 cujus
1075 3871 1117 3920 ea
1132 3863 1341 3947 tempestate
1364 3875 1439 3924 nou
1465 3846 1655 3922 mediocris

341 3977 443 4079 apud
458 3955 592 4050 curiam
606 3973 710 4045 lavor
734 3972 894 4071 rigebat,
922 3971 960 4042 in
983 3965 1231 4067 adjumentum
1250 3995 1327 4045 suae
1353 3975 1532 4070 petitionis
1549 3973 1654 4044 actri-

339 4106 453 4202 piant.
473 4179 478 4186 ,
501 4099 577 4170 Nec
600 4098 719 4166 minus
735 4092 895 4166 Absalon
920 4117 962 4165 ac
982 4091 1235 4166 Roskildeuses
1254 4092 1495 4194 legationibus
1517 4099 1656 4168 curiam

341 4223 509 4323 fatigant,
540 4217 721 4304 electioni,
751 4239 861 4312 quam
880 4213 1088 4290 Lundenses
1110 4191 1360 4292 confirmatum
1387 4215 1610 4318 peragebant
1625 4217 1656 4306 ³,

341 4342 457 4445 plenis
479 4339 739 4416 reclamationis
754 4344 931 4414 sententiis
949 4338 1157 4413 obnitentes.

390 4659 399 4691 ¹
425 4657 583 4719 Abscedere
598 4653 772 4733 auctoravit]
801 4659 892 4718 Teste
916 4676 968 4718 ttu-
1025 4653 1065 4736 (a.
1084 4651 1178 4740 1178)
1193 4658 1326 4723 Daniam
1340 4655 1473 4744 reliquit.

342 4780 415 4827 oot'fl
434 4761 503 4824 hist.
519 4761 618 4843 ltnytl.
645 4765 665 4824 l.
688 4781 715 4824 c.
738 4759 870 4824 Eslittm
890 4773 968 4824 tem·
1075 4767 1087 4798 ²
1111 4765 1237 4828 Castalii
1253 4763 1315 4848 sut]
1336 4763 1519 4829 Halaiensis.

342 4886 419 4956 poro
440 4864 547 4952 jejunii
561 4867 695 4932 solennis
719 4867 857 4932 nondum
879 4867 966 4932 linito
1067 4873 1079 4909 ³
1103 4869 1304 4956 Peragebant]
1316 4869 1365 4952 (L.
1376 4871 1544 4962 pergebant.
1575 4861 1661 4942 sto).
