3536 5462
618 299 987 376 WALDEMARUSI.
1334 303 1409 378 857

144 515 200 585 nis
222 509 383 582 Zniuae¹
420 511 667 584 Pomernniam
691 514 885 611 ingressus,
911 511 1022 586 Julini
1046 511 1185 611 oppidi,
1210 515 1292 610 ipso
1316 519 1458 600 intacto,

142 630 298 744 confinia
315 633 522 733 populatur.
554 631 697 708 Deinde
722 633 770 708 ud
793 633 949 710 fluvium
973 633 1095 708 Julino
1114 635 1338 737 Caminoque
1365 639 1457 735 jun-

142 769 258 847 ctum,
274 755 490 830 uniformem
503 757 700 854 principiis,
727 760 825 832 ostiis
840 759 1047 857 bipertitum
1061 761 1093 850 ²,
1118 761 1217 858 regio
1233 757 1347 836 classe
1363 783 1459 856 pro-

142 875 312 978 greditur.
363 880 478 978 Cujus
495 879 759 977 navigationem
778 879 907 954 crebra
922 883 1074 980 saepium
1091 879 1278 958 obstupuit
1294 906 1315 954 a
1333 883 1458 981 pisca-

141 1001 282 1078 toribus
295 997 412 1076 defixo
426 998 607 1076 difficilem
624 1001 824 1076 faciebant:
838 1005 934 1079 Pons
945 1029 1095 1105 quoque
1112 1005 1333 1105 prolongus,
1349 1005 1370 1076 J
1373 1001 1458 1078 ulini

141 1122 319 1200 munibus
332 1125 534 1224 contiguus,
558 1121 676 1198 medin
694 1127 807 1200 omnis
821 1127 1046 1204 intercisione
1061 1117 1329 1204 transitionem³
1349 1149 1459 1202 conr-

141 1247 271 1338 cubat,
294 1251 381 1320 citra
407 1271 536 1345 quem,
567 1244 828 1346 impedimentis
855 1251 1089 1352 urgentibus,
1123 1265 1371 1351 pernoctatum
1396 1264 1457 1324 est.
1572 1261 1579 1276 '

143 1375 250 1446 Mane
272 1395 335 1444 rex
357 1365 599 1445 continentem
624 1393 830 1470 aggressus,
854 1399 898 1448 ex
919 1373 1076 1450 adverso
1096 1373 1201 1448 urbis
1221 1373 1258 1445 in
1280 1371 1360 1472 ripa
1384 1395 1457 1445 uu·

143 1743 209 1808 rico
244 1739 355 1806 iactent
388 1751 611 1826 persecuturus.
667 1741 772 1824 ltaque
833 1745 969 1829 legamus
990 1763 1119 1822 nomen,
1151 1738 1314 1808 manifesto
1343 1739 1458 1832 iibrtrii

142 1849 279 1914 miratio
320 1866 396 1912 voce
436 1853 546 1912 interea
584 1845 624 1908 sd
654 1845 773 1908 initium
832 1851 880 1912 rei
902 1851 1086 1938 typographi
1105 1851 1203 1915 errori
1224 1849 1364 1914 debetur.

143 1955 235 2040 hujus
258 1953 353 2032 beili,
386 1952 472 2030 brevi
497 1963 570 2036 peti
593 1953 702 2036 tingite
723 1973 792 2050 ex·.
879 1961 1067 2023 ²Fluvt'stm·
1084 1956 1325 2044 ···bipcrtiturn]
1348 1951 1459 2021 Orien-

143 2063 362 2152 pugnationem
384 2057 571 2144 ponendum,
588 2055 710 2141 regredi
731 2055 775 2120 ti·
833 2063 902 2126 tuiis
932 2062 1111 2128 describitur
1138 2063 1245 2130 Viadri
1269 2063 1383 2148 exitus,
1409 2057 1458 2120 cui

144 2169 243 2234 detur.
284 2164 461 2250 Expeditio,
481 2161 520 2228 de
535 2185 594 2248 qur
608 2162 772 2228 bicsermo
832 2169 922 2234 bodie
944 2171 1096 2234 Discenen
1113 2167 1375 2256 nomeu,primnm
1396 2183 1457 2225 uno

144 2277 216 2354 erit,
236 2271 374 2337 autumni
390 2284 531 2358 tempore
550 2267 633 2334 iacta
652 2277 708 2332 est·
739 2268 772 2332 Si
830 2277 917 2339 sirco
938 2275 1046 2353 fluam,
1065 2273 1174 2340 deinde
1191 2280 1316 2338 Grr'srow
1329 2271 1457 2332 insulam

141 2381 243 2466 Regis
267 2381 363 2465 igitur
392 2395 496 2442 mense
520 2375 609 2440 Ῑῦῠῖθ
634 2399 661 2439 ³·
691 2371 772 2440 1¹69
831 2383 949 2448 duobus
977 2381 1110 2446 brachiis
1140 2381 1292 2456 ambiens,
1326 2397 1456 2462 quorum

142 2499 317 2573 expugnata
335 2496 401 2564 est,
432 2483 507 2548 nihii
536 2482 568 2544 in
596 2481 772 2544 narratione
830 2509 924 2574 ,quas
944 2491 1027 2552 laem
1043 2487 1176 2573 quidam,
1197 2483 1290 2548 hodie
1307 2486 1458 2548 dchum-

142 2591 272 2658 sumi!
299 2591 419 2668 ⁰b⁸i⁸ts
461 2609 524 2674 ‘1¹¹⁰
554 2587 653 2652 mim
687 2587 772 2650 mem
831 2598 956 2660 ntt'nsclse
969 2597 1091 2658 Boddeu
1105 2593 1287 2678 appellatus,
1306 2577 1457 2674 extn'piens

143 2713 293 2764 autumno
331 2695 469 2780 ejusdem
501 2695 573 2758 anui
602 2707 772 2780 susceptam
833 2703 908 2766 nuri
937 2723 997 2764 uno
1023 2703 1102 2766 ostio
1129 2697 1235 2764 offert.
1276 2701 1404 2762 Initirnm
1427 2707 1458 2758 ct

142 2819 295 2892 putemus.
325 2801 418 2894 Quod
433 2821 559 2886 prorsus
571 2803 772 2866 necessarium
832 2807 1002 2886 Comitum,
1022 2803 1136 2892 oppida
1155 2807 1189 2868 iu
1208 2807 1274 2890 ripa
1293 2801 1384 2884 hujus
1400 2799 1458 2864 ssu-
1533 2867 1544 2888 ⁶

142 2925 208 2990 est,
235 2911 262 2975 ti
281 2910 421 2972 omnibus
442 2908 501 2971 iliis
518 2907 770 2992 expeditionibus,
832 2914 874 2976 rii
902 2915 978 2992 sita,
1005 2913 1096 2978 hodie
1119 2915 1236 2976 Woliin
1268 2923 1299 2974 et
1326 2911 1459 2973 Ccnrmin

142 3039 218 3105 quas
245 3018 278 3080 iu
304 3015 365 3080 boc
383 3009 579 3080 bellc'iactss
598 3013 663 3078 vult
682 3016 772 3091 Saxo,
832 3032 989 3084 vocentur.
1040 3025 1073 3084 ln
1120 3019 1246 3082 historio
1278 3016 1458 3100 Iinytiingo·

142 3139 267 3212 tempus
292 3119 510 3210 suppeditabit.
553 3119 672 3183 Auctor
698 3123 771 3184 'vero
830 3149 899 3188 rum
919 3139 1028 3188 auctor
1045 3146 1151 3193 eorum
1167 3123 1237 3188 loco
1256 3123 1412 3205 Jomsborg
1429 3133 1460 3182 et

142 3232 214 3296 bist.
234 3229 336 3313 Rnytl.
362 3248 420 3313 cep
442 3220 505 3290 194
531 3223 653 3290 dimid!
672 3225 773 3290 verbis
832 3235 987 3317 Stet'nborg
1013 3231 1170 3311 nominet,
1200 3253 1270 3316 quae
1296 3232 1328 3292 itt
1355 3227 1456 3290 Sistit

142 3349 289 3413 testatur,
309 3330 634 3420 taucexpcdiriousm
656 3343 773 3396 eutem·
833 3339 976 3404 orientali
996 3339 1055 3403 sita
1077 3336 1161 3402 dicit.
1203 3339 1310 3402 Printo
1335 3337 1457 3398 nomine

139 3467 187 3513 no
216 3441 354 3530 ejudem
379 3440 451 3504 anui
473 3437 585 3502 iseum
605 3459 680 3520 esse,
710 3459 772 3525 quo
830 3445 911 3508 baud
949 3443 1041 3508 dubie
1064 3443 1202 3508 inlinunt
1236 3443 1388 3506 indicante
1414 3440 1458 3518 (r.

141 3571 259 3636 corpus
292 3547 341 3614 sti
368 3547 478 3612 Canuti
506 3543 689 3608 translatum
716 3545 773 3623 sit;
831 3572 923 3636 supra
945 3571 1015 3635 pag.
1032 3541 1096 3614 480
1115 3561 1146 3612 et
1168 3561 1272 3612 notam
1287 3547 1457 3614 uberiorem

140 3660 249 3742 tuqus
279 3651 319 3718 ed
350 3673 463 3716 annum
501 3648 582 3716 1170
611 3648 772 3714 referende
831 3677 869 3722 eo
889 3653 1125 3740 pertinentem),
1146 3658 1304 3720 Geminum
1325 3651 1458 3718 secundo

140 3776 202 3830 est.
242 3763 320 3826 lime
346 3761 442 3844 igitur
471 3777 506 3821 ea
530 3757 597 3842 ipsa
616 3768 663 3822 est
683 3777 773 3843 expe·
830 3763 997 3847 significari
1034 3762 1155 3826 ridetur
1184 3761 1284 3846 (quod
1319 3757 1459 3831 ltombsr,

140 3869 237 3947 ditio,
258 3888 349 3953 quam
362 3863 683 3950 speculatoresomu
700 3885 773 3950 pro-
831 3869 912 3932 Bait.
932 3867 1019 3932 Stud.
1038 3871 1062 3946 i,
1080 3865 1133 3944 65,
1150 3863 1258 3930 statuit
1279 3885 1343 3928 esse
1365 3864 1460 3929 inter·

137 3975 265 4056 vinum
280 3994 373 4060 quum
386 3969 571 4046 abEsberuo
585 3989 603 4034 e
619 3973 771 4056 Norregiu
831 3974 1034 4060 pretationem
1057 3973 1189 4038 nominis
1208 3970 1343 4048 Siarici).

136 4079 292 4150 redeunte
309 4079 582 4161 interrogarentur,
596 4075 683 4141 brevi
704 4091 774 4142 unte
879 4077 1142 4158 ³Transitr'oncm]
1191 4081 1256 4144 Pro
1297 4077 1460 4150 transitive,

134 4199 318 4276 msceptam
343 4181 504 4259 dixerunt,
531 4193 563 4248 et
592 4183 773 4250 vocabulum
832 4181 933 4272 quod,
962 4187 1020 4252 etsi
1052 4189 1169 4250 nulium
1196 4175 1318 4250 sensum
1339 4181 1408 4257 dot,
1427 4181 1459 4242 in

136 4305 260 4362 autema
283 4292 326 4358 its
348 4288 388 4355 ad
405 4289 546 4376 proxime
566 4291 774 4357 antecedentia
832 4291 881 4356 ed.
897 4315 944 4377 pr·
966 4306 998 4356 et
1013 4294 1098 4378 apud
1113 4293 1315 4378 Stephanium
1337 4286 1460 4372 legitur,

18 4427 20 4444 ¹
100 4448 103 4454 ·
135 4395 342 4468 setensium
365 4407 420 4462 est.
832 4397 1027 4466 scribendum
1059 4398 1181 4464 ridetur
1217 4410 1269 4460 aut
1302 4401 1459 4460 trartsitunr

193 4511 325 4572 ‘Aornis
350 4505 467 4586 Zwtiace]
493 4502 610 4568 Medius
630 4499 774 4590 intelligi·
832 4516 886 4570 sut
918 4509 1130 4568 trorur'tiouenr.
1179 4505 1268 4568 Hunc
1299 4504 1460 4570 lectionem

133 4627 197 4677 tur
216 4609 325 4678 V'ttdri
346 4610 480 4676 fluminis
501 4608 609 4690 exitus,
628 4609 702 4674 item
717 4609 774 4674 ho·
832 4607 1057 4693 proferendum
1080 4609 1169 4686 duxi,
1191 4608 1275 4694 quod
1299 4630 1335 4672 ex
1355 4629 1400 4686 ea,
1418 4608 1462 4669 sic

132 4719 195 4786 die
214 4719 323 4784 ὗιυιὶιιι
342 4729 476 4782 vocotus
517 4717 625 4782 Lectio
649 4715 774 4794 Zywinc
832 4713 1006 4780 abbreviata
1020 4721 1185 4795 trauntur,
1203 4715 1341 4780 faciliore
1356 4733 1463 4780 errore

130 4829 174 4892 in
194 4823 268 4890 edit.
285 4845 345 4910 pn,
365 4837 461 4906 quum
480 4815 547 4881 aliis
568 4817 642 4886 iocis
658 4819 773 4904 justum
832 4826 986 4888 transitive
1006 4824 1081 4888 oriri
1099 4822 1209 4908 potuit.
