3508 5460
356 350 431 428 742
671 353 847 425 HISTOR.
863 353 967 424 DAN.
982 351 1120 423 LIBER
1136 351 1228 423 xtv.

301 589 425 664 opacae
441 547 635 638 altitudinis
655 562 772 638 undas
790 561 948 636 includit.
1003 559 1075 634 Sed
1089 565 1262 660 quoniam
1276 559 1374 635 hunc
1388 557 1511 634 locum
1528 585 1630 634 cun-

300 693 348 762 cti
365 690 551 759 Danorum
567 711 682 786 regeS,
696 688 875 760 vanissimi
890 685 1020 759 erroris
1037 681 1271 757 deliramento
1285 699 1507 784 suspectum,
1530 705 1628 780 per-

300 808 384 883 inde
397 835 441 882 ac
458 807 601 882 fatalem
619 833 748 882 carere
763 825 1032 902 consueverant,
1057 813 1222 906 proximo
1248 821 1359 906 portu
1379 809 1533 878 universi
1552 829 1629 904 ag-

299 935 403 1006 minis
419 949 634 1030 apparatum
651 931 1160 1032 curiosissimecontemplatus
1180 943 1242 1021 est,
1268 927 1449 1017 adhibitis,
1472 927 1536 1024 qui
1548 926 1630 998 mi·-

299 1055 380 1128 litiae
398 1053 506 1128 rudes
524 1057 575 1129 rei
591 1051 730 1127 bellicae
749 1051 970 1128 documentis
988 1057 1202 1145 imbuerent,
1229 1068 1405 1150 quatenus
1424 1050 1517 1122 vires
1538 1069 1628 1122 suas

298 1179 419 1275 potius
432 1173 548 1253 solida
564 1175 753 1248 oculorum
768 1175 840 1247 lide
867 1201 976 1275 quam
995 1203 1090 1250 caeco
1110 1176 1349 1250 aestimationis
1369 1177 1521 1271 augurio
1538 1195 1627 1244 me-

298 1303 433 1374 tiretur.
493 1300 586 1370 Huic
609 1297 739 1392 militiae
761 1301 995 1398 speculationi
1019 1298 1290 1398 quatuordecim
1311 1293 1441 1368 diebus
1472 1299 1628 1367 intentos

297 1427 415 1522 ma'jor
442 1438 706 1494 commeatuum
730 1447 812 1520 pars
845 1428 917 1498 otio
943 1440 1155 1520 consumpta
1192 1419 1382 1492 defecerat.
1459 1420 1628 1516 Egressis

298 1563 419 1648 portu,
435 1542 625 1640 tranquilla
642 1560 717 1617 toto
734 1552 819 1617 mari
836 1548 1012 1646 navigatio
1032 1542 1163 1617 incidit.
1215 1541 1285 1615 Sed
1306 1557 1346 1614 ut
1362 1543 1456 1614 taciti
1478 1541 1630 1636 impio-a

297 1670 436 1766 visique
455 1665 686 1765 appellerent,
711 1670 867 1766 remigiis
891 1693 969 1738 eam
987 1692 1097 1766 quam
1115 1666 1201 1740 velis
1222 1668 1393 1739 instruere
1410 1662 1628 1749 maluerunt,

206 1812 209 1818 ’
298 1789 479 1866 Absalone
493 1809 723 1889 cumscptem
735 1789 887 1864 navibus
897 1798 1095 1888 praemisso,
1105 1795 1166 1888 qui
1177 1791 1330 1886 Rugiani
1341 1786 1466 1859 littoris
1485 1809 1628 1857 excus-

297 1916 371 1990 sius
386 1911 571 2012 indagaret
587 1935 781 1986 accessum.
814 1894 995 2010 Siquidem
1004 1917 1119 1984 Areon
1136 1911 1325 2011 oppidum,
1345 1926 1479 1984 vetusto
1500 1913 1624 1982 simu-

298 2039 384 2112 lacri
405 2033 595 2135 cujusdam
609 2033 708 2107 cultu
725 2033 906 2133 inclytum,
917 2039 1048 2136 ignaris
1063 2033 1361 2110 incolisincendio
1378 2049 1510 2106 tentare
1520 2053 1627 2105 cun-

297 2179 445 2260 ctosque
467 2161 546 2257 ejus
565 2155 772 2257 praesidium
799 2161 972 2256 petituros
989 2186 1030 2231 ex
1046 2163 1241 2258 improviso
1258 2161 1464 2258 opprimere
1478 2174 1625 2231 statue-

296 2299 398 2378 runt3
427 2286 683 2354 munimentum
702 2279 847 2380 quidem
863 2280 1066 2355 habitatore
1083 2309 1239 2357 vacuum
1263 2297 1499 2379 setarumque
1514 2279 1625 2353 dun-

296 2424 391 2482 taxat
405 2404 564 2478 claustris
581 2401 779 2496 firmatum,
804 2405 1083 2479 existimantibus
1100 2404 1286 2504 indigenis,
1301 2430 1430 2504 parum
1448 2401 1625 2478 humanae

296 2527 417 2605 tutelae
440 2552 606 2627 egenum,
633 2525 734 2625 quod
752 2529 938 2624 praesentis
960 2531 1117 2602 numinis
1142 2529 1300 2602 excubiis
1323 2544 1416 2602 esset
1433 2525 1623 2601 vallatum.

296 2654 444 2726 Summa
461 2673 546 2723 vero
565 2665 756 2722 contractae
779 2650 903 2724 classis
927 2649 1052 2723 ordine
1076 2649 1215 2749 digesta
1240 2651 1474 2724 ducentarum
1499 2663 1533 2722 et
1548 2675 1622 2724 se-

294 2773 434 2874 xaginta
449 2771 594 2845 navium
610 2797 800 2860 numerum
819 2771 1006 2846 reddebat.
1064 2772 1223 2866 Absalou
1240 2771 1459 2872 exequendae
1476 2797 1624 2871 specu-

293 2897 433 2970 lationis
457 2895 568 2994 gratia
592 2920 677 2968 cum
702 2894 971 2993 propemodum
998 2894 1046 2966 ad
1067 2899 1220 2996 [tugiam
1238 2899 1476 2997 pervenisset,
1511 2893 1619 2967 indi-

295 3017 458 3092 cantibus
481 3019 597 3090 nautis
631 3023 832 3116 cognoscit,
853 3025 988 3118 regiam
1012 3043 1143 3093 navem
1167 3019 1289 3094 subito
1315 3020 1503 3119 remigium
1530 3015 1621 3092 velo

294 3157 468 3232 mutasse3
494 3141 725 3237 miratusque,
745 3139 834 3239 quid
849 3143 895 3214 ita
911 3159 1039 3215 caetera
1056 3140 1176 3216 classis
1190 3140 1382 3232 incederet,
1397 3168 1480 3240 quae
1500 3139 1621 3239 paulo

292 3279 372 3336 ante
391 3260 490 3351 velis,
509 3286 583 3359 quo
604 3261 776 3336 occultior
791 3265 969 3364 navigatio
984 3283 1179 3365 gereretur,
1205 3263 1458 3338 abstinendum
1481 3262 1622 3337 condi-

292 3403 408 3478 xerat,
439 3402 633 3486 postquam
656 3412 736 3458 eam
769 3411 791 3459 a
815 3404 946 3461 statuto
963 3387 1143 3462 declinare
1169 3392 1355 3487 cognovit,
1380 3389 1519 3486 etipse,
1540 3411 1620 3461 non

292 3508 569 3607 suppetentibus
587 3513 761 3608 propositi
785 3514 909 3602 sociis,
943 3537 1010 3610 per
1032 3537 1209 3586 summam
1235 3512 1341 3583 animi
1366 3507 1618 3584 confusionem

197 3663 204 3676 ·
291 3633 446 3731 puppim
467 3630 611 3706 ultimus
629 3635 749 3726 vertit,
774 3659 978 3735 regemque,
993 3638 1219 3710 Mtinensium
1235 3637 1272 3706 in
1288 3651 1396 3732 portu
1417 3647 1618 3729 receptum,

290 3757 454 3828 moestior
471 3780 582 3854 quam
598 3751 765 3831 libentior
781 3783 903 3832 comes
923 3761 1052 3858 petivit.
1106 3761 1263 3857 Quippe,
1288 3759 1373 3857 quia
1399 3763 1507 3854 coepti
1538 3781 1615 3828 eo-

289 3876 437 3950 mitibus
458 3874 700 3972 deficiebatur,
720 3881 933 3982 indignatus,
951 3884 1124 3980 optimam
1144 3878 1311 3980 gerendae
1335 3884 1384 3953 rei
1404 3877 1617 3952 facultatem

289 3999 419 4086 omitti,
447 4023 531 4073 cum
548 4017 581 4074 et
604 4005 697 4075 airis
722 4003 827 4079 favor
850 4022 884 4077 et
906 4004 1056 4076 militum
1081 4001 1261 4076 arridebat
1276 4001 1455 4097 alacritas,
1481 4003 1529 4076 ab
1546 4005 1614 4076 in-

290 4120 420 4195 cboata
433 4127 658 4222 navigatione
681 4150 777 4223 aegre
795 4153 942 4226 proram
958 4133 1091 4200 avertit.
1142 4131 1247 4200 Hunc
1268 4131 1413 4219 Petrus,
1451 4127 1547 4200 Suno
1577 4145 1615 4202 et

288 4245 516 4337 Hesbernus,
542 4273 624 4321 cum
645 4249 780 4348 quibus
798 4276 861 4322 rex
880 4248 1023 4324 consilia
1040 4276 1104 4324 sua
1120 4255 1334 4349 participare
1352 4249 1508 4340 solebat,
1533 4269 1615 4324 rate

289 4392 473 4464 egressum
489 4373 714 4470 excipientes,
730 4389 801 4446 tam
818 4371 1020 4447 deformem
1035 4377 1130 4476 regis
1145 4375 1192 4448 ab
1203 4371 1274 4447 utili
1293 4373 1496 4474 illustrique
1512 4399 1613 4447 eon-

289 4487 367 4562 silio
382 4489 620 4592 defectionem
641 4501 742 4569 anxie
759 4495 1015 4594 querebantur.
1069 4500 1170 4590 Quos
1195 4497 1342 4575 tandem
1365 4522 1438 4591 rex,
1460 4497 1612 4572 obviam

209 4699 215 4712 .
286 4611 354 4714 sibi
371 4621 493 4686 venire
507 4617 637 4714 jussos,
663 4617 728 4692 ubi
741 4621 856 4692 tristes
874 4619 1132 4712 animadvertit,
1148 4620 1340 4712 admirans,
1363 4646 1429 4696 cur
1443 4646 1488 4694 eo
1504 4620 1613 4696 rultu

287 4750 416 4820 essent,
451 4736 566 4810 visum
583 4740 661 4832 sibi,
677 4744 802 4838 inquit,
828 4768 873 4814 ne
890 4740 991 4814 tarda
1006 4759 1040 4814 et
1056 4744 1306 4844 intempestiva
1321 4745 1495 4846 navigatio
1513 4771 1613 4846 pro-

202 4865 208 4874 '
285 4857 450 4952 serretur,
476 4884 622 4936 cursum
641 4864 719 4961 ejus
735 4862 781 4936 ad
797 4864 951 4940 insulam
967 4865 1077 4944 fuisse
1095 4865 1325 4962 flectendum,
1351 4895 1456 4946 manc
1479 4891 1613 4948 cuneta
