3508 5460
364 271 438 346 too
693 231 1253 346 HlsTott.DAN.LlBE1txtv.

313 476 516 578 aliiparum
530 481 635 557 cultis
661 483 805 584 ungulis
827 509 905 560 esse
931 481 1127 580 fingebant.
1186 481 1333 555 Cunctis
1351 485 1471 580 itaque
1486 497 1633 556 'metum

313 606 548 679 excusationis
572 609 698 682 astutia
729 607 1019 707 protegentibus,
1060 606 1275 702 nemineque
1301 617 1373 676 tam
1397 601 1635 702 periculosam

312 723 526 826 legationem
543 728 726 827 suscipere
747 727 921 823 audente,
946 727 1115 819 Absalon,
1137 727 1230 802 forte
1245 725 1347 826 lignis
1374 752 1417 800 ex
1443 752 1544 800 more
1569 751 1637 826 per

313 851 425 922 otium
441 851 552 942 caesis,
576 875 597 924 e
613 875 760 926 nemore
774 851 1030 952 superveniens
1048 856 1371 951 interrogatusque,
1395 873 1441 922 an
1457 850 1636 949 regiarum

315 974 472 1070 partium
497 971 654 1073 legatum
681 999 789 1075 agere
815 974 940 1064 vellet,
966 979 1099 1047 iturum
1120 997 1160 1048 se
1181 969 1383 1069 pollicetur.
1442 973 1555 1070 lgitur
1573 971 1634 1048 le-

315 1095 519 1194 gendorum
535 1099 705 1170 comitum
721 1099 903 1196 optionem
923 1095 1059 1170 habere
1075 1097 1218 1194 jussus,
1251 1095 1478 1192 potissimum
1502 1119 1638 1170 necm-

315 1223 428 1292 sarios
450 1243 494 1291 ac
520 1221 694 1316 sanguine
722 1236 835 1293 semet
865 1225 1107 1320 contingentes
1132 1216 1298 1305 adscivit,
1333 1221 1641 1316 consanguineam

316 1337 427 1412 fidem
451 1339 576 1413 alienae
600 1333 864 1440 praeferendam
889 1345 1119 1420 existimans'
1163 1338 1364 1414 Priszlavus
1379 1363 1541 1439 quoque,
1561 1365 1638 1438 po-

317 1463 498 1536 tentissimi
513 1463 723 1539 Sclarorum
737 1468 908 1566 principis
922 1465 1061 1541 Nucleti
1078 1463 1193 1554 filius,
1222 1487 1343 1562 quem,
1365 1461 1467 1561 quod
1483 1459 1638 1534 Walde-

317 1587 407 1658 mari
423 1609 586 1660 sororem
600 1589 636 1660 in
651 1590 876 1663 matrimonio
893 1587 1056 1678 haberet,
1071 1583 1350 1686 christianaeque
1363 1583 1559 1684 disciplinae
1574 1609 1640 1658 sa-

317 1714 386 1784 cris
399 1709 552 1783 initiatus
569 1727 678 1800 esset,
704 1728 807 1810 pater
820 1711 1048 1811 jampridem,
1069 1709 1221 1809 perinde
1248 1735 1290 1784 ae
1311 1707 1457 1784 insidias
1477 1709 1547 1782 sibi
1567 1733 1640 1780 ne-

319 1847 484 1924 ctentem,
500 1851 695 1932 conspectu
711 1860 780 1909 suo
795 1838 1041 1924 submoverat,
1052 1831 1176 1906 localis
1190 1835 1324 1931 peritiae
1340 1831 1473 1906 fiducia
1490 1857 1640 1930 propo-

320 1955 395 2028 sitae
413 1954 478 2028 viae
495 1956 753 2032 conductorem
770 1985 878 2060 agere
895 1955 1095 2059 pollicetur.
1159 1957 1253 2028 Huic
1278 1953 1459 2052 siqnidem
1477 1970 1555 2028 tum
1577 1980 1640 2028 rex

319 2076 369 2148 ob
385 2076 493 2150 bonae
508 2077 592 2152 fidei
609 2083 869 2178 experientiam,
894 2101 969 2158 tum
987 2083 1039 2159 ob
1057 2081 1227 2156 connubii
1243 2075 1447 2150 affinitatem
1470 2102 1641 2176 magnam

320 2199 496 2274 nobilium
512 2201 708 2276 insularum
728 2223 865 2304 partem
883 2205 1069 2280 fruendam
1088 2217 1320 2278 concesserat.
1352 2198 1539 2276 Profectus
1555 2200 1641 2274 Ab·

319 2321 433 2414 salon,
458 2322 660 2425 allatusque
684 2327 831 2420 ducem,
865 2355 949 2403 eum
977 2326 1076 2427 apud
1092 2315 1184 2398 'eum
1208 2339 1418 2424 pernoctare
1441 2341 1641 2423 rogaretur,

319 2471 453 2548 regem,
467 2452 570 2521 anxia
585 2474 733 2526 suorum
753 2458 1014 2551 exspectatione
1031 2450 1234 2536 sollicitum,
1257 2447 1431 2546 longioris
1445 2471 1559 2520 merae
1579 2452 1640 2519 in-

320 2573 553 2668 terpositione
569 2575 749 2649 molestari
772 2595 941 2672 oportere
961 2575 1127 2674 negabat.
1151 2649 1162 2671 ¹
1188 2575 1364 2644 Praeterea
1387 2569 1538 2645 classem
1565 2577 1641 2646 sine
1746 2545 1747 2592 i

319 2709 428 2794 portu
453 2719 531 2768 esse
556 2699 806 2790 asseverabat,
844 2698 1008 2798 undique
1038 2715 1226 2772 ventorum
1258 2691 1427 2792 impulsui
1451 2711 1641 2792 patentem.

321 2821 501 2916 Cumque,
517 2816 746 2894 festinationis
764 2823 900 2894 ratione
913 2819 1061 2912 reddita,
1075 2823 1285 2919 propinqua
1307 2832 1540 2916 noeteequos
1556 2819 1641 2893 abi·

321 2956 422 3014 turus
445 2939 658 3033 scandisset,
692 2941 840 3041 quidam
863 2943 962 3018 claro
987 2945 1166 3016 Saxonum
1186 2943 1270 3016 loco
1291 2957 1409 3029 natus,
1424 2939 1518 3014 ultro
1545 2939 1642 3014 adito
1745 2945 1746 2992 f

322 3060 426 3153 duce,
451 3064 626 3160 perituros
643 3067 830 3140 Danorum
848 3065 1004 3167 legatos,
1038 3071 1103 3140 nisi
1133 3070 1370 3140 comitatiores
1393 3060 1642 3152 abscederent,

322 3182 563 3282 querebatur;
607 3186 800 3286 objurgare
831 3216 983 3290 quoque
1009 3215 1092 3264 eum
1115 3187 1360 3262 vehementius
1376 3211 1507 3274 ausus,
1539 3185 1642 3285 quod

321 3305 512 3380 illustrium
539 3311 697 3382 virorum
720 3314 955 3408 paucitatem,
989 3329 1039 3388 tot
1061 3312 1308 3412 ingruentibus
1330 3307 1513 3408 perieulis,
1535 3313 1642 3382 inco-
1744 3315 1745 3324 ’

322 3431 478 3502 mitatem
501 3457 522 3501 a
546 3455 585 3504 se
610 3421 791 3506 dimittere
807 3437 1038 3510 sustinuisset.
1114 3437 1300 3509 Revocatis
1326 3441 1445 3533 itaque
1467 3437 1643 3506 comitum

322 3552 520 3626 offeruntur
533 3553 675 3630 auxilia.
701 3555 771 3630 Sed
789 3583 860 3631 non
877 3564 1052 3652 minorem
1067 3583 1105 3632 se
1118 3556 1277 3632 Absalon
1300 3563 1336 3630 in
1361 3553 1553 3630 refutando
1570 3581 1643 3628 co-

323 3677 446 3750 mitatu
466 3681 591 3776 gessit,
627 3705 736 3777 quam
751 3684 786 3754 in
804 3687 1078 3780 pernoctationis
1103 3700 1225 3781 egerat
1246 3683 1432 3790 obsequiis
1459 3703 1643 3778 respuen-

323 3797 388 3889 dis,
420 3798 609 3900 gloriosius
626 3819 727 3879 ratus
750 3829 852 3878 suam
886 3832 928 3879 ae
960 3813 1140 3882 sociorum
1166 3805 1319 3878 salutem
1348 3803 1468 3878 dubiis
1497 3800 1647 3876 casibus

324 3922 469 3997 credere
502 3951 610 4023 quam
646 3927 768 4002 alienis
797 3939 903 4004 armis
925 3945 1124 4028 protegere.
1193 3935 1360 4028 Cumque
1388 3923 1491 3998 haud
1514 3923 1647 4023 procul

231 4043 236 4049 ’
322 4049 479 4121 tentoriis
494 4049 646 4140 abesset,
671 4050 879 4144 Priszlavos,
910 4053 1079 4126 omnibus
1096 4053 1226 4126 fraenos
1249 4067 1439 4126 succurere
1461 4049 1578 4147 jussis,
1607 4049 1645 4120 Si

323 4197 415 4262 meo,
440 4175 556 4271 inquit
565 4227 575 4265 ,
610 4171 721 4246 ductu
745 4199 804 4248 res
828 4175 1050 4273 expedienda
1074 4177 1183 4266 foret,
1215 4172 1650 4270 comitumsupplenren-

324 4309 400 4366 tum
415 4311 531 4368 nostra
553 4298 713 4395 paucitas
729 4323 801 4370 non
816 4298 1015 4399 refugisset.
1076 4300 1259 4400 Siquidem
1280 4296 1470 4370 adversum
1486 4293 1651 4394 pericula
1741 4353 1742 4356 ,

324 4416 511 4492 abundare
532 4419 713 4493 industriae
737 4423 856 4518 potius
878 4441 1129 4522 argumentum
1162 4441 1217 4497 est
1249 4448 1361 4521 quam
1386 4425 1522 4495 timoris
1543 4418 1651 4492 indi-

324 4543 430 4610 cium.
485 4545 563 4614 Hoc
578 4547 671 4616 enim
687 4542 912 4642 probabilior
933 4563 985 4620 est
1011 4545 1194 4640 lortitudo,
1220 4573 1295 4646 quo
1324 4549 1444 4620 minus
1459 4569 1541 4618 cum
1556 4559 1652 4614 sto-

323 4659 458 4734 liditate
493 4670 683 4776 consentin
712 4665 772 4740 illa
807 4694 890 4740 vero
921 4667 1433 4766 reprehensionemmeretur,
1468 4669 1525 4740 cui
1545 4667 1656 4742 vires

323 4785 497 4858 reinerius
521 4787 750 4866 administrat.
817 4791 884 4866 Sed
903 4819 999 4867 nunc
1021 4797 1160 4896 exigere
1185 4819 1363 4894 perquam
1390 4791 1550 4868 deforme
1579 4807 1656 4880 est,
