3524 5460
1298 94 1332 164 Ι

373 285 448 364 ddd
708 285 884 358 HlSTOR.
899 287 1006 360 DAN.
1017 285 1157 366 Lttnn
1170 287 1260 360 xnt.

322 495 489 572 antistites
510 492 583 571 hoc
595 492 721 596 prulio
735 497 898 593 opprmsi
912 493 1113 572 traduntur.
1147 499 1187 570 in
1201 497 1305 595 cujus
1321 513 1498 596 nppmatu
1512 501 1623 598 blag-

321 645 403 714 nus,
426 621 572 698 Saxonis
587 617 715 708 filiun,
747 616 842 690 Erici
855 617 976 708 miles,
994 615 1174 717 singulare
1192 617 1278 694 fidei
1299 619 1480 718 mcimen
1504 619 1626 698 edidit.

322 747 413 816 Nam
431 767 514 820 cum
528 739 691 814 Nicolaus
712 741 884 814 maritima
908 737 1091 815 Sialandite
1105 738 1205 832 loca,
1240 766 1286 815 ne
1308 743 1389 840 quis
1411 741 1459 816 ad
1479 745 1625 818 Ericum

322 866 493 956 transiret,
518 860 723 936 amilitibus
746 860 930 936 observari
952 862 1130 960 jussisset,
1163 885 1230 960 per
1255 860 1506 940 Stethinnensis
1529 880 1625 962 pro-

324 988 507 1062 montorii,2
532 999 755 1084 precruptaa
780 983 988 1059 satellitibus
1007 987 1093 1060 fune
1109 983 1297 1078 demissus,
1321 1003 1428 1062 noctu
1454 986 1626 1086 scapham

323 1104 545 1198 conscendit,
569 1131 685 1206 eaque
715 1107 875 1180 Scaniam
898 1120 1040 1204 petens,
1073 1122 1208 1206 gratam
1233 1110 1338 1182 Erico
1364 1134 1472 1208 opem
1502 1109 1627 1184 attulit.

321 1233 407 1304 Post
423 1227 503 1304 hmo
519 1233 670 1330 Magnus
694 1231 844 1305 Noricus
866 1227 989 1302 nudati
1011 1228 1144 1304 consilii
1169 1231 1226 1302 sui
1247 1231 1439 1331 conjugem
1461 1221 1627 1330 argrinus,

321 1354 488 1451 rejectam
502 1377 523 1424 a
539 1377 578 1426 se
599 1355 706 1425 Erico
722 1357 870 1443 remisit,
901 1351 1046 1450 dignam
1062 1350 1214 1450 repudio
1236 1369 1351 1445 ratus,
1376 1379 1459 1454 quos
1490 1354 1627 1453 conju-

321 1474 391 1574 gali
411 1475 542 1548 caritati
561 1481 872 1575 consanguineum¹
884 1471 1093 1569 praetulisset
1113 1471 1287 1550 affectum.
1345 1481 1387 1552 ln
1411 1478 1515 1576 cujus
1532 1493 1627 1550 con·-

324 1613 512 1695 temptum,
528 1613 695 1672 temerata
711 1595 923 1670 matrimonii
939 1591 1118 1690 religione,
1130 1619 1169 1670 se
1184 1599 1302 1696 ipsum
1318 1603 1449 1698 nuptiis
1470 1596 1628 1697 spoliare

323 1723 421 1796 triste
434 1717 634 1796 conduxit.
686 1724 730 1792 At
743 1715 920 1808 Nicotaus,
936 1714 1023 1816 iuga
1043 1717 1078 1790 in
1093 1719 1223 1794 lutiam
1238 1719 1382 1820 elapsus
1398 1738 1434 1794 et
1452 1736 1628 1820 tanquam

321 1841 370 1916 ad
385 1842 537 1918 fortuma
551 1838 744 1916 ludibrium
757 1857 972 1930 reservams,
987 1843 1159 1914 aestimato
1172 1844 1305 1939 pariter
1318 1859 1352 1916 et
1376 1841 1535 1916 orbitatis
1550 1865 1627 1916 sun

323 1966 484 2041 etaetatis
501 1961 645 2055 habitu,
670 1989 743 2036 non
764 1979 803 2038 ut
824 1961 890 2036 sibi
908 1985 1162 2056 successorem,
1183 1963 1248 2038 sed
1269 1980 1309 2038 ut
1326 1964 1457 2040 amulo
1483 1963 1626 2042 hostem

323 2089 548 2188 relinqueret,
570 2081 768 2160 Haraldum
787 2089 886 2184 regni
911 2099 994 2182 post
1014 2108 1053 2160 se
1077 2083 1233 2160 declarat
1246 2084 1437 2162 haeredem.
1486 2085 1627 2162 Deinde

324 2209 570 2300 slesvicenses,
592 2209 641 2282 ob
657 2212 777 2308 Magni
802 2205 1017 2306 jampridem
1041 2205 1178 2282 facinus
1198 2208 1367 2306 inlensos,
1389 2208 1436 2284 ad
1461 2208 1625 2286 habitum

246 2407 249 2414 ,
322 2349 458 2432 pacatae
471 2336 597 2407 mentis
608 2331 781 2410 reducere
798 2332 956 2430 cupiens,
970 2327 1017 2402 de
1032 2329 1282 2427 componenda
1295 2357 1421 2408 secum
1436 2355 1528 2432 pace
1543 2331 1626 2408 sol-

322 2453 448 2547 licitat,
474 2454 694 2553 eosdemque
716 2456 827 2528 ostatis
850 2477 925 2528 suae
958 2467 993 2526 et
1016 2450 1169 2527 fortuna
1198 2457 1458 2530 miserationem
1482 2473 1627 2532 acturos

323 2579 532 2670 existimans,
557 2576 816 2653 sumendorum
833 2573 1003 2648 obsidum
1019 2581 1130 2674 gratia
1144 2575 1321 2674 oppidum
1340 2585 1469 2652 intrare
1489 2578 1626 2652 consti-

324 2705 399 2774 tuit
432 2703 601 2788 Rursum,
622 2725 705 2772 cum
722 2715 829 2796 caput
844 2723 950 2772 snum
966 2695 1194 2796 inexploratus
1207 2697 1293 2772 fidei
1309 2699 1451 2776 civibus
1466 2700 1627 2799 objicere

322 2820 520 2913 dubitaret,
544 2824 686 2920 bejonis
708 2819 904 2919 eujusdam,
919 2843 1097 2894 summam
1119 2825 1206 2894 inter
1222 2821 1424 2920 oppidanos
1447 2823 1625 2898 autorita-

322 2961 393 3018 tem
410 2946 576 3044 gerentis,
590 2941 769 3018 hortatum
785 2959 939 3034 secutus,
950 2941 1099 3017 salutem
1115 2943 1222 3018 simul
1237 2970 1322 3018 oum
1337 2946 1539 3045 suspicione
1551 2943 1625 3018 de-

323 3070 451 3166 posuit.
516 3067 630 3140 Portis
644 3062 819 3163 siquidem
833 3063 879 3136 de
894 3063 1065 3140 industria
1081 3065 1273 3164 patefactas
1289 3071 1480 3168 ingressus,
1503 3083 1544 3140 ut
1561 3065 1628 3164 pi-

323 3214 386 3264 um
401 3186 494 3280 cleri,
521 3194 568 3260 ita
589 3185 743 3260 ferocem
769 3186 885 3286 plebis
917 3211 1108 3262 occursum
1135 3191 1277 3287 reperit.
1348 3192 1387 3262 ln
1417 3185 1629 3288 excipiendo

322 3333 480 3408 namque
502 3335 546 3383 eo
568 3307 754 3388 dividuum
781 3312 901 3384 civitas
921 3316 1079 3384 animum
1105 3308 1241 3384 habuit
1320 3309 1466 3386 Clericis
1489 3315 1631 3410 quippe

323 3459 408 3507 eum
422 3457 533 3506 sacrae
551 3433 786 3532 processionis
802 3430 928 3508 'udicio
945 3433 1214 3525 venerantibus,
1239 3447 1367 3506 caetera
1389 3435 1454 3508 vici
1476 3455 1560 3532 pars
1585 3447 1632 3506 ut

321 3554 465 3632 hostem
485 3555 633 3652 excepit.
683 3555 754 3647 Qui
767 3580 850 3628 cum
863 3557 954 3630 inter
969 3555 1106 3656 plateas
1122 3555 1281 3630 adversis
1298 3556 1365 3630 sibi
1382 3557 1491 3658 signis
1511 3555 1632 3632 obvi-

322 3703 382 3758 um
399 3684 440 3754 iri
456 3682 687 3777 conspiceret,
713 3678 849 3771 amicis,
870 3693 911 3752 nt
927 3679 965 3752 in
984 3677 1101 3754 eedem
1115 3682 1207 3754 Petri
1232 3675 1457 3780 conlugeret,
1489 3677 1631 3756 exhor-

368 4015 522 4096 ¹Mugnus
532 4013 659 4074 Saxonis
671 4007 768 4094 fitius]
783 4013 831 4073 Ex
844 4008 942 4094 hypo·
998 4005 1067 4070 dem
1083 4008 1187 4070 meiius
1203 4007 1371 4094 respondet
1387 4007 1551 4074 recentiori
1572 4027 1633 4071 no-

322 4114 401 4179 tbesi
429 4115 615 4200 Langebeltii
646 4113 759 4196 (Subm
794 4114 874 4176 nist.
912 4111 949 4176 af
1000 4112 1073 4176 mini
1088 4112 1178 4196 hujus
1192 4116 1398 4198 promontorii
1409 4120 1523 4181 Stenas.
1565 4113 1635 4178 Sed

281 4289 285 4294 ,
321 4223 431 4285 Duum.
457 4225 518 4288 rol.
539 4225 571 4290 V
591 4245 622 4306 p.
644 4213 721 4302 434)
744 4223 871 4304 Magnus
892 4218 945 4282 ille
976 4218 1033 4280 *in
1059 4217 1139 4281 libro
1163 4237 1269 4284 census
1292 4222 1400 4285 Daniae
1419 4220 1546 4304 (Script.
1565 4239 1635 4282 rer.

323 4339 390 4390 erat
416 4341 505 4412 pater
536 4326 662 4393 Saxonis
689 4327 796 4390 nostri.
859 4327 946 4392 Licet
999 4329 1077 4389 Dan.
1093 4326 1153 4388 vol.
1171 4329 1227 4394 vn
1247 4350 1278 4412 p.
1293 4326 1369 4412 527)
1391 4327 1502 4390 dicitur
1522 4337 1639 4408 topar-

322 4431 445 4516 quidsm
455 4433 693 4519 indulgerohuic
706 4432 877 4520 hypothesi,
891 4433 945 4498 sed
1001 4433 1069 4496 chia
1087 4434 1199 4496 Sterni
1213 4435 1498 4518 Sthettyumshoeret,
1519 4444 1552 4495 et
1572 4431 1640 4496 ob·
1754 4487 1755 4492 ,

322 4535 479 4604 latendum
492 4551 548 4620 est,
569 4559 635 4604 eam
648 4539 833 4626 argumentis
850 4539 945 4604 tirmi-
1000 4551 1101 4604 serrat
1114 4537 1257 4603 Schmius
1268 4539 1302 4601 in
1321 4540 1403 4603 uotis
1418 4537 1558 4654 adjectis,
1573 4559 1642 4602 ro-

321 4644 426 4710 oribns
441 4665 505 4712 esse
522 4644 705 4710 destitutum.
1001 4645 1064 4708 cari
1078 4645 1110 4706 in
1127 4643 1342 4730 diplomatibus
1359 4643 1398 4709 ad
1413 4665 1525 4706 annum
1544 4640 1642 4710 1257

367 4753 607 4818 watinensis
632 4748 843 4840 promontorii]
878 4753 946 4816 ste·
999 4750 1222 4838 pertinentibus
1249 4752 1466 4816 Stetiusdoeretlt
1480 4750 1531 4814 rel
1557 4751 1644 4816 Sta-

321 4857 451 4942 pltsnins
462 4859 566 4944 posuit
581 4860 766 4945 Steffnensis,
780 4858 864 4943 quod
880 4857 946 4942 qui·
1000 4859 1166 4922 tinisltoeret.
