3582 5466
687 317 922 398 tttcoLsth.
1335 323 1408 396 ott

146 535 232 622 su's,
256 530 402 608 ultrices
418 529 632 606 &tonorum
656 555 784 606 manus
803 527 949 604 Haraldi
976 531 1081 606 bonis
1108 533 1255 631 injicere
1275 557 1458 633 aggressa,

93 699 97 708 ·
146 655 262 757 spolia
286 651 432 753 spoliis,
470 669 572 751 rapta
594 655 705 753 raptis
730 651 923 727 ulciscitur.
984 657 1110 754 Neque
1137 657 1229 728 enim
1251 655 1321 729 sibi
1346 655 1460 732 aliena

145 778 350 876 corripere,l
364 773 430 850 sed
440 777 587 873 pmpn’a
604 799 787 850 resumere
806 773 1005 848 videbatur.
1064 781 1156 876 lpse,
1171 793 1247 851 tuto
1262 763 1382 852 'terras
1399 797 1459 853 te-

145 925 230 974 nere
247 899 433 996 nequiens,
458 901 707 972 consternatee¹
728 897 965 972 multitudinis
981 903 1151 996 impetum
1169 902 1314 1000 navigio
1328 906 1459 978 vitavit.

146 1028 266 1118 Quem
280 1024 442 1094 Canutus
461 1017 564 1092 alieni
579 1023 849 1118 rapacissimum
875 1045 917 1094 ac
946 1023 1178 1096 vitiosissimis
1198 1019 1337 1119 ubique
1350 1023 1460 1100 lucris

147 1143 413 1220 inmunbentem
434 1142 626 1240 aspiciens,
657 1145 715 1216 avi
736 1145 953 1242 persimilem
977 1143 1098 1244 ajebat
1121 1145 1318 1244 omnigenis
1334 1143 1458 1222 alitum
1549 1157 1560 1165 “

147 1272 274 1368 pennis
297 1263 423 1338 nidum
439 1267 724 1364 compaginasti,
750 1265 870 1340 subito
891 1283 1081 1342 ventorum
1105 1265 1247 1340 turbine
1272 1265 1461 1343 disiicien-

149 1391 247 1465 dum.
299 1393 351 1462 ltu
363 1385 573 1480 llarrldum,
587 1386 796 1486 praedonem
808 1395 968 1464 omnium
986 1389 1160 1480 effectum,
1175 1388 1343 1466 omnibus
1357 1417 1460 1490 prae-

148 1511 234 1588 dam
250 1538 296 1586 ex
310 1535 351 1586 se
365 1509 536 1586 daturum
550 1509 777 1610 aliorumque
794 1511 911 1611 spolia
935 1535 1083 1588 suorum
1100 1509 1340 1586 indubitanter
1355 1515 1459 1611 peri-

147 1635 233 1710 culo
252 1635 435 1709 luiturum.

283 1761 327 1830 tr
345 1759 453 1830 Erico
475 1753 680 1830 modestum
706 1781 793 1856 erga
814 1756 1009 1856 populares
1032 1760 1213 1852 ingenium
1238 1773 1321 1830 erat.
1391 1763 1459 1854 Qui

148 1901 235 1956 cum
255 1879 414 1954 debitam
438 1877 504 1954 sibi
530 1893 685 1978 paternae
708 1882 758 1952 rei
780 1881 983 1979 portionem
1006 1894 1202 1976 expeteret,
1227 1879 1274 1952 ab
1298 1880 1460 1958 llaraldo

148 2003 258 2076 eane
274 2001 471 2102 repellitur,
495 2017 657 2101 negante,
672 2000 847 2078 adulterio
863 2017 980 2074 ortum
996 1999 1042 2074 ad
1059 1998 1274 2076 haereditatis
1289 2029 1460 2080 commu-

147 2127 293 2200 nionem
309 2127 520 2226 pertingere.
573 2127 626 2196 Ea
642 2150 694 2216 re,
715 2139 755 2198 ut
767 2149 836 2224 par
849 2139 935 2216 erat,
960 2139 1080 2198 motus
1109 2131 1320 2200 acerrimum
1336 2127 1461 2202 bono-

149 2273 230 2322 mm
252 2248 335 2346 ejus
358 2269 589 2346 pervasorem
614 2269 721 2347 agere
743 2247 865 2344 caepit,
897 2245 1134 2345 fraternisque
1158 2247 1283 2346 spoliis
1313 2253 1461 2349 injurias

148 2393 231 2446 snas
252 2368 376 2444 ulcisci
400 2369 587 2468 probitatis
611 2366 696 2444 loco
726 2368 837 2443 duxit.
915 2371 1093 2443 Caeterum
1123 2375 1326 2446 Aruacum²
1358 2393 1463 2474 rapta

150 2497 347 2594 congessit,
377 2489 526 2568 sordido
549 2490 786 2592 neglectoque
805 2488 885 2564 loco
910 2487 1116 2589 splendidas
1133 2517 1222 2592 opes
1241 2495 1461 2596 complexus.

134 2609 268 2710 ”Quem
281 2613 463 2690 Haraldus
475 2631 586 2709 noctu
600 2613 734 2688 ibidem
750 2617 972 2712 inopinatum
992 2612 1159 2704 adortus,
1183 2632 1377 2715 postquam
1395 2621 1460 2694 fu-

150 2761 199 2836 ga
221 2735 413 2838 delapsum
427 2740 604 2838 cognovit,
628 2761 740 2812 morae
757 2739 864 2836 copia
885 2761 959 2810 non
982 2745 1215 2834 suppetente,
1240 2745 1334 2814 circa
1357 2767 1460 2842 prae-

148 2858 233 2934 dam
250 2857 392 2936 haerere
406 2877 578 2955 metuens,
598 2876 689 2935 tecto
709 2861 807 2936 faces
826 2858 997 2958 subjecit,
1023 2859 1266 2958 refertamque
1282 2868 1355 2938 suis
1374 2867 1461 2964 opi-

149 2981 219 3057 bus
240 2981 362 3058 tedem
383 2983 536 3059 flammis
562 2983 753 3061 absumere
785 3007 895 3083 quam
934 2984 1070 3082 raptori
1094 2984 1260 3058 intactam
1289 2983 1464 3062 dimittere

150 3103 287 3180 maltrit.
313 3109 399 3200 Quo
415 3123 612 3206 comperto,
630 3109 801 3197 Canutus,
816 3107 997 3206 profectas
1013 3121 1251 3204 acontemptu
1261 3105 1339 3185 lites
1354 3135 1460 3184 com·-
1579 3181 1587 3198 ,

149 3250 299 3326 poscere
313 3231 472 3329 cupiens,
497 3248 745 3328 metuensque,
761 3253 807 3304 ne
824 3226 1025 3329 degenerati
1042 3233 1152 3328 patris
1169 3228 1311 3330 fulgor³
1329 3237 1365 3305 in
1381 3233 1463 3310 filiis

149 3352 381 3444 exolesceret,
405 3358 545 3452 utrique
567 3352 765 3429 Slessicum
782 3353 901 3428 venire
921 3349 1121 3428 destiietius
1144 3350 1307 3449 mandat;
1343 3357 1372 3430 si
1394 3381 1463 3432 su-

150 3473 380 3572 persedeant,
397 3493 500 3576 parte
516 3471 941 3578 corporum'spoliandos
956 3480 1120 3550 minatur.
1179 3479 1375 3553 Praesentes
1391 3477 1464 3554 de-

148 3595 241 3670 inde
263 3596 415 3672 fraterne
438 3623 649 3698 coarguens,
676 3603 820 3676 curiosa
845 3599 951 3706 animi
978 3600 1196 3699 inspectione
1222 3602 1466 3700 aequissimam

200 3934 209 3967 ¹
222 3927 437 4010 Consternata]
450 3927 485 3994 ld
501 3941 547 3994 etti
562 3929 723 3996 seditiosae.
886 3931 957 3994 'Ne
970 3929 1140 4014 degenerati
1145 3933 1249 4017 petris
1256 3926 1381 4014 fulgor]
1391 3929 1465 3999 Val-

198 4033 386 4118 mmmm]
410 4039 445 4099 In
469 4036 603 4102 editione
621 4036 782 4124 stephanii
841 4034 879 4098 de
893 4056 961 4099 rara
986 4031 1111 4098 locutio.
1158 4038 1361 4119 Degenerem
1374 4051 1465 4123 pater

149 4140 782 4228 legitnrAenaeltum,iortassemerolibra·
841 4153 898 4221 est,
919 4161 1013 4226 aquo
1028 4137 1224 4225 degenerarit
1242 4139 1331 4203 lilius.
1364 4141 1465 4222 *Vale-

149 4249 321 4314 riierrore.
351 4249 495 4312 Attamen
510 4249 602 4314 lectio
614 4251 782 4314 Aracelium
840 4248 904 4312 rius
925 4247 1072 4312 Maximus
1088 4245 1141 4310 tib.
1170 4247 1200 4312 V
1224 4263 1289 4330 cap.
1306 4241 1343 4324 8,
1376 4237 1399 4310 4
1425 4245 1464 4310 de

148 4353 349 4442 probabilior
368 4354 503 4436 ridetur,
524 4377 595 4420 nem
614 4352 714 4419 adbuc
735 4375 784 4418 su·
841 4351 905 4416 lilio
920 4358 960 4418 tt,
975 4352 1096 4418 Scauri:
1112 4357 1230 4436 Itaque,
1245 4357 1275 4416 si
1289 4353 1362 4437 quid
1378 4353 1465 4418 modo

150 4473 260 4548 percat
287 4482 400 4526 nomen
428 4465 460 4526 in
474 4462 608 4548 ‚praedio
636 4461 784 4526 Arnatte·
843 4463 982 4544 reliquum
1010 4464 1039 4522 in
1056 4475 1175 4546 pectore
1194 4460 1372 4527 uerecundiae
1380 4460 1466 4546 sutb-

149 4570 257 4656 guard
277 4566 361 4632 dioto
380 4568 411 4631 in
434 4568 580 4654 parocbia
606 4565 785 4651 Stinnlnge,
841 4583 898 4640 set,
921 4583 1101 4654 conspertum
1124 4565 1296 4650 degenerati
1306 4570 1405 4654 petris
1421 4571 1464 4628 ut‘·

151 4695 224 4760 qnae
242 4672 282 4736 ad
296 4674 502 4740 nomarcbiam
515 4673 785 4758 Holbecememtin
845 4689 929 4734 taret.

151 4779 310 4844 Sialandis
325 4783 470 4868 pertinet.

148 4965 155 4974 ι
211 4903 266 4952 sut
281 4905 411 4952 amet
424 4905 484 4952 nne
499 4907 557 4953 nn.
1195 4880 1270 4976 (40)
