3582 5466
376 277 453 352 aas
576 289 584 296 ·
710 275 886 348 msron
901 275 1008 346 uas.
1026 273 1166 346 amna
1180 273 1270 344 xm.
1342 225 1349 240 ’

326 491 472 562 Paterna
486 509 573 562 vero
589 486 686 560 bona
703 490 738 556 in
763 481 919 583 aequales
932 479 1129 556 admodum
1151 487 1332 580 portiones
1348 479 1635 582 partitionered-

327 613 415 712 egit,
439 635 549 684 unam
571 606 658 699 sibi,
689 622 834 680 caeteras
859 607 1002 704 nuptis,
1027 627 1117 702 quas
1139 602 1309 701 praelatus
1332 625 1428 697 sum,
1455 602 1638 678 ditmion’u

327 733 502 834 parilitate
529 729 766 806 contribuens.
854 731 947 800 Hine
968 731 1153 802 Dacorum
1172 728 1444 826 gsveonumque
1464 724 1639 804 dissensio

328 873 406 930 orta
432 881 475 928 ac
499 851 625 927 deinde
649 849 901 950 compluribus
923 851 1180 924 inimicitiarum
1197 851 1423 922 incrementis
1441 847 1567 924 coalita
1590 849 1639 922 ad

328 977 539 1075 hocusque
561 990 705 1074 tempus
732 976 860 1050 veteris
885 972 955 1048 odii
980 973 1201 1046 tenacissima
1226 989 1440 1069 perseverat.
1507 976 1640 1046 Praeter

329 1098 408 1174 haee
425 1096 592 1195 lngritha,
608 1096 750 1170 Ubboni
773 1095 935 1171 cuidam¹
959 1093 1191 1194 postmodum
1215 1093 1395 1192 derupta,
1416 1093 1564 1167 Nicolao
1596 1120 1639 1166 ex

328 1220 454 1321 pellice
468 1236 551 1294 nata
579 1217 751 1317 proditur.
802 1225 846 1292 At
861 1221 1060 1319 Margareta
1074 1243 1147 1290 non
1178 1214 1297 1290 solum
1320 1215 1520 1292 diviumum
1545 1203 1641 1288 tedi-

235 1377 238 1384 ’
330 1369 391 1416 um
407 1367 495 1441 opes
510 1339 703 1416 latifundiis
726 1343 824 1416 auxit
833 1393 843 1434 ,
876 1339 991 1416 sedet
1011 1345 1091 1414 totis
1110 1338 1249 1415 viribus
1267 1337 1316 1412 ad
1334 1337 1540 1438 augendum
1571 1364 1640 1412 ea-

329 1491 409 1538 rum
426 1461 655 1563 splendorem
671 1465 851 1557 incubuit,
883 1462 1184 1562 sacerdotalisque
1199 1459 1315 1536 cultus
1331 1463 1491 1560 inopiam
1507 1464 1641 1562 exqui-

240 1687 245 1696 .
330 1594 397 1661 sito
424 1604 713 1663 ornamentorum
742 1611 873 1688 genere
902 1588 1127 1686 permutavit.
1210 1586 1423 1677 Enimvero,
1455 1611 1532 1684 quo
1562 1611 1640 1658 rem
1764 1643 1765 1680 ἶ

332 1709 489 1785 divinam
516 1716 730 1786 ornatiorem
762 1709 934 1806 efficeret,
967 1707 1083 1808 pallas
1123 1704 1316 1782 laticlaviam
1344 1724 1545 1808 caeteraque
1574 1733 1642 1783 sa-
1764 1769 1765 1790 r

332 1830 478 1906 cerdotii
504 1833 652 1932 insignia
678 1833 834 1908 condere
858 1850 967 1932 atque
996 1853 1182 1906 sacrorum
1208 1827 1333 1904 usibus
1364 1856 1515 1931 erogare
1545 1854 1642 1906 eurae

332 1953 468 2029 habuit.

467 2081 638 2152 Heuricus
648 2104 745 2170 vero,
761 2077 972 2153 Guthskalei
988 2109 1031 2157 ex
1046 2081 1172 2158 Siritba
1188 2081 1300 2173 filius,
1313 2077 1478 2160 maternis
1495 2076 1644 2150 ailino·
1764 2139 1765 2150 t

335 2200 394 2274 lan
415 2202 521 2276 bouis
535 2199 681 2300 indigne
695 2200 887 2299 spoliatus,
912 2219 983 2278 tarn
999 2229 1118 2279 acrem
1139 2227 1266 2280 eorum
1278 2205 1516 2301 ¹repetitor-em
1533 2223 1644 2299 agere
1764 2199 1765 2228 ¹

336 2325 456 2422 acepit,
472 2340 522 2416 ut,
535 2327 646 2396 Danis
660 2322 924 2424 infatigabiliter
940 2328 1138 2420 imminens,
1155 2329 1273 2427 ipsum
1287 2328 1378 2398 intra
1395 2321 1645 2398 stasvtetfim

336 2445 383 2518 ad
397 2445 567 2520 tuendam
583 2445 845 2521 salutemsuam
861 2455 1012 2525 statione
1027 2466 1062 2524 et
1082 2450 1243 2524 excubiis
1259 2455 1309 2524 uti
1333 2464 1488 2547 cogeret.
1525 2450 1643 2518 larer-

332 2572 465 2668 jectam
480 2571 592 2644 Albiae
605 2569 834 2668 Slesvicoque
849 2575 1091 2672 provinciam³
1120 2573 1259 2646 cultore
1274 2571 1479 2647 vacuefecit
1532 2571 1645 2666 Cujus

335 2694 388 2764 rei
403 2690 615 2766 ulciscendae
640 2695 751 2792 gratia
773 2694 952 2787 Nicolans,
974 2699 1086 2770 excita
1099 2695 1231 2786 classe,
1255 2693 1468 2768 Liutcbam³
1485 2691 1644 2791 appellit,

336 2813 475 2908 Elivot,
492 2813 718 2888 Slesvieensis
735 2815 958 2913 praefecturae
975 2820 1063 2913 viro,
1078 2834 1262 2917 equestres
1277 2817 1420 2893 obviam
1434 2814 1506 2890 sibi
1519 2817 1644 2913 copias
1764 2841 1765 2912 3

337 3123 399 3187 lilia
411 3125 568 3190 Matislawi
581 3141 612 3192 et
626 3127 799 3210 Christian,
816 3154 896 3194 anno
909 3132 959 3195 de·
1017 3132 1094 3194 nicae
1104 3130 1233 3197 fortasse
1248 3151 1304 3219 per
1312 3132 1511 3207 Biornonem,
1519 3127 1643 3192 fratrem
1764 3184 1765 3200 ,

338 3251 422 3294 mum
440 3227 520 3294 1118
531 3233 639 3298 initum
655 3248 715 3314 eat3
739 3235 792 3298 aed
810 3236 870 3298 hoc
888 3236 959 3300 loco
1016 3237 1144 3318 Nicolai‚
1167 3237 1267 3302 fuerat
1287 3234 1422 3302 redacta.

339 3350 442 3400 noster
456 3339 614 3418 eontulit,
628 3344 872 3428 qumMarqareta
886 3364 959 3428 pro·
1061 3343 1249 3422 tetrarcham]
1267 3348 1356 3408 Nunc
1368 3340 1579 3428 Liitltenburg.
1621 3345 1628 3356 “

339 3456 463 3508 ouraute
483 3443 596 3523 effecte
612 3443 743 3511 luerunt.
1061 3452 1179 3531 *ΕΜ
1193 3450 1298 3516 Editio
1313 3450 1456 3534 princeps
1468 3447 1644 3512 inconstans
1764 3475 1765 3534 3

386 3554 395 3587 ¹
409 3553 522 3614 Ubboni
531 3553 659 3632 cuidam]
673 3555 791 3634 Eidem,
803 3554 856 3640 qui
870 3557 903 3618 in
918 3551 962 3618 di·
1020 3571 1066 3622 est
1078 3558 1110 3620 in
1119 3558 1179 3622 hoc
1194 3551 1501 3633 nominescribend03
1511 3554 1645 3638 primum

338 3653 474 3740 plomate
490 3679 569 3721 anno
586 3659 666 3724 1117
680 3660 764 3726 edito
782 3661 892 3727 dicitur
912 3681 962 3726 co·
1019 3664 1249 3734 babetEIiown,
1270 3659 1380 3726 deinde
1396 3660 1506 3744 saepius
1515 3664 1646 3734 Elaeam,

338 3761 961 3854 mesUbbo‚generregia;rid.Diplomat.
1019 3792 1111 3856 quam
1134 3769 1296 3833 lectionem
1326 3767 1486 3832 crantzius
1520 3767 1646 3832 retinuit

339 3873 530 3958 llrnaemagn.
545 3874 675 3958 rolip.
689 3871 718 3936 3.
1018 3877 1112 3953 (Dan.
1132 3874 1184 3938 lita
1201 3877 1228 3942 V
1247 3899 1277 3960 p.
1299 3873 1382 3954 101).
1428 3872 1489 3936 Sed
1513 3873 1647 3936 Thomas
1764 3915 1765 3928 1

384 3981 590 4062 ’Interjectam
600 3982 692 4042 Alba'oe
700 3983 882 4063 Slesvt'coque
888 3977 961 4066 pro·
1019 3980 1223 4063 Gheysmerus
1235 3978 1270 4058 (l.
1284 3999 1309 4043 c.
1325 4002 1357 4063 p.
1371 3973 1448 4058 364)
1464 3991 1495 4040 et
1509 3991 1646 4042 vetustus

337 4085 475 4164 vinariam]
491 4085 732 4169 Haudquaquam
743 4085 888 4170 intelligit
899 4089 962 4150 No·
1016 4086 1181 4149 translator
1214 4084 1279 4169 ejus
1314 4082 1504 4168 germanicus
1531 4083 1677 4147 babent.

339 4205 402 4255 ster
415 4212 533 4264 ornnem
549 4204 680 4254 tractum
698 4189 797 4254 Attia
813 4191 962 4255 Sleaaico·
1019 4193 1158 4266 Olenum,
1165 4213 1233 4278 qnae
1250 4190 1341 4254 lectio
1353 4187 1442 4252 facile
1456 4189 1531 4256 oriri
1544 4191 1648 4273 potuit

316 4287 398 4380 ¹quo
423 4298 631 4382 interJectum3
666 4319 735 4362 nam
762 4297 860 4382 major
890 4321 962 4384 para
1021 4319 1056 4362 ex
1072 4303 1178 4372 Elaao,
1197 4320 1260 4383 qun
1278 4299 1400 4361 nomine
1414 4295 1475 4358 dux
1495 4295 1547 4360 ille
1563 4297 1648 4358 venit

339 4401 429 4485 liujus
442 4405 573 4486 regionis
586 4403 714 4489 imperio
726 4408 884 4468 Danorum
892 4426 964 4470 neu·
1018 4405 1050 4468 in
1077 4405 1223 4470 chronico
1252 4404 1413 4470 Sialandiae
1435 4401 1565 4487 (Script.
1587 4421 1648 4467 rer.

340 4508 454 4593 tiquam
475 4509 609 4596 parebat.
656 4509 716 4574 Sed
733 4513 810 4575 Saxo
826 4511 961 4596 loquitur
1019 4514 1096 4574 Dan.
1109 4512 1171 4576 vol.
1189 4514 1214 4572 ll
1226 4533 1257 4594 p.
1280 4507 1365 4590 610).
1413 4512 1523 4574 Elaeus
1545 4522 1650 4574 autem

341 4615 550 4678 tantummodo
571 4613 607 4675 de
620 4635 655 4678 ea
678 4629 765 4700 parte
778 4617 869 4700 hujus
882 4618 961 4702 regi-
1019 4629 1048 4684 at
1071 4619 1178 4680 Elisus
1209 4615 1290 4681 idem
1322 4638 1433 4680 nomeu
1454 4615 1591 4681 indicent
1611 4633 1650 4678 au

229 4769 243 4788 .,
340 4718 417 4798 ons,
444 4743 512 4806 quae
524 4721 555 4784 in
574 4719 702 4786 sormam
719 4724 886 4806 provincie
898 4727 961 4787 Ila-
1017 4726 1110 4804 Eilis‚·
1132 4723 1174 4786 ita
1198 4741 1305 4787 veroa
1333 4725 1491 4790 Snorrone
1513 4721 1650 4784 Sturlaeo
