3582 5466
741 315 912 390 sulcus
1351 315 1423 390 tot

164 526 259 623 sgr‘u
275 523 423 597 ubertas
436 525 588 596 incessit.
648 529 731 618 Quo
745 527 878 613 evenit,
906 541 1029 598 utnon
1045 527 1162 598 solum
1181 553 1223 598 ex
1241 521 1394 617 anorum,
1411 523 1474 603 sed

163 649 270 720 maur
279 662 482 742 temporum
492 642 728 743 placidissimo
744 667 811 718 usu
827 649 914 717 Boni
931 654 1149 744 cognomen¹
1163 653 1350 748 acciperet.
1373 649 1475 720 Tune

164 765 272 866 piune
293 766 454 865 penurie
478 769 601 864 copia,
631 770 760 865 inopiae
789 774 958 843 successit
984 769 1210 846 abundantia.
1268 759 1390 869 Hujus
1409 775 1472 843 vtrt

166 891 311 962 virtutes
334 891 539 963 summatim
564 913 784 988 cognoscere
809 890 921 964 tedio
939 915 1012 964 non
1036 897 1089 965 sit.
1150 897 1238 966 Nam
1260 891 1473 991 praeterin-

165 1015 284 1113 geutia
300 1016 406 1086 animi
422 1009 551 1084 decora
569 1011 808 1112 singularibus
830 1029 968 1088 naturae
981 1006 1208 1088 'incrementis
1232 1031 1378 1090 evectus
1402 1015 1474 1088 ad·

165 1133 499 1232 mirabiiicorporir
525 1135 767 1235 magnitudine
787 1156 832 1208 eo
849 1137 1072 1230 proceritatis
1095 1153 1310 1226 excesserat,
1337 1153 1376 1210 ut
1397 1158 1494 1232 uae<

165 1277 324 1332 tuorum
346 1259 494 1331 vertices
507 1253 665 1330 humeris
689 1271 882 1356 superaret.
941 1260 1010 1330 Nee
1034 1253 1243 1358 longitudini
1266 1263 1473 1330 inconcinna

166 1377 327 1454 soliditas
346 1377 429 1469 init,
457 1395 496 1452 ut
515 1395 623 1452 totam
641 1382 720 1478 ejus
736 1400 947 1477 compagem
967 1385 1187 1455 exactissimo
1211 1397 1347 1454 naturae
1369 1383 1473 1479 inge-

165 1506 230 1574 nio
243 1498 417 1574 excultam
431 1497 726 1600 elaboratumque
740 1519 895 1600 putores,
916 1531 1000 1603 qum
1016 1509 1158 1600 corpori
1174 1502 1369 1603 granditate
1382 1526 1475 1574 con·

164 1625 293 1722 spicue
310 1639 586 1698 consentaneum
605 1629 731 1698 virium
740 1623 1121 1699 habitumconciiiavit.
1147 1628 1257 1724 igitur
1271 1641 1309 1698 ut
1324 1642 1476 1722 corpore

165 1744 318 1836 nulium,
330 1747 377 1818 ita
394 1745 607 1820 necrobore
622 1767 746 1844 panem
761 1745 908 1836 habuit,
933 1771 1016 1821 cum
1039 1763 1181 1820 staturae
1204 1745 1309 1818 iaude
1335 1748 1474 1844 egregia

167 1893 320 1968 quoque
338 1868 470 1966 vigoris
487 1884 691 1939 ornamenta
708 1867 860 1942 sortitus
893 1873 1009 1942 Haste
1020 1885 1080 1943 aut
1092 1869 1217 1968 lapidis
1228 1872 1325 1967 jootn
1342 1865 1476 1940 'sedens

168 1989 485 2081 stantesvincebat,
498 2013 616 2086 neque
631 1988 680 2060 ilii
696 1995 796 2082 situs,
813 2018 888 2090 quo
907 1995 1023 2066 minus
1039 1989 1252 2064 fortitudinis
1268 2015 1344 2063 suae
1358 2013 1475 2086 erpe-

165 2113 328 2186 rientinm
348 2109 488 2202 aderet,
512 2111 654 2186 oiiicere
668 2119 792 2210 potuit.
854 2112 991 2186 Eodem
1013 2119 1175 2212 corporis
1198 2117 1265 2184 situ
1290 2137 1332 2184 ex
1356 2108 1475 2182 robu-
1546 2153 1552 2163 ·

164 2234 323 2310 murium
340 2229 432 2306 duos
452 2233 546 2306 lucta
568 2232 861 2332 aggrediebatnr3
904 2236 1066 2334 dumque
1089 2235 1237 2308 alterurn
1272 2247 1477 2321 attrectaret,

166 2355 320 2430 aiterum
339 2355 490 2452 genibus
514 2379 760 2453 compressum
786 2358 958 2458 urgebat,
993 2385 1059 2431 nee
1082 2373 1161 2430 onte
1183 2353 1333 2444 destitit,
1367 2375 1476 2450 quarn

168 2475 404 2578 priuahuoc,
438 2476 682 2550 deindeilium
707 2478 863 2576 pedibus
885 2479 1110 2578 subjiciendo
1136 2476 1325 2552 amborum
1350 2497 1478 2548 manus

167 2603 364 2700 pcattcrge
389 2601 546 2674 vinciret.
605 2603 677 2676 Nec
705 2605 831 2675 minori
859 2602 991 2676 robore
1015 2599 1253 2674 funiculorum
1276 2601 1473 2672 certnmen²

167 2722 339 2798 exhibuit.
372 2725 516 2823 Quippe
532 2749 643 2798 unum
658 2724 790 2817 dextro,
807 2725 959 2798 niterurn
976 2727 1112 2799 sinistro
1127 2721 1324 2810 continens,
1352 2743 1477 2791 eorum

167 2861 329 2920 extreme
343 2861 501 2944 quatuor
516 2847 765 2945 prestantibus
781 2845 914 2920 robore
932 2849 1015 2920 uiris
1032 2871 1075 2920 ex
1089 2844 1242 2919 adverso
1253 2836 1477 2916 distrahenda

167 2970 356 3044 commitit
408 2969 645 3061 Quibuscum
664 2972 903 3068 nequicquam
918 2969 1003 3046 sede
1026 2993 1091 3044 auu
1107 2965 1291 3041 detrahere
1305 2964 1479 3036 iuberen-
1611 2961 1618 2968 '

169 3091 283 3183 tibus,
306 3094 386 3191 ip·
400 3091 523 3166 danem
541 3093 740 3190 utrimque³
760 3090 869 3164 modo
886 3091 1024 3184 dextro,
1045 3089 1155 3165 modo
1174 3087 1263 3162 laeva
1283 3089 1478 3184 corripiens

170 3407 312 3470 indocta
332 3407 564 3484 dissertatione,
588 3430 645 3492 qua
667 3411 697 3471 in
723 3409 802 3472 hunc
857 3411 898 3470 ita
917 3408 1030 3471 dictum
1047 3407 1136 3471 inisse
1152 3407 1266 3480 usserit,
1286 3401 1315 3482 i)
1328 3401 1368 3463 ob
1392 3403 1479 3462 uber·

171 3515 277 3577 iocum
319 3527 539 3578 commentatus
574 3528 618 3576 eat
658 3513 802 3592 (Nordist
859 3513 1479 3596 tatemannonast)proptermagnaaror-

171 3618 340 3683 'lidaain'st
354 3617 376 3682 3
390 3625 425 3683 B.
441 3619 463 3682 3
478 3623 541 3701 ii),
559 3633 694 3683 autorem
717 3619 806 3682 citro·
860 3621 944 3704 poris
968 3619 1064 3696 dotes,
1088 3617 1123 3698 ³)
1145 3615 1226 3702 quod
1249 3615 1337 3678 bonis
1366 3611 1481 3675 artibus
1505 3635 1509 3642 ·

173 3725 328 3800 tricicum
343 3725 445 3802 sciret,
464 3727 595 3790 valorem
612 3725 802 3788 denariorum
856 3745 1004 3788 sumntum
1017 3745 1149 3789 amorem
1171 3723 1277 3808 popuii
1300 3719 1358 3784 sibi
1380 3717 1481 3779 conci-

171 3831 445 3896 aberatesaxonts
458 3832 494 3897 ad
509 3855 591 3897 auam
606 3831 691 3896 vaide
709 3831 802 3895 demi·
859 3829 986 3892 tierent.

171 3949 284 4001 nutum
293 3937 803 4024 eaae,interpretemqnodammodo
904 3937 1136 3998 'denticulorum
1164 3927 1321 4010 certamen]
1347 3932 1395 3992 De
1423 3923 1482 3986 hoc

171 4041 303 4106 Saxonis
312 4042 372 4106 anis
382 4043 546 4106 lectoribus
559 4063 649 4129 agere
663 4045 803 4123 voluisse,
860 4043 1024 4105 certamine
1045 4039 1106 4106 rid.
1131 4051 1195 4103 not.
1213 4037 1297 4102 uber.
1318 4032 1356 4096 ad
1378 4029 1429 4094 lib.
1453 4031 1482 4090 V

171 4147 254 4210 duos
278 4147 421 4212 marica
450 4151 564 4214 usuales
585 4173 645 4236 pro
667 4173 728 4215 nuo
751 4154 804 4214 Sa·
858 4163 890 4232 p.
906 4145 977 4210 919.

48 4277 61 4307 ³
170 4253 263 4319 sonis
274 4255 305 4317 ia
320 4275 373 4318 rua
390 4257 564 4319 narratione
576 4269 749 4342 ponentem.
911 4251 1091 4338 'Utrr'nquel
1107 4253 1216 4318 Sensus
1230 4261 1286 4328 eat,
1302 4263 1405 4330 regem
1421 4255 1483 4304 tm

223 4365 325 4424 'Boni
339 4361 508 4444 cognomen]
531 4365 624 4424 Hunc
649 4363 804 4424 annalista
861 4371 977 4442 sparte
997 4358 1116 4422 sinistra
1132 4377 1221 4443 quarn
1242 4379 1258 4420 a
1276 4363 1363 4438 parte
1378 4349 1482 4414 dextra

172 4469 301 4552 Egeriae
313 4465 478 4552 appeliant,
495 4467 579 4552 quod
598 4465 753 4529 derivatur
767 4467 805 4530 ab
861 4465 1085 4548 quattuorviros
1105 4461 1201 4526 fortes
1221 4460 1324 4526 sunem
1347 4465 1484 4520 tenentes
1617 4499 1623 4508 .

169 4601 188 4637 ι
204 4573 625 4660 siteey,rentper,etgotdoe,
641 4577 807 4658 compari,
861 4569 899 4632 nd
922 4591 954 4634 te
974 4557 1151 4656 pertrahere
1176 4569 1317 4653 potuisse.
1378 4563 1485 4645 steph.

171 4683 283 4752 baar,-
298 4692 346 4743 est
363 4677 529 4764 igitar,qoi
551 4677 589 4740 ab
603 4679 685 4742 omni
705 4701 806 4764 respe-
861 4676 962 4766 posuit
984 4693 1141 4760 utrimque.
1217 4679 1294 4736 'l'nm
1315 4671 1367 4734 hic
1386 4669 1486 4734 oritur

172 4797 229 4848 cta
242 4785 342 4850 bonus
355 4797 505 4850 censetur.
549 4787 650 4849 Autor
669 4785 806 4850 chronici
860 4801 973 4861 aenens,
981 4781 1114 4868 potuisse
1125 4799 1227 4864 regem
1245 4801 1303 4842 um
1320 4789 1484 4842 menatem

172 4891 262 4956 Erici
291 4913 322 4977 p.
354 4887 414 4956 160
436 4911 506 4956 eum
529 4893 642 4978 triplici
664 4891 701 4956 de
718 4913 804 4958 causa
862 4887 936 4950 imre
964 4909 1053 4974 qnam
1079 4888 1184 4952 dextra
1205 4880 1482 4971 utrumqneiunem
