3536 5462
609 269 940 344 WALDEMARUS
956 273 980 342 l

1330 267 1404 346 887

235 485 383 556 Postera
405 481 551 551 aestate¹
571 478 757 568 chricus,
775 481 923 554 Bavaria
943 501 1125 565 reversus,
1152 477 1252 576 apud
1269 475 1455 576 Eydoram

133 601 277 681 solenne
294 627 376 678 cum
392 603 504 674 Danis
519 598 743 701 colloquium
761 599 897 676 habuit.
945 605 985 675 In
1005 626 1079 702 quo
1100 599 1150 674 ob
1169 625 1365 699 prosperos
1388 627 1453 674 re-
1478 603 1481 610 “

133 753 214 804 runt
231 746 420 802 successus
437 720 529 794 adeo
543 746 583 796 se
598 722 790 797 insolenter
806 751 848 798 ac
865 724 1001 797 tumide
1014 725 1094 823 egit,
1123 741 1160 796 ut
1178 723 1337 797 medium
1351 748 1452 823 pon·
1478 725 1483 732 ’

133 857 189 948 tis,
212 853 303 925 sicut
325 863 407 922 ante
422 863 668 937 concreverat,
696 845 831 920 visendi
856 850 952 947 regis
981 872 1090 922 causa
1115 845 1313 946 transgredi
1340 872 1453 920 recu-

134 990 310 1066 sarecne
329 968 401 1044 sibi
420 968 588 1068 dignitate
606 987 784 1067 praestare,
811 997 919 1070 quem
942 987 1088 1070 peteret,
1114 969 1292 1054 fateretur,
1320 975 1453 1042 imme·-

133 1123 214 1173 mor
237 1109 404 1196 prorsus,
441 1091 543 1166 illum
564 1109 754 1192 paternum
780 1098 988 1194 avitumque
1014 1094 1174 1192 regimen
1201 1117 1348 1192 gerere,
1383 1094 1452 1166 sihi

132 1223 240 1294 alieni
262 1218 401 1314 imperii
426 1214 677 1314 praefecturam
693 1223 845 1292 cessisse.
898 1221 1015 1312 Quam
1039 1215 1264 1290 insolentiam
1283 1240 1344 1288 rex
1360 1213 1452 1288 adeo

132 1344 307 1442 patienter
324 1364 367 1412 ac
383 1335 568 1412 moderate
584 1337 672 1428 tulit,
698 1357 738 1413 ut
755 1345 789 1412 in
809 1341 886 1438 ejus
905 1363 1109 1430 occursum,
1135 1343 1329 1437 exaequatis
1349 1363 1451 1438 pon-

132 1474 174 1542 tis
190 1464 333 1563 spatiis,
357 1479 530 1562 tanquam
553 1487 637 1560 par,
663 1488 735 1534 non
751 1467 876 1553 maior,
907 1462 1157 1552 descenderet,
1184 1461 1451 1536 honoratiorem

131 1613 170 1664 sc
187 1601 300 1674 ratus,
325 1587 354 1658 si
368 1609 452 1658 cum
466 1583 681 1684 indignantis
699 1587 762 1661 viri
781 1584 873 1658 fastu
892 1583 1091 1659 humilitate
1108 1555 1286 1660 certasset
1327 1587 1451 1683 Siqui-
1485 1583 1489 1590 ’

132 1709 216 1784 dem
235 1705 402 1808 praeditus
417 1707 695 1782 mansuetudine
720 1709 859 1782 animus
886 1707 1132 1782 celsitudinem
1151 1734 1253 1783 suam
1271 1711 1358 1781 citra
1379 1697 1457 1778 de-·¹
1480 1705 1486 1712 ’

130 1832 245 1908 bitem
266 1831 437 1928 majestati
459 1834 721 1906 venerationem
744 1832 969 1924 submittere,
996 1859 1106 1932 quam
1125 1831 1249 1904 alienae
1268 1829 1449 1930 superbie

131 1953 299 2054 exemplo
316 1952 530 2026 insolescere
547 1954 681 2029 maluit.
734 1960 859 2055 Itaque
874 1961 889 2000 ²
910 1981 1001 2054 pace
1017 1983 1099 2029 cum
1117 1959 1269 2029 ilenrico
1288 1979 1449 2053 compo-

177 2283 187 2317 ⁸
210 2281 335 2341 Postera
361 2275 476 2356 mente]
502 2276 649 2360 Ejusdem
692 2278 761 2339 anni

105 2381 213 2449 01171
233 2381 277 2462 (v.
298 2381 421 2468 disquis.
442 2383 479 2446 de
499 2383 666 2462 chronol).

176 2497 190 2530 ²
208 2493 365 2553 Paucum
380 2493 509 2552 Henrt'co
524 2491 695 2576 composita]
715 2493 762 2552 De

130 2597 224 2681 hujus
248 2594 333 2679 pacis
362 2595 479 2680 legibus
508 2595 691 2659 Helmoldus
712 2573 761 2672 tt,

131 2699 258 2767 1411Βο
279 2701 393 2764 habet:
420 2707 460 2762 Et
484 2706 562 2764 venit
582 2705 642 2764 dux
658 2704 701 2766 acl
713 2729 762 2764 ca·

125 2815 254 2898 petitum
281 2811 392 2896 placiti
422 2810 513 2869 locum
546 2813 575 2868 ia
605 2813 762 2872 retrudere

818 2279 988 2362 designatas
1008 2297 1073 2342 erat
1095 2303 1159 2350 rex,
1182 2285 1211 2339 iu
1231 2303 1356 2340 uxorem.
1399 2283 1449 2338 In·

818 2403 948 2447 ter-uentu
975 2391 1073 2468 itaque
1093 2409 1263 2468 magnorum
1283 2389 1449 2471 principuus

817 2497 962 2552 consensit
988 2494 1067 2562 dax,
1097 2511 1126 2552 et
1144 2495 1222 2553 mt'st't
1242 2493 1339 2574 filium
1366 2513 1449 2550 snam

819 2603 848 2656 r'rt
878 2620 996 2680 reguum
1027 2601 1200 2669 Dacorum,
1233 2615 1262 2658 et
1285 2597 1377 2681 sactu
1406 2611 1448 2656 est

817 2706 921 2763 loett'tt'n
939 2727 1049 2784 inagna
1067 2705 1197 2765 omnibus
1214 2706 1332 2790 populis
1350 2704 1449 2762 borea·

817 2811 885 2870 lium
908 2813 1079 2881 nationum,
1090 2811 1263 2891 jocunditas
1282 2826 1310 2870 et
1325 2831 1390 2893 pax
1409 2812 1449 2865 si-

817 2918 878 2975 mul
902 2932 970 2976 orta
991 2934 1042 2978 est.
1098 2919 1165 2977 Non
1193 2915 1278 2976 abest
1305 2911 1449 2997 suspicio,

816 3019 987 3104 quiessem
1014 3035 1118 3084 noster
1140 3021 1231 3103 hujus
1257 3022 1340 3105 pacis
1366 3021 1448 3103 leges

128 2935 227 2981 sancta
246 2917 368 2978 Ioannis
385 2915 537 2999 Baptista.
579 2917 618 2975 Et
636 2920 761 2976 occurrit

127 3029 157 3086 ei
174 3047 229 3085 rex
245 3025 398 3084 Dacorum
407 3065 420 3092 ,
449 3037 477 3081 et
494 3020 623 3082 exhibuit
641 3045 671 3082 se
689 3043 759 3104 pro·

126 3153 199 3192 num
221 3131 264 3192 ad
280 3149 390 3189 omnem
405 3125 583 3190 voluntalem
603 3129 692 3188 dumo.
723 3131 762 3186 Et

126 3239 299 3318 recognovit
326 3238 357 3294 εί
379 3234 560 3296 medietatem
589 3235 761 3294 tributorum

124 3357 156 3402 et
184 3339 340 3409 obsidum,
367 3361 430 3422 quae
452 3339 593 3402 dederant
612 3341 708 3410 Rarrt',
732 3355 761 3399 et

124 3446 163 3508 dc
190 3449 298 3508 cererin
312 3445 390 3527 fani
408 3469 517 3528 equam
533 3452 711 3530 portaerem,
732 3463 761 3505 et

123 3553 170 3614 ad
197 3553 337 3634 singula„
370 3573 432 3636 quoe
453 3553 514 3611 dax
532 3552 680 3632 J'ndicaur't
701 3557 762 3612 eai-

120 3659 251 3744 gende,
279 3659 380 3720 devote
402 3661 509 3744 paruit
541 3681 600 3718 res.
653 3661 689 3716 Et
719 3681 761 3716 re·

121 3781 246 3827 novate
266 3782 334 3826 sunt
364 3769 441 3825 cister
471 3788 520 3826 eos
547 3767 701 3832 amr'cr'tioe,
732 3777 762 3822 et

121 3871 329 3932 musterium
348 3871 451 3941 stava,
481 3896 516 3932 ne
534 3871 569 3932 de
588 3886 690 3931 cetero
710 3873 762 3928 r'm·

113 3991 299 4062 pugnarent
322 3977 460 4037 Dareium.
517 3979 557 4036 Et
581 3975 663 4055 facti
692 3991 760 4036 ruat

118 4084 229 4144 nutem
261 4081 415 4144 Stenarum
453 4084 604 4144 subtristes
636 4098 762 4166 propter

118 4187 412 4282 confoederationem
428 4193 607 4282 principum.
651 4192 690 4248 Et
710 4193 762 4248 nei·

116 4299 163 4358 st't
186 4295 252 4356 dux
270 4299 391 4356 numios
410 4319 479 4356 suos
500 4319 563 4354 cum
586 4299 699 4354 nuncies
720 4317 762 4386 re-

816 3126 884 3188 ideo
909 3126 1062 3206 omiserit,
1094 3128 1177 3212 quod
1202 3127 1377 3210 injucunda
1403 3146 1449 3187 es-

816 3244 893 3294 sent.
948 3236 1062 3294 Earum
1087 3234 1275 3298 enumeratio
1299 3245 1447 3318 praeterea

818 3361 854 3402 eo
869 3338 999 3402 sortasse
1015 3339 1115 3402 minus
1130 3339 1297 3403 necessaria
1317 3340 1377 3401 visa
1394 3353 1449 3410 est,

817 3445 902 3529 qnod
916 3446 976 3528 jam
990 3465 1026 3506 eo
1041 3457 1192 3527 tempore,
1212 3468 1273 3530 quo
1292 3445 1447 3506 historiam

816 3573 899 3614 suom
926 3552 1065 3636 scripsit,
1101 3552 1226 3634 vestigia
1257 3571 1358 3614 earnm
1381 3571 1449 3612 era·

817 3667 965 3732 nuaram,
985 3657 1180 3719 matrimonio
1202 3659 1449 3719 duntaxat-inter

817 3763 965 3824 Cannium
977 3763 1197 3826 etGertradem
1211 3776 1350 3847 excepto,
1366 3761 1449 3848 quod

815 3879 916 3928 tamen
931 3869 1010 3929 Saxo
1025 3889 1088 3930 non
1099 3869 1150 3930 illa
1166 3889 1241 3952 pace
1259 3869 1359 3954 primo
1376 3883 1448 3929 con·

816 3975 951 4036 ciliatum
967 3993 1031 4036 esse
1048 3973 1153 4048 voluit,
1175 3973 1304 4059 ideoque
1320 3975 1380 4056 jam
1398 3995 1449 4034 an·

818 4095 866 4144 tea
887 4085 928 4162 (v.
943 4102 1033 4166 supra
1054 4103 1084 4164 p.
1101 4075 1163 4142 815
1181 4081 1243 4164 sq.l
1265 4099 1449 4142 commemo-

817 4203 948 4251 raverat.
992 4191 1024 4248 ln
1044 4200 1199 4250 contentu
1220 4189 1290 4248 anni
1313 4183 1388 4246 1171
1412 4185 1449 4246 de

816 4294 872 4355 illo
897 4293 1093 4355 matrimonio
1114 4292 1205 4354 modo
1231 4287 1290 4354 hoc
1319 4291 1449 4353 sortasse

115 4404 173 4484 gis
195 4404 354 4463 interram
369 4377 583 4471 Hunoruntset
602 4404 763 4461 servierunt
817 4411 939 4483 pactum
955 4409 1010 4474 est,
1031 4399 1186 4461 dimidiam
1200 4411 1319 4482 partem
1336 4399 1450 4483 praedat

114 4511 151 4568 ei
172 4507 231 4569 suh
254 4508 363 4568 trr'buto
379 4509 467 4568 Rani.
509 4509 548 4566 Et
571 4511 688 4588 rogavit
712 4529 764 4566 rea
816 4505 964 4588 Rugianae
990 4503 1026 4566 ad
1056 4503 1163 4567 ducem
1191 4505 1396 4589 pertinentem
1417 4505 1451 4567 li-

115 4616 284 4678 Danorum
301 4613 416 4684 ducem,
437 4629 470 4672 ut
484 4613 584 4697 fidiam
605 4634 702 4681 suam,
721 4616 763 4672 ni·
818 4611 868 4671 liae
894 4609 960 4692 ejus
982 4609 1049 4672 doti
1079 4609 1212 4674 futuram
1235 4632 1307 4675 esse.
1351 4613 1452 4700 Quam

115 4719 220 4780 duam
229 4717 714 4806 Frerlrericinobilrksemt‘priacipis
728 4719 774 4779 de·
816 4714 939 4798 quidem
956 4716 1017 4798 jam
1033 4733 1070 4780 eo
1087 4731 1225 4805 tempore
1237 4721 1366 4783 solutam
1377 4737 1453 4790 esse,

115 4824 325 4908 Radendarg,
347 4826 437 4890 daret
454 4827 520 4906 filio
540 4850 612 4897 suo,
635 4829 687 4906 qni
696 4824 762 4904 jam
816 4821 887 4885 inde
909 4823 993 4908 sequi
1014 4823 1143 4903 ridetur,
1170 4825 1252 4910 quod
1271 4825 1355 4886 breti
1379 4833 1452 4907 post
