3536 5462
346 243 420 386 aar
685 307 863 380 aaron.
889 271 993 379 nan.
1018 301 1269 382 crunaxv?
1370 313 1375 334 ·

296 521 474 612 Absalon,
510 536 591 593 ante
618 535 765 618 accepta
783 523 935 593 certiore
967 533 1136 617 expertus
1161 518 1306 608 nuntio,
1346 527 1612 590 consternatam

297 649 450 719 amentia
464 642 620 742 plebem,
647 640 751 741 qnod
769 643 802 714 ei
825 665 864 714 se
883 655 959 714 tuto
975 641 1186 740 objecturus
1202 663 1276 713 non
1291 635 1493 732 videretur,
1515 664 1614 737 pro-

297 773 439 858 curatis,
466 770 526 864 qui
549 769 758 837 concionem
777 762 995 856 accederent,
1019 789 1086 864 per
1109 788 1290 838 summam
1313 762 1489 861 aequitatis
1516 787 1613 860 pro-

296 896 501 966 missionem
522 885 670 959 delinire
685 887 876 960 constituit.
928 889 997 979 Qui
1020 912 1100 959 curn
1125 887 1247 958 omnia
1267 887 1487 957 atrocissimo
1509 882 1613 956 mul-

298 1013 452 1090 titudinis
473 1011 595 1084 lurore
622 1011 784 1100 misceri,
804 1011 1005 1108 ipsamque,
1031 1034 1121 1082 ausu
1145 1005 1379 1106 petulantiore
1402 1009 1612 1097 instinctam,

168 1144 172 1151 '
296 1139 410 1214 effusa
430 1133 628 1210 verborum
658 1132 799 1206 licentia
822 1133 996 1206 nobilitati
1022 1128 1191 1206 insultare
1222 1144 1498 1230 cognoscerent,
1534 1145 1613 1202 aeto

295 1260 547 1337 mandatorum
573 1253 728 1347 silentio,
750 1261 945 1328 maximum
970 1253 1132 1327 seditioni
1163 1257 1431 1327 incitamentum
1460 1249 1613 1343 dedere,

294 1385 380 1488 plus
401 1382 525 1456 alieuae
551 1377 736 1450 dementiae
761 1403 872 1476 quam
890 1380 1049 1478 propriae
1067 1375 1248 1476 legationis
1275 1373 1391 1446 officio
1410 1373 1613 1449 tribuentes.

297 1507 406 1606 Quod
432 1502 582 1606 perfidia
608 1527 654 1574 au
678 1520 775 1575 metu
799 1506 950 1600 egerint,
984 1499 1137 1572 dubium
1169 1491 1359 1597 reliquere.
1415 1503 1447 1571 E
1474 1500 1611 1598 quibus

295 1640 420 1708 Petrus
438 1628 581 1726 longus,
598 1627 745 1724 insignis
759 1641 913 1714 staturae,
935 1647 1033 1722 aegre
1053 1619 1194 1694 dicendi
1209 1640 1423 1722 potestatem
1447 1622 1612 1721 adeptus,

297 1755 496 1841 affirmare,
528 1774 585 1842 se,
628 1755 764 1820 tametsi
801 1746 901 1819 miles
930 1745 1123 1819 Absalcnis
1154 1763 1269 1839 esset,
1299 1764 1501 1846 respectum
1531 1747 1611 1846 ejus

262 1858 264 1866 ¹
297 1879 429 1952 civium
445 1869 553 1946 cultui
572 1895 645 1943 non
660 1870 850 1962 anteferre,
873 1867 1002 1969 populi
1016 1869 1235 1966 majestatem
1254 1869 1432 1968 pontilicis
1447 1869 1612 1968 partibus

274 2002 455 2102 .priorem
486 1994 636 2084 ducere,
670 1992 755 2091 plus
793 1991 950 2090 publicae
976 1994 1107 2064 caritati
1142 2017 1251 2089 quam
1285 1997 1431 2091 privatae
1459 1991 1614 2088 debere,

297 2127 464 2198 caeterum
481 2115 527 2190 ad
545 2140 667 2190 omnes
687 2112 785 2213 vulgi
802 2128 901 2187 actus
924 2113 1111 2187 imitandos
1127 2121 1363 2214 propensiore
1379 2119 1498 2190 animo
1512 2115 1613 2210 lore3

295 2244 498 2320 libertatem
515 2242 606 2340 ejus,
627 2242 703 2338 jam
730 2242 833 2336 quasi
853 2235 1062 2336 naufragam
1080 2236 1418 2336 ac'periclitantem,
1442 2264 1488 2311 ue
1501 2243 1611 2313 armis

296 2367 443 2468 quidem
460 2380 651 2462 protegere
666 2360 924 2468 dubitaturum.
977 2363 1207 2458 Responsum
1225 2387 1245 2434 a
1262 2364 1436 2436 concione
1454 2377 1518 2453 est,
1541 2360 1610 2436 lu-

296 2491 431 2566 dificari
448 2485 604 2586 plebem,
625 2509 735 2582 quam
750 2481 911 2555 Absalon
925 2500 1194 2584 magnatesque,
1214 2487 1347 2583 rapinis
1364 2481 1495 2584 vulgus
1512 2485 1611 2559 affli-

296 2637 382 2716 gere
394 2607 497 2700 soliti,
515 2607 562 2680 de
577 2603 748 2680 industria
762 2622 883 2704 petere
899 2607 1191 2704 supersedissent.
1243 2609 1361 2699 Quam
1379 2633 1503 2682 vocem
1520 2612 1614 2682 uni-

294 2739 406 2813 versis
422 2735 596 2806 acerrimo
613 2725 771 2801 clamore
787 2727 1125 2824 comprobantibus,
1149 2726 1340 2804 multitudo
1357 2733 1514 2804 maximo
1529 2730 1613 2805 fra-

295 2883 383 2962 gore
408 2853 604 2943 dissiliens,
632 2867 768 2924 armata
792 2855 925 2949 passim
944 2858 1059 2950 equos
1080 2849 1232 2943 involat,
1257 2852 1448 2928 Absalonis
1463 2872 1614 2954 penates

294 2979 469 3057 hostiliter
493 2979 656 3076 petitura.
707 2979 833 3072 Neque
849 2979 942 3046 euim
971 3001 1014 3047 eo
1038 2979 1244 3071 properanti
1265 2983 1459 3070 succurrit,
1490 2976 1614 3052 illusa

295 3129 336 3178 se
364 3102 459 3174 lares
481 3099 673 3190 incursari,
710 3122 803 3197 quos
831 3076 935 3170 toties
971 3096 1039 3169 sihi
1078 3096 1268 3172 munificos
1309 3115 1453 3198 experta
1485 3101 1614 3178 suerat.

297 3225 411 3322 Cujus
426 3220 612 3293 nuntiandi
637 3223 750 3316 gratia
767 3218 969 3318 legatorum
992 3219 1165 3318 juniores,
1182 3221 1281 3313 tells,
1299 3222 1434 3321 quibus
1447 3223 1641 3325 undique‘

218 3353 221 3362 ⁴
297 3345 527 3448 petebantur,
552 3341 714 3416 callidius
733 3345 877 3430 evitatis,
904 3343 1009 3414 citato
1028 3341 1267 3440 Sygofihanr¹
1296 3369 1505 3443 pervenere.
1556 3351 1615 3422 Ea

296 3497 336 3546 re
363 3470 521 3543 concussi
547 3465 674 3538 milites
697 3462 886 3538 Absnlonis
908 3463 1048 3536 diverso
1075 3465 1225 3539 consilio
1249 3463 1464 3541 defensionis
1481 3469 1614 3543 auxilia

296 3586 641 3690 circumspiciebant.
670 3671 677 3684 δ
703 3586 767 3659 dlii
796 3590 905 3686 pratis
940 3590 1130 3686 spatiantes
1164 3615 1280 3687 equos
1311 3587 1500 3690 colligere',
1526 3617 1613 3690 pars

295 3715 430 3793 vadum
456 3728 666 3813 praetentum
689 3709 832 3803 insulae,
868 3709 971 3810 quod
1008 3711 1241 3810 postmodum
1267 3712 1428 3810 absalon
1457 3713 1614 3790 lateritio

296 3865 408 3940 opere
429 3835 637 3913 vellendum
656 3839 812 3926 curavit,
838 3837 1047 3929 contractis,
1078 3815 1169 3936 quas
1190 3836 1264 3910 sors
1282 3834 1481 3930 obtulerat,
1507 3863 1611 3938 qua-

289 4191 490 4276 Sygaftlam,
512 4212 583 4254 mox
605 4187 686 4252 inl're
703 4208 776 4254 vero
797 4189 922 4274 Sygort·
979 4211 1043 4254 esse
1064 4211 1193 4271 nomeu,
1223 4191 1308 4276 qnod
1328 4191 1516 4256 recentiores
1533 4211 1612 4256 oon·

293 4297 369 4357 bam.
418 4297 605 4380 stephanius
642 4295 722 4359 hanc
758 4295 920 4358 lectionem
978 4297 1123 4361 tractiore
1145 4295 1246 4360 forma
1263 4299 1355 4384 διψία
1373 4295 1517 4377 dixerim,
1537 4298 1613 4384 quis

292 4417 396 4463 reram
420 4421 484 4463 esse
503 4416 603 4480 ratur,
635 4413 767 4486 unoque
787 4403 855 4466 loco
874 4404 923 4467 St-
977 4403 1009 4465 in
1030 4402 1154 4466 dubium
1176 4402 1321 4467 nocebit?

291 4507 427 4589 gestium
440 4507 570 4594 scripsit,
584 4508 637 4573 sed
647 4528 736 4596 aequo
745 4507 812 4591 jure
821 4522 925 4592 poste·

292 4609 374 4672 riore
408 4610 476 4674 loco
509 4632 537 4676 st
565 4637 624 4699 pro
651 4617 690 4702 st
722 4616 856 4700 positum
891 4628 922 4678 et
1023 4621 1032 4653 ¹
1059 4614 1253 4704 Sygostlam]
1268 4615 1517 4682 inscribendum
1533 4613 1611 4680 duxi

236 4788 238 4804 γ
290 4717 468 4802 Sygosrltum
488 4721 647 4804 legendum
668 4725 838 4787 statuimus.
864 4724 922 4805 Sy·
975 4742 1034 4806 pro
1056 4723 1236 4806 Sygcstlram
1252 4720 1284 4785 in
1305 4723 1436 4812 ed.,pr.,
1453 4745 1480 4788 r.
1498 4737 1611 4790 notem

288 4824 428 4909 gestiam
451 4835 548 4889 autem
572 4830 620 4893 vel
638 4830 816 4913 Sygofelam
839 4826 920 4890 idem
962 4828 1215 4896 antecedentem.
