3538 5460
470 283 473 290 ’
607 308 940 385 arnonusnns
981 311 1007 384 1.
1319 312 1398 388 ,aar

130 519 314 599 suillum
340 523 436 598 enim
469 516 579 594 falsas
592 519 597 530 '
607 517 808 619 jungente
831 517 1011 599 affinitatis
1037 541 1165 616 preces
1196 519 1352 623 dirigere
1373 549 1448 602 non

129 643 292 735 erubuit,
323 667 435 743 eptem
461 642 547 716 olim
573 641 737 742 perfidiae
757 641 897 740 laqueis
922 640 1179 740 complicatum
1199 643 1247 718 ad
1271 645 1447 745 obsequia

127 767 196 844 sibi
221 763 431 867 paciscenda
456 771 636 862 pertraxit.
697 766 809 840 Amici
834 770 949 864 regis,
986 763 1163 839 intellecta
1189 765 1337 860 fraude,
1367 770 1448 846 haee

127 915 204 965 non
224 890 434 990 matrimonii
462 905 567 980 voto,
591 886 657 962 sed
681 891 821 962 Henrici
847 886 934 962 odio
956 887 1107 986 flagitari
1131 887 1307 964 dicebant.
1356 895 1446 970 Tam

128 1037 233 1088 veros
269 1015 479 1096 Caesarianre
509 1009 708 1088 calliditatis
742 1013 949 1110 interpretes
984 1009 1062 1086 sola
1104 1013 1237 1112 reginae
1276 1025 1446 1092 sententia

126 1135 318 1235 superavit,
344 1137 527 1236 sanguinis
544 1136 599 1210 sui
615 1132 804 1210 connubiis
818 1133 1025 1208 affinitatem
1038 1160 1125 1208 cum
1142 1139 1281 1220 Caesare
1294 1139 1446 1239 jungere

127 1256 327 1360 gloriosum
342 1256 517 1332 ducentis.
568 1259 755 1348 Quaerente
771 1280 869 1354 rege,
884 1274 1061 1355 quantum
1075 1257 1123 1330 ab
1138 1283 1183 1331 eo
1198 1257 1291 1336 dotis
1302 1267 1445 1340 nomine

127 1385 347 1480 exigeretur,
370 1379 474 1479 legati
500 1403 539 1454 se
564 1387 729 1480 ignorare
754 1377 895 1470 dixere,
929 1402 1082 1478 remque
1104 1379 1152 1454 ad
1175 1383 1323 1460 Caesaris
1340 1388 1444 1464 arbi-

126 1504 233 1578 trium
256 1501 420 1576 retulere.
470 1505 592 1600 Aquo
610 1501 822 1598 rescriptum
838 1516 912 1592 ‘⁸⁸’
940 1501 1139 1579 &standum
1161 1507 1239 1604 regi
1256 1508 1444 1588 Lumm
1568 1593 1570 1597 ·

128 1641 272 1726 petere,
302 1641 428 1698 cuncta
455 1649 580 1700 secum
603 1623 675 1698 illic
698 1619 925 1702 commodius
946 1621 1145 1702 definituro.
1196 1628 1443 1734 Obtempem.

127 1764 204 1826 tum
234 1748 375 1848 rogatui
401 1764 462 1824 est.
525 1750 662 1820 Interea
694 1748 833 1839 Caesar,
885 1745 1052 1826 omnibus
1079 1751 1218 1850 imperii
1245 1757 1361 1832 nervis
1393 1759 1443 1834 ad

127 1870 336 1948 obruendus
368 1873 511 1944 Henrici
544 1886 666 1970 partes
696 1870 884 1963 connisus,
920 1870 1031 1948 urbes
1059 1873 1139 1972 ejus
1164 1877 1299 1972 passim
1326 1877 1374 1953 ad
1401 1904 1443 1958 se

127 1993 333 2072 deficientes
366 1996 405 2068 in
434 1992 650 2068 deditionem
672 1993 816 2088 recepit.
880 1993 1095 2069 Defectionis
1129 2019 1238 2072 causa
1267 2025 1341 2074 non
1368 2018 1443 2080 tam

128 2119 278 2192 Caesaris
300 2141 403 2190 amor
437 2141 548 2216 quam
570 2114 713 2186 Henrici
736 2111 1006 2192 odium'extitit.
1069 2122 1104 2194 Is
1125 2117 1301 2218 siquidem
1325 2126 1442 2201 nimiis

127 2265 172 2316 ac
195 2239 370 2317 diuturnis
394 2237 569 2313 felicitatis
586 2234 813 2312 successibus
836 2237 970 2332 clatus,
1002 2241 1113 2340 inque
1134 2266 1277 2316 summo
1291 2243 1441 2322 sonunre

129 2365 274 2464 fastigio
297 2362 439 2438 nullum
460 2369 574 2436 ruinae
591 2359 858 2436 incommodum
875 2369 1095 2462 suspicatus,
1114 2363 1295 2463 subjectas
1311 2384 1439 2467 tyran·-

126 2486 204 2562 nidi
226 2510 301 2560 suae
317 2489 472 2562 cervices
495 2486 656 2560 inusitata
678 2482 930 2558 dominationis
952 2488 1085 2560 saevitin
1103 2503 1211 2586 atque
1225 2488 1438 2568 intolerabili

126 2635 272 2686 morum
303 2609 495 2684 acerbitate
529 2607 699 2696 vexabat,
743 2629 810 2680 nec
839 2604 937 2680 bosti
960 2633 1071 2706 quam
1104 2611 1172 2684 civi
1204 2612 1441 2710 importunior

126 2738 277 2808 existere
291 2749 535 2810 consveverat.
587 2733 695 2830 igitur
714 2753 786 2827 non
802 2725 901 2804 bello
914 2747 976 2805 sut
989 2730 1109 2824 clade,
1133 2731 1199 2808 sed
1213 2735 1342 2811 [raude
1363 2741 1438 2812 mi·-

127 2855 233 2932 litum
263 2873 299 2932 ct
321 2855 522 2931 desertione
543 2852 678 2928 viribus
702 2855 859 2944 amissis,
885 2879 969 2929 cum
993 2855 1089 2930 solas
1111 2859 1190 2954 spei
1212 2857 1379 2958 reliquias
1402 2866 1440 2938 in

126 2979 470 3056 Transalbianorum
490 2975 626 3050 auxiliis
645 2971 813 3066 baberet,
841 2975 991 3052 Lubeco
1013 2977 1150 3081 oppido
1167 2978 1305 3075 relicto,
1335 2985 1439 3082 quod

127 3129 169 3180 sc
183 3105 265 3204 ejus
279 3102 462 3178 moenibns
485 3126 615 3200 parum
643 3115 759 3173 tutum
785 3097 1033 3194 arbitraretur,
1064 3128 1206 3180 summa
1226 3131 1310 3180 eum
1331 3106 1438 3184 sesti-

125 3229 269 3302 uatione
300 3228 472 3326 correptis
501 3222 673 3311 naribus,
713 3226 751 3294 in
776 3221 1023 3318 Stormariam,
1059 3231 1219 3302 intimum
1246 3227 1340 3330 fuge
1361 3255 1438 3309 sues

125 3349 403 3450 receptaculum,
420 3345 616 3447 penetrat¹.
647 3346 766 3445 Hujus
784 3349 979 3444 provincie
996 3373 1131 3450 pruses
1147 3333 1317 3448 ridulfus,
1336 3355 1438 3456 apud

176 3651 754 3746 ¹1n5rormariam...penetrarJSsxo
809 3655 936 3742 rigentia
950 3669 1005 3722 est.
1041 3663 1086 3723 lto
1101 3661 1296 3744 quatdusbus
1314 3663 1435 3730 demum

127 3777 244 3846 nutes,
265 3764 326 3828 boo
346 3768 418 3830 loco
438 3785 541 3829 rerum
560 3762 755 3827 Germanica·
810 3763 1436 3856 expeditionibus,hierneinterpositsffies-

126 3893 199 3946 rus
218 3874 370 3958 scriptor,
398 3869 446 3934 uti
470 3871 571 3934 solent
589 3869 755 3955 scriptores
809 3869 851 3934 sit
874 3871 1048 3957 imperator
1077 3870 1163 3934 suuis
1190 3869 1272 3938 1180
1293 3887 1324 3940 et
1353 3873 1433 3942 1181

126 3979 230 4044 minus
256 3979 334 4050 bene
357 3977 474 4056 edocti,
503 3997 552 4041 res
573 3977 631 4062 ipsi
651 3978 756 4062 cogni·
811 3974 1435 4066 (1.111110111[ιυΒ.111).11ωρ.31.34,

125 4099 175 4152 tus
201 4086 313 4171 partim
332 4087 511 4171 conjungit,
543 4105 637 4168 quum
657 4080 756 4150 dives·
810 4083 866 4150 cfr.
888 4085 995 4170 Origg.
1016 4082 1118 4150 Guell'.
1139 4086 1196 4164 lll,
1224 4083 1284 4150 109
1301 4107 1347 4173 sq.
1374 4086 1435 4154 112

126 4194 170 4260 sis
201 4191 392 4277 temporibus
418 4203 512 4276 gestu
539 4191 616 4268 sint,
642 4189 755 4276 partim
809 4211 878 4277 sqq.
898 4205 929 4256 et
954 4203 1094 4256 suctores
1116 4189 1159 4254 ibi
1184 4191 1253 4270 eit,
1273 4191 1341 4257 edd.
1359 4196 1435 4260 Βδε-

126 4299 319 4386 trsuspouit,
351 4309 387 4362 ut
417 4316 522 4360 esrum
559 4317 670 4362 nexum
697 4295 755 4361 sibi
809 4299 900 4382 tigcr,
916 4297 1065 4362 Heinrich
1080 4297 1108 4360 d.
1122 4299 1216 4364 dee
1230 4319 1261 4381 p.
1272 4293 1334 4362 361
1342 4299 1436 4385 sqq.),

127 4405 270 4491 explicet.
311 4405 414 4500 Quare
431 4403 565 4468 namatio
591 4403 656 4487 ejus
685 4423 755 4468 eum
809 4400 889 4468 Saxo
911 4427 969 4468 uns
998 4415 1173 4489 perpetratu
1193 4405 1270 4468 vult.
1316 4405 1434 4470 Eodem

127 4513 177 4590 iis,
198 4533 267 4597 qnae
281 4509 557 4576 bubentdrnoldus
570 4509 753 4573 Lubeoensis
809 4508 874 4574 iere
897 4523 1054 4596 temporo,
1082 4531 1144 4596 qno
1173 4509 1277 4594 coepit
1302 4511 1434 4576 secunda

127 4617 242 4704 aliiqre
261 4619 428 4706 scriptores
446 4616 554 4682 barum
576 4637 680 4680 rerum
699 4635 753 4701 ps-
808 4615 962 4701 expeditio
991 4613 1099 4696 ((124
1125 4615 1208 4681 Junii
1231 4637 1257 4680 a.
1283 4612 1382 4696 1181,
1407 4638 1434 4680 r.

126 4725 263 4806 citiores,
284 4721 488 4810 comparanda
512 4735 543 4786 et
557 4720 667 4788 exinde
685 4742 753 4789 cor·
808 4723 952 4808 Bittigsr
980 4723 1001 4790 l.
1027 4743 1056 4789 c.
1078 4743 1150 4810 psg.
1175 4717 1238 4786 369
1257 4720 1335 4810 sep),
1365 4722 1435 4800 dux,

152 4849 210 4899 διι.
224 4851 354 4898 unumst.
374 4851 437 4900 illst.
450 4849 508 4897 bon.
829 4867 836 4880 ·
952 4815 959 4826 .
1159 4831 1238 4927 (60)
