3536 5462
607 319 976 400 watnummust
1322 323 1398 400 877

136 529 371 636 postmodum
391 524 541 602 alterum
573 546 618 598 ex
648 529 690 602 iis
711 527 884 604 Absaloni
907 529 1049 628 praemii
1076 533 1222 604 nomine
1245 533 1448 626 transmisit,

136 657 324 755 utriusque
347 650 551 750 captionem
575 649 689 746 ipsius
712 654 858 754 negotio
881 661 1071 752 imputans.
1120 652 1282 730 Soleunis
1297 653 1357 731 bie
1372 649 1449 733 dies

135 778 270 856 Nicolai
283 774 427 852 nomine
451 773 571 864 erat¹,
596 774 703 872 cujus
721 777 888 876 auspiciis
905 775 1072 850 ellectum
1087 791 1153 870 est,
1178 793 1218 850 ut
1239 777 1448 854 sclavorum

135 901 331 978 excercitus
352 893 401 970 ad
426 893 498 970 boo
521 918 640 994 usque
658 911 802 996 tempus
825 901 981 972 Daniarn
1003 897 1180 975 hostiliter
1202 915 1324 999 petere
1338 924 1449 978 ausus

135 1051 209 1100 non
235 1021 352 1096 luerit.
399 1019 554 1117 Jamque
575 1034 717 1094 nostros
743 1019 897 1096 reditum
920 1021 1142 1098 intendentes
1158 1022 1213 1117 (nt
1228 1021 1359 1120 hyeme
1372 1021 1447 1098 fios

135 1146 280 1239 assolet)
314 1142 537 1243 repentinum
561 1139 647 1242 gelu
669 1142 863 1239 conclusit;
899 1143 1002 1247 quod
1026 1159 1132 1220 tantae
1156 1143 1331 1222 violentie
1363 1161 1450 1238 erat,

137 1288 178 1350 ut
202 1273 320 1372 ipsam
341 1273 452 1356 sinus,
476 1265 607 1364 inquo
632 1269 913 1363 pernoctabant,
946 1266 1176 1370 superficiem
1201 1283 1304 1340 enata
1327 1267 1450 1342 subito

137 1395 270 1498 glacies
300 1403 508 1488 occuparet.
558 1389 653 1462 Huic
675 1405 773 1464 tanta
792 1391 953 1468 soliditas
977 1396 1101 1482 inerat,
1124 1406 1165 1465 m
1185 1389 1450 1488 spissimdinem

135 1519 246 1592 unico
269 1520 339 1588 ictu
366 1509 657 1586 transverberare
678 1537 752 1586 non
777 1539 912 1613 posses.
965 1517 1133 1614 Cumque
1160 1516 1288 1588 eximia
1319 1513 1446 1614 glaciei

134 1637 252 1714 moles
268 1651 378 1737 portu
393 1637 588 1734 egressuris
603 1633 800 1728 obsisteret,
814 1637 989 1712 industria
1004 1642 1189 1737 provisum
1206 1653 1269 1728 est,
1292 1654 1331 1712 ut
1348 1639 1450 1714 unius

135 1762 425 1860 navisproecessu
438 1772 647 1832 caeterarum
656 1761 827 1832 insecutio
836 1759 1069 1860 expediremr.
1095 1759 1166 1832 Sed
1180 1785 1247 1834 nec
1263 1781 1449 1859 unaquae-

134 1886 192 1961 ris
209 1879 397 1984 praeeundi
413 1879 533 1954 officio
550 1876 689 1952 diutule
705 1879 805 1982 fungi
823 1897 971 1982 poterat,
987 1879 1089 1982 quod
1113 1898 1234 1982 partes
1251 1889 1450 1958 carinarum
1560 1927 1565 1935 .

135 2007 343 2082 extrinsecae
364 2001 571 2104 glacialium
597 2001 837 2078 crustularum
864 2007 1027 2079 acumine
1046 2005 1200 2104 perinde
1213 2031 1258 2080 ao
1275 2007 1360 2080 ferri
1375 2012 1451 2080 im-

134 2130 321 2230 pressione
350 2125 596 2202 exedercntnr.
657 2127 904 2221 Quamobrem
938 2128 1185 2226 praecessionis
1227 2134 1325 2204 vices
1362 2134 1453 2204 inter

133 2252 279 2354 navigia
302 2274 410 2349 aequo
433 2248 559 2324 ordine
581 2246 691 2324 dividi
708 2267 870 2324 curatum
886 2268 948 2326 est.
1001 2254 1050 2324 lta
1069 2249 1227 2344 demum,
1251 2275 1319 2348 per
1335 2256 1451 2326 mari-

133 2381 245 2450 timos
270 2371 453 2454 anfractus
479 2371 705 2475 navigatione
730 2390 920 2474 protracta,
946 2380 981 2446 in
1007 2391 1170 2474 apertum
1194 2374 1453 2474 pelagns‘per-

133 2515 285 2578 ventum
302 2511 365 2586 est,
390 2493 547 2595 indeque
567 2496 615 2570 ad
635 2501 784 2597 propria
797 2502 927 2595 cuique
941 2493 1148 2572 remeatum.
1201 2498 1354 2594 Jamque
1370 2477 1453 2570 Abss

133 2622 256 2714 salon,
276 2637 482 2716 temporum
506 2623 766 2718 supputatione
781 2619 916 2712 habita,
941 2625 1126 2695 universas
1141 2620 1328 2718 praesentis
1344 2622 1448 2694 nnni²

132 2761 271 2846 partes,
294 2743 402 2820 ternis
425 2742 610 2818 mensibus
636 2745 802 2842 exceptis,
828 2745 976 2841 piratico
991 2741 1117 2817 labore
1133 2767 1300 2818 emensus
1321 2741 1450 2816 suerat.

272 2869 416 2940 Postera
450 2879 569 2940 aestate
592 2864 694 2964 apud
714 2863 899 2966 Eydoram
923 2867 1016 2940 inter
1046 2867 1244 2938 Henricum
1270 2881 1306 2940 et
1327 2891 1452 2968 regem

131 2989 385 3068 communium
405 2988 632 3088 negotiorum
660 2988 816 3088 agitatio,
841 2989 1029 3064 contractis
1046 2991 1234 3089 utriusque
1258 2991 1451 3088 provinciae

130 3109 377 3216 principibus,
401 3108 607 3184 habebatur
617 3111 647 3182 ³.

133 3337 224 3418 l.c.)‚
244 3331 360 3397 lactum
377 3345 431 3398 est.
445 3337 589 3399 Attamen
601 3333 769 3399 Tetisleum
823 3333 962 3415 dideriru‚
980 3333 1146 3398 'l'etisleuru
1165 3333 1336 3420 principem
1347 3333 1403 3398 sub
1418 3334 1453 3400 fi·

133 3445 297 3508 rirentem
325 3437 415 3506 fratri
442 3439 617 3526 principatu
637 3441 770 3522 cassiam,
823 3463 894 3507 nem
919 3466 945 3505 a.
967 3437 1047 3505 1176
1064 3453 1302 3504 mortuumecae.

131 3547 267 3612 minime
285 3545 410 3610 dubium
430 3545 595 3625 videretur,
617 3547 644 3609 si
663 3565 771 3611 verunt
872 3551 1040 3612 'Sollertem
1055 3551 1234 3612 ...Nc'colui
1245 3553 1359 3612 nomt'tte
1372 3545 1453 3628 erat]

130 3667 234 3732 esset,
243 3649 327 3738 qnod
338 3651 428 3715 iidem
437 3661 584 3731 statuunt,
598 3650 684 3714 illum
694 3654 772 3716 mul-
825 3659 903 3718 Haec
933 3653 1035 3738 itaque
1066 3653 1115 3716 die
1138 3649 1194 3718 lito
1215 3675 1256 3718 m.
1273 3652 1453 3738 Decembris

128 3775 187 3828 toa
203 3777 302 3823 annea
322 3753 430 3842 (neque
445 3756 483 3821 ad
499 3779 525 3820 a.
541 3753 635 3836 1210)
654 3757 775 3837 vixisse,
829 3772 913 3846 gesta
933 3771 1013 3823 cunt.

127 3877 307 3956 postquem
332 3863 382 3928 bie
411 3861 591 3949 dignitatem
618 3861 683 3949 ejus
704 3864 776 3930 ads·
873 3869 1061 3930 ²Prceacutis
1087 3861 1171 3942 nuni]
1212 3860 1245 3925 ld
1282 3875 1328 3926 est
1362 3857 1452 3927 1176.

126 3987 216 4062 ptus
243 3983 331 4038 eust.
372 3968 434 4036 Sed
463 3970 553 4055 hujus
572 3969 644 4034 rito
660 3989 699 4036 ns
719 3971 776 4034 mi·
827 3974 904 4036 Nam
923 3982 958 4035 ut
977 3971 1130 4057 expeditio
1151 3969 1217 4056 ipsa
1239 3967 1276 4033 ad
1299 3969 1379 4033 bunc
1401 3991 1452 4031 an·

128 4081 262 4146 nimum
275 4077 409 4164 quidem,
424 4077 656 4164 quatientem,
677 4089 776 4144 exstat
827 4099 911 4156 nam,
929 4077 972 4143 ita
991 4090 1083 4162 certe,
1104 4099 1174 4164 qum
1190 4075 1286 4141 Danis
1299 4073 1369 4141 inde
1385 4061 1452 4138 red-

125 4184 316 4271 voetigium.
357 4186 434 4250 Nem
466 4183 591 4248 'l'etislai
617 4184 774 4269 cujusdam
830 4183 968 4250 euntibus
989 4183 1132 4250 accidisse
1151 4181 1303 4264 feruntur,
1328 4182 1365 4246 ad
1380 4202 1456 4252 eun-.

125 4309 259 4360 nomen
293 4289 358 4355 tine
392 4289 456 4354 ullo
481 4288 688 4355 additamento
716 4291 774 4356 sub
830 4291 900 4354 dem
918 4293 1074 4377 pertinere
1091 4290 1241 4355 censenda
1261 4301 1341 4354 sunt.

125 4399 247 4468 literis
271 4393 451 4484 quibusdem
469 4396 611 4486 Jarimari
627 4397 777 4484 principis
876 4400 889 4435 ³
901 4401 1026 4462 Postera
1039 4413 1140 4460 astate
1150 4439 1159 4457 .
1169 4437 1179 4458 0
1190 4439 1198 4456 .
1209 4441 1217 4458 .
1227 4394 1398 4476 habebatur]
1412 4401 1454 4462 Ut

123 4530 158 4574 a.
188 4497 279 4568 1189
296 4499 441 4588 (Dregcr,
462 4501 539 4568 eod.
559 4503 634 4590 dipl.
657 4507 680 4584 1,
704 4501 771 4588 51),
829 4505 909 4570 Saxo
930 4503 1127 4590 expeditionis
1148 4503 1341 4567 stettinemis
1360 4503 1455 4570 bisto-

124 4609 264 4680 etiamsi
278 4608 359 4674 inter
373 4609 496 4682 testium
506 4609 631 4676 numina
642 4607 776 4695 primurn
830 4609 944 4676 rimbic
954 4609 1455 4698 perperamimsrtaeaddidit,quae

124 4721 373 4795 loconuaco,
398 4726 481 4780 certe
499 4715 575 4780 nibil
595 4715 718 4803 probet.
733 4751 776 4764 -
830 4714 1017 4781 neumatibus
1038 4714 1114 4780 inde
1131 4716 1355 4782 revertentibus
1377 4715 1455 4781 acci-

123 4827 226 4914 Quae
243 4821 570 4905 quumitetint,hand
584 4823 775 4892 inritnscre-
830 4821 958 4908 deennt,
987 4824 1031 4891 ita
1053 4845 1135 4894 nune
1161 4836 1329 4894 conventus
1356 4821 1455 4908 cujus·
