3524 5460
631 305 962 378 WtLouttttttos
988 305 1011 374 l.
1350 301 1422 374 735

159 520 397 612 traheretur¹,
431 523 548 614 primo
585 513 730 615 culpam
761 515 861 614 apud
893 530 1057 613 captores
1088 534 1256 586 excusare
1290 509 1475 610 pergebat.

160 648 359 732 Postremo,
373 665 458 714 eum
472 643 548 711 sine
567 637 693 710 effectu
710 663 838 736 preces
852 661 930 710 csse
944 652 1187 734 cognosceret,
1211 633 1303 708 adeo
1319 633 1475 708 effoemi-

161 783 244 838 nate
263 789 302 840 se
317 765 443 864 gessit,
477 777 517 832 ut
532 766 647 834 virum
672 771 802 834 exuere
832 761 930 832 visus
952 784 997 832 ne
1022 756 1188 854 lacrymis
1213 754 1359 856 quidem
1383 756 1475 828 abs-

160 891 286 962 tineret
310 903 371 960 aut
394 885 559 985 planctu,
584 883 871 986 muliebremque
899 886 1058 952 animum
1085 878 1173 952 virili
1201 904 1353 976 corpore
1367 877 1475 951 clau-

160 1037 243 1086 snm
265 1010 503 1086 confiteretur.
562 1011 684 1104 ltaque
701 1011 801 1104 prius
818 1002 1014 1098 dedecore,
1047 981 1177 1076 deinde
1201 1018 1313 1076 morte
1340 999 1475 1074 multa-

161 1151 220 1206 tus
244 1134 421 1232 gentinam
448 1129 663 1203 interfectio
691 1153 729 1200 se
755 1129 926 1224 principis
952 1125 1277 1223 manibuspoenam
1295 1122 1475 1223 persolvit.

161 1259 318 1354 Magnus
335 1277 430 1342 vero,
450 1255 655 1350 posterioris
674 1251 766 1324 Erici
786 1277 827 1322 cx
851 1248 979 1348 pellice
995 1245 1101 1341 filius,
1134 1253 1251 1346 quiet
1283 1252 1360 1346 ipse
1382 1250 1475 1320 Sve-

161 1381 306 1452 uoniani
321 1377 473 1450 nominis
489 1379 604 1448 acrior
622 1399 731 1471 quam
747 1375 876 1472 justior
900 1373 1069 1446 defensor
1091 1371 1266 1461 extiterat,
1298 1395 1381 1444 cum
1407 1396 1475 1444 ca-

162 1521 248 1600 ptus
272 1499 395 1618 qltima
422 1523 461 1574 se
487 1523 676 1596 passurum
695 1497 939 1584 arbitraretur,
965 1519 1075 1592 supra
1098 1509 1179 1566 vota
1204 1494 1392 1590 propitiam
1413 1496 1473 1564 vi*

162 1628 270 1696 ‹aoris
288 1621 508 1697 elementiam
524 1635 689 1718 expertus
706 1637 767 1692 est.
811 1623 924 1714 Qvem
941 1615 1204 1706 waldemarus,
1221 1615 1289 1690 sibi
1306 1641 1326 1686 a
1342 1632 1475 1716 capto-a

162 1744 264 1818 ribus
289 1761 562 1844 praesentatum,
587 1742 656 1816 sub
680 1759 841 1840 respectu
864 1742 1082 1841 cognationis
1105 1764 1177 1811 non
1201 1743 1328 1838 spiritu
1353 1737 1475 1830 modo,

163 1865 229 1942 sod
256 1870 364 1944 etiam
389 1866 536 1940 lionoris
570 1891 612 1938 ac
642 1868 823 1961 potcstatis
857 1867 1079 1937 incrementis
1106 1860 1270 1954 donavit3
1320 1886 1476 1962 cumque

162 1989 311 2067 abunde
334 2005 428 2065 esset
451 1991 695 2087 impunitatem
720 1985 901 2080 tribuisse,
927 1993 1031 2058 etiam
1057 1983 1306 2058 liberalitatem
1337 1983 1476 2082 adjecit,

162 2139 210 2186 ne
222 2111 432 2186 destrictum
454 2109 605 2186 ultorem
623 2109 764 2211 agendo
791 2109 874 2208 plus
891 2109 951 2182 irae
965 2135 1075 2205 quam
1091 2105 1335 2180 necessitudini
1348 2106 1475 2180 indul-

159 2237 251 2309 sisse
282 2231 472 2306 videretur.
532 2237 665 2330 Itaque,
697 2233 833 2316 tametsi
869 2233 1004 2330 iujuriae
1028 2229 1245 2330 supplicium
1275 2227 1476 2320 deberetur,

161 2358 422 2456 propinquitati
443 2354 540 2430 salus
562 2356 691 2430 tributa
719 2371 780 2428 cst
845 2357 956 2452 Igitur
976 2379 1048 2426 non
1074 2355 1190 2430 minus
1212 2358 1246 2426 in
1272 2350 1475 2426 adversario

162 2479 368 2557 affinitatem
396 2503 506 2578 quam
536 2481 571 2550 in
608 2476 809 2552 fautoribus
834 2478 944 2552 fidem
963 2495 1069 2576 atque
1086 2477 1301 2574 obsequium
1319 2499 1476 2550 venera-

162 2619 242 2694 tus,
267 2601 405 2678 hostem
420 2602 542 2675 amieis
560 2606 708 2698 praemio
723 2603 886 2698 requireit
920 2602 1097 2676 Burisium
1113 2601 1227 2684 etiarn,
1245 2612 1283 2670 ut
1302 2605 1475 2698 sanguine

161 2727 248 2818 sibi,
261 2729 308 2800 ita
323 2726 442 2798 animo
460 2725 712 2823 obsequioque
723 2726 967 2822 conjunctum,
983 2721 1081 2824 quod
1098 2728 1234 2822 optima
1252 2723 1360 2820 ipsius
1377 2747 1474 2822 ope·
1556 2722 1559 2742 '

159 2877 208 2926 ra
223 2847 413 2924 adversum
429 2849 630 2920 Svenonem
648 2871 734 2922 usus
753 2847 880 2936 fuerat,
905 2865 980 2920 turn
1009 2845 1153 2944 opibus,
1178 2861 1253 2920 turn
1277 2851 1381 2918 ctiam
1397 2846 1474 2922 ho-

160 2973 316 3048 noribus
332 2985 543 3070 prosecutus
561 2986 623 3042 est.
681 2971 794 3068 Cujus
812 2967 956 3042 fratrem
973 2973 1148 3042 Canutum
1167 2972 1245 3068 pari
1261 2969 1477 3044 munificen-

57 3081 216 3416 Χάει
237 3093 285 3168 ad
300 3091 530 3192 praefecturae
552 3091 730 3193 fastigium
760 3111 920 3166 recenter
945 3111 1116 3168 evexerat.
1168 3097 1261 3166 Tum
1290 3119 1387 3198 vero,
1413 3101 1474 3194 qui

31 3223 40 3254 ⁶
123 3231 134 3243 “
161 3223 348 3295 Canuticae
365 3213 494 3287 militiae
512 3217 654 3298 comites
670 3217 821 3307 fuerant,
838 3214 997 3292 nondum
1019 3217 1178 3292 hostium
1201 3215 1364 3290 cladibus
1381 3243 1476 3292 con-

159 3340 266 3437 tenti,
290 3339 523 3414 communiter
542 3364 662 3438 regern
679 3337 820 3434 adeunt,
846 3359 885 3416 nt
897 3367 971 3432 eos,
997 3346 1059 3440 qui
1075 3342 1228 3414 Svenoni
1248 3339 1476 3414 interficiendi

160 3443 296 3538 Canuti
312 3457 494 3535 consilium
519 3459 707 3558 dederant,
735 3467 997 3569 proscriptione
1018 3481 1306 3561 prosequeretur,
1328 3483 1479 3538 orantes.

159 3593 262 3666 luter
289 3601 435 3660 caeteros
473 3602 589 3660 autem
624 3590 829 3664 Thorberni
859 3613 1005 3686 poenam
1051 3585 1218 3684 cupidius
1254 3586 1478 3685 expetebant,

160 3733 390 3810 quamquam
416 3718 466 3804 is,
495 3739 577 3786 cum
602 3710 707 3812 apud
726 3710 914 3785 Randrusii
940 3724 1086 3804 pontem
1109 3708 1352 3798 dimicaretur,
1375 3735 1478 3806 prae-

157 3830 345 3932 sentibus,
377 3859 533 3931 quorum
559 3835 708 3910 consilio
730 3838 853 3908 Canuti
880 3829 996 3904 caedes
1022 3837 1209 3904 commissa
1230 3831 1361 3920 fuerat,
1394 3829 1478 3902 huic
1550 3871 1552 3876 ,

156 3979 209 4030 se
227 3948 385 4052 perfidiae
399 3957 541 4032 affinem
559 3960 724 4058 negabat,
736 3965 739 3970 '
750 3973 890 4031 autores
909 3955 985 4052 ejus
1003 3954 1171 4025 acerrime
1187 3951 1376 4028 devovens.
1434 3963 1479 4026 At

155 4101 230 4150 rex
247 4093 424 4172 metuens,
455 4107 512 4174 ne,
534 4084 563 4154 si
585 4099 636 4155 tot
649 4084 763 4182 gentis
782 4105 857 4154 suae
875 4075 1012 4151 nobiles
1027 4075 1129 4150 exilio
1145 4074 1325 4167 multaret,
1352 4079 1478 4148 Canu-

156 4216 243 4294 tum
271 4201 531 4304 Burisinmque,
547 4203 660 4278 dubia
677 4202 749 4276 fide
765 4219 962 4302 suspectos,
988 4201 1267 4300 proscriptorum
1289 4199 1479 4274 adversum

155 4349 209 4398 se
233 4326 339 4397 arinis
366 4329 570 4420 instrueret,
595 4328 736 4400 veniam
754 4327 912 4399 sontibus
939 4349 1048 4422 quam
1074 4322 1211 4406 [emulis
1234 4346 1339 4420 opem
1357 4319 1481 4396 afferre

154 4443 304 4522 maluit.
356 4447 413 4520 Ad
430 4449 596 4524 ultimum
621 4452 823 4524 instantium
842 4450 1102 4549 perseverantia
1128 4450 1261 4534 victus,
1289 4469 1334 4518 ue
1354 4470 1375 4518 a
1401 4449 1480 4520 Ca-

217 4770 225 4802 ¹
248 4765 321 4828 Cam
343 4767 387 4828 ad
412 4770 537 4832 eculeum
563 4763 811 4870 adgrederetur]¹
856 4765 989 4848 landum,
1006 4766 1058 4854 qtti
1079 4761 1263 4850 supplicium
1283 4763 1422 4826 Thetleri
1437 4761 1480 4826 vi·

156 4872 316 4938 Nominat
343 4869 470 4940 historia
493 4875 728 4960 linytlingorum
753 4877 794 4936 ls-
855 4873 956 4938 disset.
