3524 5460
594 289 599 303 '
673 313 838 388 aurcos
852 313 913 390 ιν.
1317 311 1391 390 aaa

262 527 441 604 Defuncto
457 523 804 738 Ericoaeubiguum
817 523 936 635 plebis
953 523 1000 599 de
1012 547 1126 624 regno
1143 525 1350 628 suffragium
1366 527 1445 602 luit.

127 655 277 752 Quippe
292 656 476 726 Ganutus
467 675 502 723 rn
517 653 563 722 Ju
635 650 751 720 Saeno
766 638 865 747 apud
883 648 1107 741 Sialandiarn,
1129 651 1250 750 Magni
1266 651 1443 746 adrenal-

126 795 183 850 ter
198 779 395 876 superioris
413 777 503 846 Erici
517 772 613 846 filius
623 773 781 871 ‚ingenti
810 771 946 844 ambitu
969 797 1121 870 regnum
1146 771 1323 870 petebant.
1383 781 1443 852 Si·-

127 897 278 999 quidem
295 897 394 972 hunc
410 914 472 996 pat
567 893 707 988 ,illum
730 896 823 968 avita
847 898 970 966 merita
996 895 1235 970 venerabilem
1258 896 1444 974 sariebant.

128 1027 295 1109 Sveuoue
318 1022 495 1119 itaqueSr
555 1015 742 1090 ndensium
770 1014 939 1124 suffragia
964 1016 1160 1110 ambiente,
1194 1041 1236 1092 ao
1262 1020 1445 1124 plerisque

128 1143 335 1244 pesh'onern
368 1145 448 1241 ejus
473 1138 718 1214 favorabiliter
747 1139 1022 1238 accipientibus,
1061 1140 1197 1216 olavus
1232 1148 1445 1244 cognomine

129 1262 525 1364 Balbus,prisci2moris
541 1263 766 1341 aemulatione
781 1279 977 1361 permotus,
992 1279 1150 1357 cunctos,
1168 1268 1231 1363 qui
1251 1271 1388 1367 regium
1410 1272 1444 1342 ei

130 1415 265 1464 nornen
289 1389 502 1480 tribuerent,
524 1389 728 1486 ipsumque,
754 1391 781 1458 si
801 1388 997 1483 reciperet,
1022 1403 1224 1480 execratus,
1246 1389 1379 1464 adduci
1404 1417 1445 1466 se

131 1537 240 1612 posse
256 1511 422 1610 negabat,
442 1528 484 1582 ut
499 1513 534 1584 in
550 1509 643 1584 hanc
657 1533 784 1583 vocem
800 1507 996 1580 inconsulta
1010 1512 1134 1607 patriae
1150 1512 1333 1609 majestate
1350 1539 1445 1614 pro-

132 1650 307 1726 curreret,
350 1651 413 1706 aut
440 1634 582 1732 regium
611 1632 786 1707 honorem
807 1635 947 1728 privato
976 1649 1108 1732 praeter
1131 1635 1320 1732 publicum
1343 1641 1445 1736 regni

132 1783 348 1832 consensum
365 1755 529 1830 deferret.
583 1755 767 1854 Siquidem
792 1753 969 1828 electionis
991 1754 1111 1830 locum
1126 1757 1341 1834 Sialandiam
1354 1785 1445 1850 esse,

137 1885 148 1900 “
233 1905 295 1952 ero
310 1903 422 1977 penes
436 1875 620 1976 popularis
640 1879 775 1951 arbitrii
790 1878 1076 1950 communitatem
1092 1881 1283 1955 consistere
1301 1907 1445 1956 merno-

225 2021 247 2078 t
298 2003 548 2076 Haesitantibus
576 2001 713 2076 cunctis
740 2017 847 2098 atque
863 2025 883 2070 a
899 2002 1067 2072 sententia
1089 2002 1352 2101 aliquantulum
1377 2033 1445 2080 ce-

131 2126 313 2218 dentibus,
328 2129 434 2198 Stena
452 2123 610 2224 quidam,
623 2139 745 2222 spreto
761 2139 919 2198 veterum
934 2127 1016 2214 ritu,
1033 2123 1245 2220 Svenonem,
1260 2129 1407 2204 occultis
1423 2157 1446 2204 a

132 2256 192 2327 se¹
222 2251 406 2348 promissis
433 2271 661 2346 aggressum,
690 2248 790 2345 regio
812 2248 950 2345 primus
971 2247 1114 2353 nostre
1141 2250 1295 2339 censuit,
1321 2256 1447 2352 majo-

134 2395 284 2472 remque
298 2372 478 2444 concionis
501 2385 639 2467 partem
659 2368 707 2440 ad
731 2367 882 2442 similem
898 2370 994 2442 vocis
1015 2393 1143 2442 ausum
1162 2370 1308 2444 induxit.
1370 2379 1421 2448 lta
1442 2425 1446 2432 -

135 2523 209 2598 que
223 2496 431 2570 sententiam
456 2494 535 2590 ejus
554 2509 784 2590 prosecutum
805 2491 947 2590 vulgus,
964 2491 1066 2590 quod
1082 2493 1229 2566 arbitrio
1250 2519 1319 2567 suo
1334 2495 1446 2596 paulo

135 2638 216 2697 aute
233 2620 439 2720 permittere
454 2614 663 2706 verebatur,
677 2615 756 2714 pari
772 2639 855 2686 mox
870 2613 1041 2714 suffragio
1055 2615 1327 2715 comprobabat.
1364 2625 1447 2694 Eo-
1522 2669 1524 2672 -
1614 2653 1617 2660 ¹

135 2745 219 2819 dem
236 2763 387 2842 quoque
400 2753 547 2810 auctore
563 2736 724 2838 populus
738 2736 984 2830 Siaiaudensis,
995 2755 1155 2812 creatum
1170 2763 1192 2812 a
1206 2764 1245 2814 se
1256 2765 1379 2842 regem
1394 2743 1448 2818 fi-

134 2871 338 2942 nitimorum
353 2887 528 2936 consensu
546 2861 661 2935 fulciri
674 2865 830 2958 cupiens,
851 2859 992 2933 Jacobo
1018 2859 1161 2936 Colonia
1176 2861 1263 2956 lilio,
1280 2865 1446 2966 singula.

134 2993 183 3066 ris
197 2985 376 3062 facundiae
393 2990 482 3078 viro,
497 2984 711 3084 legationem
728 2985 962 3082 compositam
981 2999 1015 3056 et
1029 2984 1261 3058 subornatum
1277 2991 1449 3062 comrm't-

136 3117 191 3203 tir,
224 3117 289 3210 qui
315 3109 518 3182 Scanienses
541 3107 746 3182 adulatione
773 3099 952 3206 dignitatis
975 3105 1023 3179 ad
1045 3109 1249 3193 societatem
1274 3109 1451 3199 electioni

134 3232 344 3335 impelleret.
396 3228 495 3304 idem
513 3231 666 3305 Svenoui
684 3253 802 3303 comcs
827 3232 863 3302 in
881 3231 1046 3304 Scaniam
1073 3228 1196 3324 datus,
1223 3249 1369 3332 accepta
1386 3234 1448 3308 di-

85 3342 90 3353 ⁵
135 3356 238 3432 cendi
259 3355 375 3452 copia,
397 3352 516 3447 docet,
534 3350 694 3427 noluisse
712 3350 897 3426 Siniandos
920 3357 1114 3451 quicquam
1135 3377 1247 3452 super
1261 3357 1359 3457 regio
1374 3355 1448 3442 de-

135 3481 229 3554 lectu
251 3479 432 3552 sententiis
456 3483 529 3552 suis
553 3491 684 3577 praeter
709 3475 894 3548 Scanicurn
922 3499 1087 3574 arrogare
1110 3501 1341 3572 consensum,
1383 3479 1450 3558 sed

134 3603 235 3678 hunc
248 3602 353 3698 sequi
376 3603 412 3674 in
427 3604 563 3673 cunctis
581 3623 690 3697 quam
713 3597 1074 3695 precurrere-malle,
1100 3605 1175 3674 sine
1198 3625 1242 3674 eo
1259 3599 1346 3673 nihil
1365 3627 1450 3676 ma-

134 3751 216 3826 gme
239 3726 294 3797 rei
316 3738 535 3796 executuros.
603 3723 737 3796 Verum
760 3722 931 3822 Svenonjs
960 3723 1099 3794 insitam
1124 3725 1248 3796 animis
1272 3725 1449 3798 caritatem

133 3848 290 3940 habere,
326 3869 484 3943 eumque
509 3843 579 3918 sibi
603 3848 639 3916 in
665 3867 803 3943 regern,
834 3840 1034 3916 dummodo
1058 3845 1201 3916 Scauica
1225 3842 1449 3918 allubescant

133 3970 317 4070 suffragia,
341 3983 522 4066 exoptare,
547 3993 656 4066 quem
673 3983 804 4064 praeter
821 3967 979 4066 propriae
1000 3967 1128 4041 indolis
1152 3967 1344 4041 claritatem
1378 3970 1449 4040 eti·
1500 3981 1509 4003 ⁸

132 4119 194 4168 am
211 4097 322 4194 patris
338 4097 470 4190 avique
484 4092 609 4162 merita
629 4087 927 4164 commendarent
987 4091 1191 4164 Meminisse
1215 4087 1341 4163 deinde
1363 4115 1449 4164 mo-

130 4371 305 4458 colligitur‚
336 4391 407 4435 enm
428 4367 574 4433 diutinas
596 4366 696 4453 patria
713 4366 767 4430 ab·
828 4372 917 4434 lectu.
946 4368 1320 4454 Historialinytlingorum
1334 4367 1451 4456 simpli-

129 4477 239 4542 fniaae.
281 4475 402 4542 Deinde
419 4474 654 4560 roluntaaregis
673 4471 767 4536 mori·
827 4477 904 4540 citer
931 4487 1036 4540 narrm
1054 4475 1098 4561 (p.
1118 4471 1206 4555 350),
1227 4487 1299 4560 pout
1319 4487 1451 4540 mortem

129 4583 217 4648 entia
242 4580 401 4666 suffragiis
430 4593 605 4667 magnatum
636 4576 766 4644 sniiulta
826 4583 910 4648 Erici
937 4585 1108 4648 Sucronem
1129 4593 1160 4645 et
1187 4582 1340 4646 Runutunr
1361 4601 1450 4669 reges

127 4689 190 4756 rix
207 4709 262 4754 ruo
282 4690 428 4754 caruitmt
451 4685 585 4769 effectu3
617 4705 707 4772 quem
739 4685 766 4750 ai
825 4687 917 4752 fuisse
934 4690 1057 4754 electos.

126 4793 302 4877 habrn'aret,
326 4797 550 4876 rianaxone,
578 4813 645 4858 reru
670 4791 766 4878 proli·

125 4901 205 4966 sim
219 4903 390 4986 emrrauti,
419 4903 544 4966 omuino
569 4874 677 4966 luisset
693 4917 768 4982 ueg-
881 4903 934 4962 Ἀ
944 4897 987 4978 se]
1002 4893 1189 4982 (Deieudum
1200 4923 1230 4964 a.
1247 4893 1326 4980 Eg.)
