3536 5462
611 325 943 400 WALDEMARUS
985 329 1011 398 l.
1329 326 1400 398 931

135 543 189 628 sit,
214 537 381 636 quisquis
396 531 528 610 divine
546 537 774 634 pertinaciter
787 535 939 612 obviare
954 543 1233 638 praesumpserit.
1287 537 1399 636 Igitur
1415 559 1455 612 se

134 685 207 734 non
221 660 288 732 uisi
301 659 440 757 expiato
456 655 617 755 periculo
632 658 881 734 commilitium
895 657 1062 760 praebere
1077 683 1251 734 ausurum
1259 714 1270 753 ,
1294 657 1455 759 publicae

133 782 295 882 religioni
312 803 424 879 quam
439 780 590 878 privatae
607 783 770 854 amicitiae
784 781 1002 879 propiorem.
1028 783 1123 854 'l'um
1137 783 1326 875 Hauricus,
1341 779 1455 856 multa

133 931 211 980 ase
227 903 437 1004 pontificum
458 901 564 976 bonis
585 901 746 1002 beneficii
766 903 912 978 nomine
927 917 1061 978 enom
1077 910 1285 1003 coniessus,
1317 903 1452 1004 quibus

131 1033 158 1104 si
174 1045 305 1128 sponte
326 1024 479 1115 cederet,
501 1023 635 1098 ultimae
658 1027 860 1124 paupertati
871 1024 1131 1125 subjiceretur,
1163 1048 1317 1100 corrasae
1331 1041 1454 1099 auun—
1492 1125 1496 1142 θ

132 1175 257 1250 eaeque
275 1149 428 1223 ‘cervicis
455 1143 620 1220 homines
651 1147 738 1220 tanti
761 1171 783 1219 a
805 1171 845 1220 se
875 1149 1039 1221 aestimari
1067 1147 1244 1248 negabat,
1285 1163 1325 1221 ut
1358 1146 1454 1224 ultro

131 1274 264 1372 opibus
293 1292 436 1361 carere,
470 1267 631 1368 plusque
654 1293 782 1342 eorum
810 1257 873 1344 irae
906 1295 1018 1369 quum
1042 1269 1165 1370 gloriae
1191 1294 1267 1344 suae
1295 1269 1454 1346 tribuere

131 1396 227 1471 velit
280 1390 449 1492 Repulsus
473 1405 593 1462 tamen
609 1393 687 1464 suae
714 1389 892 1467 silentium
918 1392 965 1467 ab
990 1394 1072 1492 ipso
1091 1399 1168 1493 geri
1194 1409 1381 1493 precatur,
1405 1417 1452 1466 ne

130 1521 168 1592 io
186 1514 321 1616 vulgus
338 1529 478 1615 negatae
494 1514 575 1612 opis
590 1512 686 1586 sama
704 1512 946 1588 dissereretur.
1000 1517 1057 1590 Sic
1072 1539 1160 1616 rege
1175 1515 1333 1609 dimisso,
1355 1541 1450 1615 pro-

128 1640 229 1715 missi
252 1639 312 1718 ab,
330 1663 375 1712 eo
402 1635 556 1736 praesidii
583 1635 848 1710 simulationem
873 1636 975 1736 apud
1004 1637 1149 1731 milites,
1182 1663 1230 1714 ne
1255 1637 1302 1711 ad
1322 1641 1450 1712 Caesa-

127 1787 208 1836 rem
230 1759 439 1851 delicerent,
472 1757 675 1849 exhibebat,
706 1755 776 1831 bac
803 1785 869 1860 spe
899 1785 1025 1836 eorum
1049 1763 1186 1838 animos
1214 1762 1359 1836 firmare
1382 1789 1452 1836 cu-

129 1889 284 1988 picus1.
333 1882 516 1982 Regressis
544 1881 629 1956 iude
652 1883 786 1974 Danis,
823 1885 955 1956 mirum
980 1882 1076 1958 dictu
1108 1901 1142 1958 et
1170 1887 1331 1961 novitate
1355 1910 1450 1985 pro-

128 2011 269 2111 digium
292 2005 425 2082 incidit.
475 2005 659 2104 Siquidem
679 2030 750 2078 uua
773 2008 936 2082 noctium
956 2006 1113 2082 infinitus
1136 2010 1292 2082 murium
1318 2033 1404 2108 grex
1428 2033 1450 2084 e

127 2133 333 2233 longinquo
358 2155 445 2204 rure
466 2152 701 2220 concurrens,
732 2129 823 2203 tristi
853 2145 1005 2204 occentu
1035 2129 1152 2221 edito,
1181 2129 1446 2206 Selecusibus²

127 2256 235 2355 aquis
259 2277 325 2330 sua
342 2269 471 2353 sponte
492 2249 703 2326 submersus
718 2251 856 2326 interiit.
909 2256 1073 2346 Quorum
1088 2249 1326 2328 cadaveribus
1341 2269 1450 2330 vento

125 2379 270 2480 jactatis
296 2377 394 2452 littus
423 2399 528 2449 mane
558 2389 778 2449 constratum
810 2379 988 2474 apparuit.
1052 2376 1143 2466 Quae
1164 2397 1221 2448 res
1246 2373 1366 2449 utilior
1386 2378 1449 2448 in-

127 2499 222 2578 colis
244 2525 291 2575 au
314 2497 514 2573 mirabilior
535 2497 662 2590 suerit,
688 2496 863 2572 incertum
885 2511 950 2572 est.
1011 2493 1148 2580 Eadem
1173 2519 1323 2597 quoque
1343 2513 1449 2572 nocte

179 2827 347 2890 'liemare
380 2822 514 2914 cupiens]
547 2827 596 2889 De
624 2823 762 2904 ratione,
820 2822 881 2890 Sed
892 2843 984 2911 aquas
996 2825 1106 2889 saltem
1115 2826 1250 2891 Sliemaa
1267 2847 1296 2890 r.
1304 2827 1446 2909 Slycnaea

126 2949 202 3015 qum
219 2929 421 2996 Waldemaro
442 2932 509 3016 regi
531 2951 600 2994 cum
621 2931 760 2996 ilenrico
820 2949 968 3016 nusquam
991 2929 1066 2994 clim
1087 2931 1129 2996 ita
1150 2943 1274 2996 vocatas
1301 2931 1455 2996 invenias..

127 3033 227 3113 duee,
263 3056 367 3100 rerum
402 3037 592 3122 publicarum
619 3035 760 3123 inprimis
817 3038 851 3102 Si
866 3036 941 3122 quid
950 3037 1130 3102 mutandum
1147 3048 1203 3119 est,
1225 3037 1329 3123 potius
1348 3038 1446 3102 credi·

125 3143 399 3228 respectababitc,
419 3142 640 3223 intercedebat,
654 3143 759 3208 obaer—
817 3141 915 3207 derim
957 3143 1118 3228 legendum
1153 3161 1218 3206 ecce
1256 3145 1446 3208 Seicensaeius.

128 3249 268 3312 caduces
288 3251 449 3314 nonnullas
467 3252 623 3338 generales
643 3249 681 3316 ad
697 3252 761 3316 len·
819 3249 899 3314 Satis
920 3251 1000 3314 enim
1025 3248 1183 3335 cognitum
1214 3261 1279 3329 eat,
1302 3249 1444 3314 intimum
1472 3244 1475 3254 ’

124 3353 295 3420 titudinem
302 3357 383 3442 regia
396 3371 481 3423 reete
492 3357 699 3424 estimandum
708 3379 760 3424 ne·
817 3356 891 3420 utic
902 3357 1011 3437 dnum,
1027 3355 1186 3420 meridiem
1199 3375 1313 3435 remus,
1329 3356 1445 3441 jamdiu

125 3463 276 3528 cesserim
297 3462 365 3528 ride
387 3465 468 3530 inter
488 3477 555 3530 uot.
575 3464 709 3530 uberior.
817 3462 922 3528 vocari
939 3465 1159 3528 Saitica-Naar.
1211 3466 1246 3526 ln
1265 3462 1332 3547 ripa
1353 3459 1446 3544 hujus

816 3589 903 3652 aquas
922 3569 977 3632 illo
998 3582 1139 3655 tempore
1164 3577 1218 3634 a'rx
1239 3568 1445 3652 (oldenborg)

177 3677 190 3711 ²
212 3668 407 3755 Selemst'bus]
433 3675 509 3738 Haec
537 3673 629 3739 lectio
649 3672 759 3739 editio-
817 3685 972 3738 exstructa
992 3687 1069 3755 erat,
1090 3676 1213 3739 initium
1233 3685 1265 3737 et
1281 3673 1366 3758 quasi
1378 3673 1442 3758 pila

125 3777 302 3865 niaprimae
320 3777 409 3842 dubia
425 3792 480 3844 eat.
509 3779 758 3845 DesinuSlianai
817 3779 971 3864 angularis
1006 3781 1091 3844 illius
1124 3781 1321 3856 munimenti,
1358 3776 1444 3865 quod
1575 3857 1578 3866 γ

123 3885 182 3949 bic
203 3884 262 3970 agi,
281 3883 477 3950 Gbeismerus
494 3885 585 3951 fidem
606 3884 700 3966 lacit,
724 3885 759 3948 in
816 3883 940 3949 nomine
955 3885 1139 3950 Dcnncua'ric
1153 3882 1303 3950 inclaruit.
1334 3886 1369 3946 ln
1383 3904 1444 3967 qua

123 3991 316 4076 compendio
337 4013 393 4057 suo
407 4014 466 4078 pro
480 4000 566 4078 aqcr's
579 3993 759 4059 salamitae
816 4011 887 4057 aree
902 3989 1148 4068 waldemarum,
1166 4009 1183 4054 c
1201 3989 1358 4074 colloquio
1373 4007 1443 4052 cum

120 4093 274 4174 consenc
296 4101 326 4161 in
350 4100 416 4164 Slic
446 4093 532 4181 (Ser.
553 4101 592 4164 11.
613 4103 692 4163 Dan.
712 4100 758 4178 11,
815 4099 952 4165 Haurico
988 4096 1187 4175 redeuntem,
1228 4105 1443 4182 pernoctasse,

122 4197 218 4280 383).
242 4207 353 4268 Utrum
368 4223 441 4268 vero
460 4225 570 4269 nomen
583 4206 615 4268 iu
636 4189 759 4269 suo'co-
815 4225 963 4290 perquam
1000 4203 1165 4270 verisimile
1197 4213 1261 4280 eat,
1305 4201 1443 4288 nihilque

120 4308 197 4374 dice
215 4309 307 4373 aliter
319 4311 468 4397 seriptum
483 4312 601 4395 legerit,
617 4333 657 4374 an
670 4309 759 4374 aliter
815 4311 885 4374 ideo
907 4310 980 4373 buic
1007 4309 1196 4394 conjecturae
1215 4307 1337 4372 obstare
1360 4307 1443 4374 vide·
1487 4302 1493 4314 '

120 4413 324 4480 scribendum
338 4415 469 4494 duxerit,
485 4416 558 4481 inde
572 4438 635 4482 non
653 4415 759 4502 liquet.
815 4429 878 4496 tur,
902 4417 959 4480 nisi
980 4411 1064 4502 quod
1083 4433 1145 4476 non
1160 4409 1293 4497 probare
1306 4433 1443 4498 possum,

120 4525 236 4606 ltaque
254 4520 293 4584 de
315 4521 401 4607 aquia
422 4519 553 4587 sortasse
584 4521 758 4586 nobishoc
816 4522 888 4587 huic
913 4543 1001 4606 cquae
1033 4519 1096 4604 jam
1125 4519 1180 4583 illo
1210 4531 1351 4603 tempore
1381 4519 1443 4583 boc

121 4627 256 4690 nomine
276 4627 441 4715 incognitis
460 4649 562 4696 mrmo
589 4640 647 4694 eat.
689 4627 758 4690 Ste·
816 4646 928 4692 nornen
955 4623 1056 4690 luisse.
1114 4627 1148 4689 Si
1176 4626 1256 4690 banc
1282 4625 1442 4692 lectionem

120 4733 261 4822 pbauiua
273 4735 435 4819 genuinam
444 4736 606 4801 lectionem
622 4753 655 4798 se
670 4731 760 4796 reati·
818 4733 1015 4800 Gbeiamarua
1041 4734 1075 4797 in
1104 4753 1160 4798 tuo
1186 4733 1292 4802 ecdico
1319 4733 1443 4814 babuit,

120 4853 218 4905 tuere
238 4842 359 4926 putarit
379 4841 540 4909 scribendo
570 4841 757 4910 Scicensiius.
818 4861 874 4906 auo
895 4840 964 4926 jure
979 4847 1010 4906 in
1029 4843 1095 4908 dbis
1112 4839 1248 4908 aeribme
1268 4841 1380 4926 pomit-

153 4963 210 5013 ιιι
224 4963 355 5014 canc
375 4965 510 5016 mamm
1171 4947 1248 5042 (59)
