3582 5466
738 291 955 366 umnam.
993 245 998 260 ’
1257 276 1260 294 '
1380 295 1453 368 aas

188 499 513 602 occaltmdamque
530 501 786 578 ramulorum
803 501 912 574 iidem
935 503 1069 598 justam
1083 500 1191 578 cadis
1215 525 1359 578 mirsam
1382 503 1503 606 finpa-

187 625 263 714 bat,
284 622 500 723 firmamque
513 624 595 700 facti
626 625 810 699 tuitionem
835 629 988 698 asaneus
1021 627 1203 704 sententia
1223 649 1300 702 susa
1326 651 1501 726 pereme-

187 748 386 820 rautissinso
406 753 664 848 propugnatrix
689 751 838 822 asistere
861 771 934 820 non
964 746 1120 820 erubuit.
1190 751 1265 822 Nee
1288 755 1359 847 stu
1379 775 1504 852 regem

187 866 361 966 spoliasse
378 887 551 964 contenta,
567 874 672 944 etiam
688 871 747 943 fati
763 869 934 943 laudibus
950 895 1081 944 eruere
1094 870 1305 962 conabatur,
1317 875 1424 972 cujus
1435 873 1502 950 lu-

187 991 499 1082 mariaeerat,
524 996 655 1066 lamam
683 1015 834 1091 quoque
855 992 1010 1091 sepelire
1033 998 1187 1066 connisa.
1241 991 1312 1066 Sed
1335 992 1502 1072 humanis

188 1113 343 1186 tenebris
361 1111 503 1190 divinoe
524 1113 696 1215 splendor
716 1113 850 1189 involvi
866 1141 938 1190 uon
962 1131 1110 1215 poterat.
1169 1117 1314 1215 Qaippe
1338 1117 1501 1194 iniracu-

186 1236 306 1310 loram
322 1241 417 1310 nitor
430 1235 621 1312 dubietatis
635 1239 821 1336 caliginem
838 1238 934 1312 clara
950 1263 1070 1312 rerum
1084 1237 1166 1312 luce
1181 1237 1348 1338 pellebat.
1409 1245 1501 1316 tta·

188 1375 383 1443 sanctitatis
396 1368 477 1463 ejus
501 1361 640 1436 medela
663 1364 779 1435 varios
794 1361 1074 1436 imbecillitatum
1096 1361 1295 1436 affectiones
1314 1363 1501 1440 remedio·

186 1512 270 1566 rum
285 1491 494 1566 salubritate
510 1465 701 1586 prosecuta
726 1501 789 1560 est.
840 1488 1007 1584 Cumque
1021 1485 1294 1561 obtrectantium
1310 1485 1403 1572 livor
1415 1511 1500 1562 cre·-

187 1613 436 1690 bresoentibns
460 1612 569 1710 siguis
600 1610 718 1684 virtuti
742 1607 872 1684 cedere
901 1623 1089 1709 cogeretur
1112 1635 1179 1684 nec
1208 1609 1318 1685 fidem
1351 1609 1501 1688 ulterius

187 1741 350 1812 iruetrari
368 1737 555 1836 quivisset,
587 1733 625 1804 in
652 1731 735 1806 iacti
757 1745 875 1806 tamen
890 1730 1098 1806 delmsione
1112 1735 1301 1832 persistens
1329 1737 1501 1812 sanctitati
1619 1761 1625 1784 ·

188 1858 336 1959 quidem
350 1865 507 1948 assensit,
532 1855 691 1930 sedeam
706 1873 923 1930 nontamen
939 1853 1133 1954 preteritas
1143 1859 1225 1931 vitm
1241 1861 1374 1932 merida
1389 1883 1500 1960 qaam

186 1985 304 2057 ultimi
319 1987 490 2083 temporis
509 1983 714 2081 poenitentia
729 1976 927 2076 prolectam
948 1981 1102 2054 astruxit.
1158 1981 1211 2054 lta
1232 1997 1267 2054 et
1283 1983 1414 2079 justam
1438 1986 1500 2057 ia-

186 2123 247 2180 eto
266 2129 411 2180 eausmn
435 2105 621 2204 praetexuit
640 2117 676 2174 et
700 2107 770 2174 vita
792 2125 933 2176 cassum
957 2100 1096 2176 bonore
1111 2101 1267 2176 donavit.
1318 2103 1498 2204 Siquidem

188 2227 302 2328 digne
313 2251 437 2328 regma
450 2233 599 2326 perisse,
613 2223 679 2300 sed
694 2225 794 2324 pium
810 2224 980 2324 lacrymis
994 2225 1148 2298 evasisse
1163 2223 1318 2318 dicebat,
1332 2229 1500 2304 inuniu-

186 2374 274 2424 nem
289 2353 369 2450 ejus
390 2353 545 2425 avaritiae
564 2371 675 2446 quam
700 2348 861 2446 religioni
884 2351 1093 2445 propiorem
1113 2345 1325 2424 existimant.
1384 2353 1499 2452 Cujus

188 2477 322 2550 erroris
342 2500 414 2546 non
430 2497 561 2574 parvas
582 2466 815 2570 postmodum
835 2492 964 2568 poenas
978 2468 1156 2566 pependit.
1208 2468 1278 2544 Sed
1299 2489 1335 2546 et
1355 2480 1499 2572 posteri,

190 2612 375 2694 paternam
391 2595 590 2672 redolentes
605 2591 782 2685 invidiam,
796 2595 982 2666 sanctitatis
996 2593 1078 2691 ejus
1097 2594 1271 2668 sormam¹
1290 2619 1363 2670 nou
1381 2599 1499 2671 mori-

189 2718 278 2810 bus,
301 2719 364 2794 sed
387 2718 555 2818 lacrymis
578 2719 771 2817 imputant,
792 2716 1029 2815 praesentique
1050 2714 1292 2790 incredulitate
1320 2725 1498 2817 praeterito

185 2865 270 2916 sese
283 2843 392 2916 errori
409 2838 599 2940 implicant.
655 2845 780 2940 Neque
796 2837 927 2913 adduci
945 2853 1112 2936 possunt,
1135 2855 1174 2913 ut
1201 2845 1314 2938 ipsius
1336 2841 1497 2914 beatitu-

183 2963 320 3056 dinem,
332 2963 499 3063 deposito
517 2963 614 3053 odio,
629 2970 767 3038 sincere
785 2964 991 3037 aestiment2.
1044 2962 1177 3035 Verum
1193 2965 1398 3062 sacmejus,
1421 2987 1498 3063 op-
1538 2987 1541 2994 ·

183 3085 319 3186 pidulo
337 3107 427 3178 orta,
442 3102 516 3160 toto
539 3111 645 3184 paene
669 3063 841 3163 terrerum
862 3083 951 3160 orbe
965 3083 1154 3175 fulserunt,
1170 3085 1360 3186 cultusque
1375 3089 1498 3186 ipsius,

238 3381 408 3466 ¹Feritrum]
426 3385 531 3470 Stepb.
544 3385 820 3472 posuitsortuuem.
874 3381 988 3468 nequit.
1039 3379 1100 3448 Sed
1122 3403 1191 3447 eam
1210 3381 1307 3448 indies
1327 3383 1497 3449 crebresce-

236 3495 363 3574 ²Neque
382 3495 495 3556 adduci
511 3510 651 3579 possunt,
671 3510 705 3555 at
725 3498 817 3580 t'pst'ass
872 3503 921 3552 ret
937 3488 1017 3552 fama
1035 3487 1268 3568 miraculorum,
1289 3511 1421 3576 quornm
1437 3492 1497 3555 erl·

186 3599 397 3660 hassiudmem
423 3603 533 3662 stisesre
562 3595 715 3680 mimum]
739 3599 816 3690 Qua
872 3597 912 3660 sis
935 3617 951 3658 a
975 3607 1067 3680 capta
1090 3595 1177 3658 istim
1204 3597 1304 3660 aetatis
1328 3609 1394 3662 erat
1423 3598 1496 3662 alis-

185 3708 302 3768 Noster
312 3703 362 3766 bic
377 3702 415 3766 de
428 3701 508 3766 lama
525 3706 635 3768 Canuti
650 3717 721 3789 post
735 3727 816 3770 rnor-
872 3723 921 3780 as,
950 3700 1029 3766 hanc
1048 3722 1151 3766 rursus
1171 3703 1398 3766 conclusionem
1422 3699 1497 3768 iecit

185 3825 253 3874 tarn
271 3810 384 3888 attulit,
402 3810 429 3872 si
443 3811 590 3894 ampullas
603 3810 767 3876 terboru'm
784 3823 815 3874 et
871 3809 1018 3894 populus:
1052 3809 1185 3872 Canutns
1212 3820 1315 3894 patrat
1340 3809 1496 3888 miracala,

185 3913 437 4000 superstitionem
480 3917 627 4000 temporis
660 3917 818 3994 mittimus,
872 3913 967 3998 igitur
983 3925 1029 3976 est
1043 3915 1180 3978 Sanctus.
1225 3917 1370 3978 Attamen
1391 3913 1496 3978 odiam

185 4023 252 4086 buc
270 4019 408 4084 redeunt.
477 4024 570 4086 Brevi
591 4035 662 4108 post
686 4035 818 4086 mortem
873 4019 994 4105 imperii
1017 4039 1085 4082 cum
1110 4019 1311 4084 admiratione
1325 4021 1496 4085 sanctitatis

185 4128 422 4192 canutieterici
435 4128 545 4190 multas
559 4145 734 4213 sparserunt
749 4152 817 4192 nar·
874 4126 1004 4212 jungens
1017 4125 1149 4204 addidit,
1175 4147 1278 4210 regern
1296 4128 1407 4190 malunt
1428 4147 1496 4194 sera

183 4233 325 4298 rationes
346 4233 384 4296 de
409 4233 614 4296 sanctionibus
633 4237 819 4300 miraculosis
874 4245 906 4296 et
942 4231 1096 4318 profunda
1128 4233 1337 4317 resipiscentia
1368 4233 1497 4300 stasim

182 4359 247 4425 per
259 4359 362 4424 regem
373 4353 535 4422 martyrem
548 4337 678 4418 effectis,
697 4361 752 4405 eeu
770 4353 818 4406 to·
873 4341 1026 4403 Sanctum.
1068 4344 1155 4402 Hanc
1170 4359 1243 4404 vero
1267 4341 1374 4427 populi
1397 4343 1430 4405 in
1450 4340 1497 4424 ja·

183 4444 286 4509 tidem
303 4466 363 4530 pro
392 4445 555 4508 sanctitate
580 4442 660 4530 regis
681 4447 817 4512 testimo·
872 4443 1002 4508 dicando
1024 4444 1220 4508 acerbitatem
1242 4449 1354 4510 Noster
1367 4447 1497 4524 coelitus

182 4553 259 4616 niis.
297 4552 433 4638 Populus
450 4563 561 4630 autern,
578 4571 681 4636 regern
699 4573 816 4630 exosos,
871 4551 1063 4636 sequentium
1095 4572 1245 4616 annorum
1277 4553 1379 4618 inedia
1407 4556 1496 4641 pani-

184 4659 416 4737 conclusiones
431 4677 494 4720 oon
510 4677 600 4742 posse
618 4659 657 4723 ad
672 4679 734 4722 non
752 4679 815 4724 esse
873 4669 936 4720 tam
968 4655 1059 4721 fnisse
1085 4658 1282 4738 existimarit,
1308 4661 1496 4748 unumque

184 4764 338 4844 instituta,
358 4762 495 4828 dicebat:
515 4783 567 4828 rex
582 4763 642 4828 init
660 4778 814 4848 tyrannus,
872 4785 926 4826 sna
946 4757 1036 4828 aetate
1058 4765 1196 4831 nondum
1214 4769 1306 4852 plane
1326 4769 1493 4833 exolevisse

183 4869 282 4953 igitur
296 4875 328 4932 in
342 4891 503 4932 nnmerum
522 4872 704 4934 Sanctorum
720 4872 816 4956 recipi
873 4869 998 4933 miratus
1014 4885 1068 4934 est.
