3536 5462
603 295 935 370 WALDEMARUS
952 301 977 370 1.
1328 293 1401 370 855

138 503 287 581 alienam
321 505 539 602 impeterent.
598 505 782 602 Praecepit
812 528 982 604 quoque,
1016 529 1099 580 cum
1138 510 1296 604 primum
1326 501 1451 577 classis

137 628 316 704 obiectum
339 624 411 700 veli
433 623 612 700 beneficio
633 641 891 726 penetrassent,
915 623 1044 700 eodem
1068 625 1281 704 defensionis
1306 651 1451 726 genere,

136 777 209 849 quo
230 773 378 850 proram
406 748 655 842 instruxerant,
679 747 832 827 se'duoe
850 751 1007 846 puppim
1030 753 1287 840 communiant,
1313 749 1450 824 obser-

134 891 236 968 uato,
277 898 324 948 ne
356 876 439 972 quis
468 855 628 970 praeter'
643 895 725 948 eum
760 875 846 946 inter
870 869 1121 970 praeliandum
1149 871 1247 947 sandi
1269 873 1449 948 licentiam

134 1013 341 1096 usurparet,
367 1019 443 1094 quo
465 992 595 1068 melius
619 998 827 1092 imperantis
852 997 966 1093 jussio
992 994 1231 1072 exaudiretur.
1281 999 1398 1088 Quem
1420 995 1450 1068 si

132 1120 296 1198 occidere
318 1117 533 1218 contigisset,
557 1117 719 1192 'souonis
740 1133 947 1192 vererentur
969 1119 1182 1216 imperium,
1207 1117 1266 1194 bio
1299 1122 1328 1192 si
1357 1143 1449 1216 per-

130 1245 232 1334 isset,
264 1245 404 1342 &gero
424 1229 659 1340 proloquium
680 1238 900 1330 deferretur3
950 1241 1083 1338 quibus
1109 1248 1310 1340 prostratis,
1335 1242 1450 1314 mini-

131 1391 228 1440 mum
251 1390 398 1465 pugnae
423 1363 640 1440 restaturnin
662 1363 817 1438 dicebat.
869 1365 952 1455 Quo
975 1361 1123 1440 demum
1142 1344 1290 1440 loricam
1306 1387 1449 1440 sumere

128 1486 282 1592 volente,
307 1494 356 1580 is,
381 1495 444 1590 qui
464 1487 713 1592 gubernaculo
738 1503 904 1585 praeerat
918 1486 948 1578 ¹,
973 1511 1049 1586 quo
1070 1511 1109 1562 se
1137 1491 1182 1562 sit
1209 1504 1448 1586 protecturuS,

128 1613 283 1710 inquirit,
308 1637 405 1702 eum,
428 1628 582 1711 utraque
601 1635 711 1684 manu
730 1611 823 1682 circa
843 1607 1070 1709 gubernandi
1087 1610 1245 1684 officium
1261 1622 1448 1705 occupata,

128 1750 290 1808 neutram
315 1735 540 1810 necessariae
566 1730 778 1806 defensionis
802 1733 929 1806 usibus
950 1748 1075 1831 aptare
1090 1735 1215 1832 possit.
1268 1731 1336 1803 Cui
1352 1755 1448 1806 uon-

128 1860 227 1933 tinuo
243 1848 429 1932 Esbernus
445 1858 718 1948 munimentum,
742 1851 845 1953 quod
861 1871 934 1927 erat
951 1872 1146 1946 sumturus,
1162 1852 1317 1943 tradidit,
1333 1875 1447 1949 seque

126 2005 237 2078 quam
262 1977 539 2080 gubernatorem
562 1977 733 2052 hostibus
746 1976 915 2050 inermem
935 1977 1067 2051 offerre
1086 1977 1220 2050 maluit.
1247 1981 1329 2070 Quo
1352 1973 1447 2046 facto

127 2103 415 2179 utriushominis
442 2125 577 2201 corpus
599 2101 715 2188 ferro,
748 2101 910 2172 omnium
935 2126 1024 2173 vero
1048 2118 1186 2174 mentes
1208 2099 1360 2174 audacia
1383 2099 1445 2190 in-

125 2231 273 2314 struxit,
306 2239 490 2326 tantopere
520 2225 643 2300 hostes
674 2249 696 2296 a
728 2249 767 2297 se
789 2229 966 2296 contemni
990 2222 1250 2297 demonstrans.
1304 2219 1446 2314 Quibus
1552 2233 1559 2246 “

124 2355 221 2424 iuxta
243 2347 396 2424 Esberni
422 2348 614 2426 consilium
639 2343 850 2421 obedienter
870 2371 913 2418 ac
937 2362 1083 2420 strenue
1105 2353 1223 2446 gestis,
1248 2361 1443 2444 postquam

123 2471 249 2548 clasem
265 2469 419 2572 globum
443 2473 632 2572 aciemque
648 2484 899 2569 perruperant,
923 2475 1063 2567 primus
1087 2471 1314 2568 sequentium
1341 2463 1445 2538 Scla-

117 2619 255 2672 uorum
270 2600 432 2672 incursus
450 2597 486 2671 vi
502 2594 659 2672 telorum
675 2593 841 2690 abigitur.
891 2591 1091 2682 Secundus,
1107 2591 1293 2690 aliquanto
1309 2591 1444 2662 maiore

118 2735 257 2794 conatu
274 2716 402 2809 editur,
419 2721 500 2817 pari
518 2716 629 2792 modo
646 2714 844 2815 repellitur.
875 2717 996 2790 Tertio
1012 2715 1172 2810 barbari,
1189 2731 1322 2788 tantam
1339 2715 1444 2785 vuius

117 2841 258 2939 nauigii
275 2817 442 2915 virtutem
461 2843 589 2934 mirati,
608 2865 692 2914 cum
707 2837 843 2937 quibus
860 2838 1092 2936 praelientur,
1112 2842 1340 2940 interrogant.
1366 2839 1445 2908 Re-

113 2963 279 3063 spondet
293 2962 492 3055 EsbernnS,
518 2963 653 3038 frustra
669 2966 815 3037 nomina
833 2961 963 3052 rimari,
992 2965 1056 3062 qui
1073 2962 1245 3062 praedam
1265 2951 1445 3056 occupare

115 3113 192 3160 non
218 3089 371 3184 possint.
423 3089 529 3160 Hunc
553 3088 649 3162 vocis
671 3087 809 3184 jactum
838 3101 1006 3184 expertus
1022 3091 1169 3177 Ericus,
1202 3085 1313 3158 lurisii
1337 3081 1445 3167 filius,

114 3214 173 3283 vir
198 3213 347 3310 generis
368 3208 466 3302 olari,
490 3206 557 3284 sed
581 3206 702 3283 cordis
726 3207 864 3302 obtusi,
891 3234 1002 3308 quem
1026 3209 1118 3282 sorte
1143 3207 1260 3281 Selnui
1283 3205 1354 3278 illic
1376 3231 1443 3276 ca-

110 3338 266 3433 ptiuum
280 3331 474 3425 habebant,
488 3356 600 3432 quarn
612 3349 754 3432 poterat
771 3331 869 3432 clara
887 3357 975 3408 voce
990 3330 1223 3432 praedicauit,
1239 3329 1445 3402 Esberoum

110 3456 163 3529 ab
190 3457 343 3554 eiscapi
360 3481 433 3530 non
452 3478 572 3555 posse.
627 3459 709 3549 Quo
727 3455 861 3544 audito,
888 3457 1062 3552 seipsos,
1087 3457 1444 3551 nisieopotirentur,

106 3581 276 3653 inuicem
298 3584 463 3671 execrati,
488 3576 627 3654 hostilis
648 3580 782 3674 nauigii
796 3577 913 3650 'latera
930 3579 1017 3649 eitra
1036 3577 1171 3650 malum
1188 3574 1443 3650 communibus

106 3707 246 3778 rostris
265 3699 466 3800 impellunt.
518 3704 557 3772 In
583 3725 660 3800 quo
687 3697 853 3773 conflictu
881 3699 1091 3798 complures
1117 3708 1160 3772 ex'
1188 3706 1239 3773 eis
1257 3701 1442 3771 exanimati

103 3841 212 3918 sunt,
242 3822 524 3897 sialandensium
547 3825 688 3896 nemine
721 3819 930 3921 periclitato.
985 3825 1153 3921 Cumque
1177 3839 1317 3906 ventus,
1343 3823 1444 3891 cuius

101 3973 187 4024 non
205 3946 395 4023 modicum
414 3945 584 4021 auxilium
600 3963 686 4040 erat,
711 3944 976 4045 aliquantulum
998 3968 1040 4017 ex
1066 3947 1215 4044 pristino
1232 3942 1360 4016 habitu
1378 3962 1444 4010 re-

99 4077 259 4148 mittere
275 4068 467 4162 videretur,
492 4075 729 4172 interpogatus
746 4095 767 4142 a
784 4075 858 4146 suis
875 4060 1071 4162 Esbernus,
1089 4095 1134 4142 an
1153 4067 1234 4143 velo
1253 4065 1444 4164 remigium

98 4195 282 4297 adjicere
297 4209 489 4293 oporteret,
513 4192 552 4266 id
571 4191 648 4266 fieri
666 4191 863 4291 prohibuit,
890 4220 936 4267 ne
952 4195 1217 4292 nauigationem
1237 4205 1334 4262 metu
1349 4211 1444 4260 con-

96 4319 228 4394 ficere
252 4331 476 4416 putarentur.
530 4317 700 4413 Cumque
721 4313 900 4390 barbaros
926 4315 1123 4390 identidem
1143 4315 1292 4390 firmatis
1316 4313 1444 4386 animis

94 4439 338 4544 pertinacius
353 4441 483 4514 instare
499 4444 792 4538 cognoscerent²,
817 4441 1102 4536 perseuerantiae
1116 4464 1242 4513 eorum
1261 4451 1374 4522 metu,
1399 4459 1444 4505 an

147 4625 159 4658 ¹
191 4619 264 4702 Qui
291 4617 490 4698 gubernaculo
515 4618 659 4703 preerat]
694 4619 750 4682 Et·
863 4618 874 4652 ²
905 4613 1134 4700 Cognoscereut]
1180 4615 1229 4694 (L.
1258 4629 1444 4698 cognosceret

85 4725 198 4790 berni
227 4721 310 4802 loco,
330 4721 475 4790 dumille
498 4743 623 4806 proram
643 4721 747 4788 delen·
814 4715 901 4803 ligi.

85 4832 227 4898 debut.¹
