3536 5462
335 267 410 356 aaa
669 253 846 338 ursroa.
871 263 1238 344 nanutntnxrv.

288 499 512 574 suorumque
537 469 733 546 libertatem
758 472 943 548 latentium
971 475 1106 546 civium
1130 472 1334 572 proditioue
1357 473 1505 544 mercuri
1531 491 1605 541 eu-

289 613 400 698 peret.
426 595 489 668 llle
505 593 744 668 conditionem
761 595 891 694 cupide
905 613 1043 696 pactus,
1062 610 1102 672 se
1116 599 1237 698 ipsum
1251 591 1474 670 terrestribus
1490 591 1606 690 copiis

288 717 483 820 petendam
504 716 675 818 paludem
702 725 922 810 cincturum,
945 720 1092 794 fratrem
1118 745 1206 794 vero
1228 717 1446 818 navigaturis
1473 712 1607 788 ducem

290 843 474 940 promittit.
533 843 589 914 Sic
605 843 700 916 enim
725 841 890 934 Sclavos,
915 844 1059 942 ancipiti
1083 842 1170 942 suga
1189 840 1395 941 implicitos,
1423 859 1607 934 nusquam

291 961 476 1038 dilabendi
500 971 681 1046 materiam
704 964 905 1040 habituros.
961 967 1013 1038 Ea
1042 963 1148 1064 palus
1180 991 1202 1038 a
1229 967 1416 1064 superiore
1436 987 1504 1061 per
1536 985 1609 1034 an-

292 1093 583 1186 gustum-amnis
607 1085 797 1164 discrimen
828 1088 1004 1187 abrupta,
1034 1088 1235 1163 minoribus
1265 1083 1433 1161 duntaxat
1465 1107 1609 1158 accusa

291 1211 443 1308 navigiis
457 1225 531 1282 erat
545 1214 573 1284 ¹.
601 1210 837 1303 Quibusdum
845 1212 1005 1286 Absalon
1020 1237 1100 1286 eam
1108 1225 1255 1312 peteret,
1268 1211 1442 1309 ecaptiro
1449 1231 1611 1282 errorem

295 1331 485 1406 simulante
520 1331 670 1411 ductum
693 1336 799 1414 minis
827 1341 990 1428 extorsit,
1026 1335 1231 1436 saltumque
1255 1333 1456 1408 meditantis
1479 1332 1610 1404 cervici

296 1479 428 1531 nexum
444 1454 564 1528 inferri
588 1459 771 1556 praecepit.
826 1457 932 1534 Multi
958 1461 995 1532 in
1020 1485 1103 1532 eum
1130 1485 1174 1532 ex
1193 1456 1344 1549 Sclavis,
1365 1455 1454 1528 dum
1470 1450 1613 1550 cymbis

297 1577 423 1676 sugam
438 1597 639 1678 capessunt,
659 1580 827 1654 incidunt.
873 1587 1054 1673 Armenta,
1071 1580 1120 1655 ab
1138 1579 1262 1654 iisdem
1278 1585 1370 1654 iuter
1383 1601 1484 1652 mare
1507 1575 1614 1675 palu·

298 1700 456 1801 demque
479 1719 607 1782 coacta
625 1709 656 1794 ²,
678 1701 1005 1778 aSialandeusibus
1020 1720 1125 1802 capta
1144 1728 1187 1778 ac
1206 1729 1272 1803 per
1286 1719 1399 1776 totum
1419 1699 1613 1774 exercitum

300 1821 463 1898 distribui
477 1841 598 1899 curata
614 1843 708 1902 suut.
741 1887 746 1902 .
760 1830 850 1921 Quae
865 1851 923 1900 res
940 1830 972 1900 ei
990 1826 1073 1924 plus
1095 1825 1237 1901 invidiae
1250 1826 1353 1925 apud
1364 1827 1484 1902 socios
1502 1851 1615 1926 quam

300 1945 425 2046 gloriae
440 1951 616 2048 quaesivit,
637 1947 739 2048 quod
754 1949 802 2024 ab
818 1953 993 2026 universis
1008 1948 1223 2049 capiendum
1240 1966 1326 2042 erat,
1342 1976 1364 2022 a
1380 1949 1465 2026 solis
1480 1947 1616 2022 Sielan-

301 2067 475 2146 deusibus
490 2075 660 2172 occupari
684 2071 850 2148 dicentes.
910 2078 993 2167 Quo
1015 2071 1188 2171 paludem
1212 2097 1375 2171 egresso,
1400 2070 1549 2173 quidam
1572 2097 1617 2146 ex

301 2193 418 2265 nautis
444 2194 688 2292 petulantioris
710 2193 843 2296 linguae
873 2194 1004 2270 ducem
1027 2194 1206 2295 supplicio
1228 2194 1380 2296 dignum
1403 2198 1618 2295 perjurum

302 2311 434 2410 dixere,
449 2314 562 2416 quo'd,
576 2343 692 2416 quum
706 2325 968 2420 navigationem
978 2334 1256 2418 praemonstrare
1275 2315 1434 2409 deberet,
1450 2323 1621 2418 ignorau-

302 2443 386 2510 tiam
419 2437 576 2533 finxerit,
632 2447 928 2542 promissumque
960 2465 1068 2516 suum
1102 2455 1245 2517 secutos
1293 2438 1460 2514 simulato
1493 2465 1619 2516 errore

304 2557 482 2638 fallendos
502 2567 689 2639 curaverit.
738 2565 822 2657 llle,
842 2563 1006 2639 ludibriis
1029 2588 1099 2662 pro
1120 2567 1213 2638 serio
1229 2561 1359 2654 ductis,
1384 2562 1519 2662 laqueo
1542 2561 1617 2636 de·

304 2683 425 2755 stiuari
445 2702 612 2782 aeratus,
628 2686 717 2761 dum
734 2712 868 2786 aquam
886 2714 906 2761 e
923 2703 1050 2786 stagno
1061 2702 1233 2785 tauquam
1241 2687 1498 2761 munditiarum
1504 2687 1620 2788 gratia

304 2821 461 2903 peteret,
486 2807 580 2885 ultro
596 2815 819 2912 praecipitato
843 2836 997 2912 corpore
1011 2809 1237 2912 profundum
1254 2812 1402 2905 insiluit,
1424 2811 1622 2909 anticipare

307 2927 419 3004 satum
444 2958 556 3032 quam
580 2953 765 3037 expectare
782 2953 997 3037 praeoptans.
1049 2938 1128 3029 Qua
1152 2935 1348 3012 temeritate
1371 2933 1527 3010 dubium
1551 2960 1621 3008 re-

307 3051 422 3152 liquit,
447 3059 650 3156 perieritne,
679 3085 727 3134 an
740 3061 813 3137 sub
829 3059 934 3135 undis
948 3058 1072 3138 salvus
1090 3059 1254 3137 enaverit.
1307 3060 1447 3155 Quibus
1460 3082 1621 3148 rursum,

361 3406 371 3440 ¹
396 3404 537 3489 Bupalus
552 3445 621 3467 .....
635 3409 764 3492 acceptis
777 3405 856 3488 erut]
871 3405 937 3492 Ob·
992 3425 1081 3490 part,
1113 3403 1200 3487 cujus
1230 3404 1282 3470 bic
1314 3404 1406 3468 nulla·
1424 3406 1540 3472 mentio
1567 3407 1624 3484 fit,

310 3523 397 3580 ecura
415 3519 487 3570 eunt
509 3509 576 3573 baec
604 3497 708 3577 rerba.¹
746 3515 836 3580 Nulla
856 3517 938 3580 enim
992 3511 1238 3597 septentrionalis
1268 3524 1349 3590 erat,
1382 3511 1464 3576 inter
1482 3513 1627 3578 'Comen-

311 3609 370 3674 alia
400 3614 489 3697 palus
517 3616 633 3697 vicine,
674 3632 769 3704 prout
800 3619 892 3686 rerba
919 3649 940 3686 a
992 3620 1082 3684 triam
1104 3631 1136 3682 et
1153 3618 1263 3704 Panim
1281 3619 1354 3695 elta,
1382 3616 1513 3684 inferior
1531 3641 1629 3696 sero,

311 3724 460 3806 superiore
483 3722 636 3798 indicant,
669 3747 685 3788 a
714 3728 831 3793 Saxone
857 3749 941 3792 com·
993 3725 1049 3790 ubi
1082 3727 1191 3789 incole
1219 3724 1302 3788 urbis
1327 3722 1480 3810 refugium
1507 3723 1627 3809 petire·

311 3813 479 3891 memorata
499 3842 553 3894 est.
590 3833 653 3894 Nisi
674 3834 769 3918 igitur
791 3835 906 3919 aliquid
924 3855 942 3899 e
996 3845 1076 3912 rant,
1095 3831 1295 3918 ''aeuperiore
1313 3843 1544 3917 perangustum
1561 3853 1626 3894 am·

244 3977 252 3986 .
311 3942 400 3994 textu
414 3933 474 3996 hoc
492 3935 563 4000 loeo
588 3937 717 4016 excidit,
744 3953 852 4005 auctor
872 3942 940 4004 lraec
995 3939 1043 4001 nie
1081 3935 1214 4019 (Panis)
1259 3937 1422 4002 discrimen
1458 3937 1628 4021 abruptx,''

312 4037 449 4102 scribens
482 4061 514 4104 se
540 4043 648 4110 dixisse
670 4047 819 4128 eredidit,
855 4050 941 4136 quod
997 4046 1073 4110 Pani
1100 4045 1196 4110 llario
1226 4045 1324 4109 vicina
1353 4059 1420 4109 erat
1443 4067 1462 4107 e
1486 4041 1628 4122 meridie,

311 4165 375 4212 noa
395 4145 479 4222 dixit.
520 4151 633 4217 sensus
652 4164 754 4218 tamen
774 4157 825 4219 vix
843 4157 942 4221 incer-
997 4153 1094 4236 regio,
1112 4165 1204 4236 pute,
1225 4153 1305 4215 circa
1329 4152 1430 4215 vicum
1444 4155 1629 4236 Hagenow,

313 4265 362 4318 tue
384 4255 453 4319 erit.
495 4261 543 4322 De
569 4259 729 4346 paludibus
755 4263 836 4325 enim
858 4262 940 4326 haud
995 4280 1082 4344 que,
1101 4259 1240 4323 Scbeelio
1255 4272 1334 4324 teste
1354 4257 1390 4338 (1.
1406 4279 1433 4322 o.
1448 4279 1518 4344 pag.
1537 4251 1630 4336 694),

314 4358 406 4424 dubie
436 4383 537 4428 sermo
565 4379 625 4446 est,
653 4366 727 4431 olim
752 4369 844 4454 longe
865 4389 939 4453 pro-
994 4365 1189 4430 commodum
1214 4364 1335 4449 praebet
1357 4361 1512 4452 refugium
1540 4365 1631 4450 pelu-

313 4464 504 4536 suudioribue
525 4484 556 4534 et
575 4472 751 4547 latioribus,
769 4497 860 4560 quam
885 4476 943 4540 bo·
997 4473 1086 4536 dibus
1104 4472 1261 4535 munitum.

315 4573 382 4651 die,
415 4599 485 4659 quse
527 4599 559 4643 se
594 4581 631 4646 ab
658 4582 736 4646 urbe
765 4583 941 4648 Coizcowia
1041 4585 1160 4644 ²Iuter
1186 4605 1265 4643 mare
1287 4580 1481 4668 paludemque
1509 4575 1627 4656 waste}

312 4680 470 4752 meridiem
496 4705 598 4751 versus
617 4689 835 4768 extendebant,
864 4689 941 4753 Pani
996 4690 1077 4752 Saxo
1103 4687 1163 4750 hoc
1186 4684 1383 4750 intervallum
1411 4681 1544 4748 fortem
1575 4705 1629 4748 eu·

313 4785 410 4856 ilario
439 4804 613 4875 permeate.
660 4795 809 4877 Superior
837 4817 939 4862 earnm
997 4795 1113 4880 gnatius
1140 4791 1275 4880 putarit,
1300 4813 1392 4878 quem
1419 4809 1526 4856 revera
1554 4803 1629 4856 eret
