3536 5462
631 319 962 398 wtuunttnttus
980 323 1004 394 1.
1355 321 1430 400 843

175 520 345 597 revitlmne
362 520 635 612 eimulecrum¹,
660 520 763 622 quod
776 523 814 596 in
833 525 995 624 proximo
1014 523 1093 600 tede
1113 525 1311 620 colebatur,
1342 525 1483 604 ovidius

176 650 413 745 porriguntur.
466 643 505 717 ld
527 639 690 744 quinque
710 644 891 744 capitibus
907 654 1095 740 connitum,
1120 647 1310 726 tredennis
1329 675 1483 726 vacuum

175 767 380 869 lingebatur.
432 771 516 860 Quo
534 769 689 862 sueccino,
715 771 895 844 Porenutii
921 771 1118 870 templum²
1148 775 1338 873 oppetitur.
1396 775 1484 848 ileo
1512 865 1515 872 .

176 907 294 983 statue,
319 905 476 989 quotuor
488 887 597 964 facien
612 905 878 988 repraesentans,
900 899 1061 991 quintum
1077 897 1212 995 pectori
1228 902 1394 972 insertum
1408 895 1484 970 ha-

172 1013 290 1107 bebat,
313 1015 418 1112 cnjus
442 1013 594 1090 frontem
620 1012 724 1107 leve,
749 1033 911 1091 mentum
926 1015 1069 1092 dextera
1086 1020 1266 1120 tangebat.
1318 1021 1405 1094 Haec
1422 1020 1484 1093 in·

173 1137 349 1212 mulorum
364 1137 559 1211 ministerio
571 1137 757 1212 securibus
775 1143 843 1213 icto
858 1139 1020 1216 concidit.
1072 1143 1146 1215 Huc
1162 1155 1294 1216 stotuuc
1309 1118 1483 1244 oppidtlni

173 1260 358 1336 Abrelonii
375 1261 493 1337 edicto
511 1267 601 1335 intro
615 1266 746 1336 moenio
765 1285 924 1367 cremare
940 1265 1048 1363 jussi,
1082 1287 1209 1363 preces
1226 1266 1380 1364 imperio
1405 1261 1492 1364 op—‘

171 1409 303 1486 ponere
318 1401 516 1484 coeperunt,
538 1401 691 1479 orantes,
716 1387 926 1461 misereatur
942 1387 1110 1462 coulertae
1134 1386 1253 1479 urbis,
1275 1412 1342 1460 nec
1357 1363 1483 1460 incan

169 1507 229 1584 dio
244 1507 398 1602 obiiciat,
424 1533 581 1608 quorum
596 1507 725 1608 jugulo
740 1525 875 1608 porcat.
926 1515 1018 1585 Nem
1036 1516 1065 1585 si
1083 1512 1175 1612 ignis
1193 1509 1240 1584 nd
1257 1511 1371 1584 vicine
1388 1533 1482 1608 pro-

172 1633 290 1733 lepeuo
316 1657 428 1707 unum
455 1629 733 1708 etebcrnaculis
749 1635 995 1734 corripuisset,
1024 1633 1077 1708 ob
1099 1634 1261 1708 eximiam
1278 1637 1482 1709 consertio-

173 1779 251 1828 nem
290 1755 455 1830 universo
488 1751 732 1828 indubitanter
760 1753 985 1832 convelleret.
1052 1761 1281 1858 Quapropter
1302 1779 1364 1832 ees
1389 1753 1482 1832 urbe
1596 1787 1604 1796 ·

220 2007 797 2088 ΙΑᾰΡοιϊυὶιΙιιυιιεὑνιιιίσιιίιιιι]Ιᾶοιι
849 2009 914 2091 93,
943 2009 1021 2093 135,
1047 2009 1108 2077 137
1125 2033 1171 2100 eq.
1203 2003 1483 2092 151,151,166;

168 2135 280 2182 nem
306 2115 399 2182 etiem
424 2113 507 2202 epud
535 2114 747 2190 Glreittnerunt
777 2119 797 2181 l.
852 2121 1028 2202 logenam,
1049 2117 1147 2188 Vend.
1162 2117 1324 2183 Gndeltere
1342 2109 1481 2202 illd-²⁴5

168 2246 197 2290 c·
218 2222 342 2310 legitur,
372 2233 403 2286 et
428 2234 537 2288 auctor
562 2220 633 2286 hiet
650 2223 796 2308 luptt
850 2227 879 2290 J.
898 2225 1016 2290 Grimtn
1038 2226 1058 2288 Ι.
1079 2243 1106 2290 c.
1125 2245 1193 2310 peg-
1217 2221 1291 2306 116)
1306 2221 1481 2309 discrepen-

167 2351 197 2396 ο.
218 2331 312 2396 trium
330 2329 500 2408 numinum,
523 2349 656 2414 quorum
675 2328 796 2394 rinole-
851 2329 893 2393 tin
915 2331 997 2398 inter
1016 2343 1173 2394 enctnrem
1198 2329 1352 2394 iciendum
1372 2341 1404 2394 ct
1424 2351 1481 2392 no-

167 2459 221 2503 cte
239 2435 392 2502 lierentiae
418 2433 572 2499 destructe
591 2447 680 2516 eunt,
701 2458 793 2500 unum
849 2449 946 2500 etrum
964 2437 997 2502 iu
1016 2437 1138 2500 nominc
1153 2437 1268 2523 potine,
1288 2457 1378 2522 quoru
1399 2435 1431 2499 in
1446 2455 1481 2500 ro

165 2549 294 2611 Purueir
313 2541 359 2624 (in
387 2539 505 2604 duobos
525 2537 681 2604 codicibus
698 2545 796 2604 Prun·
849 2542 926 2628 ipre,
944 2556 1126 2608 terreretur.
1168 2545 1245 2606 Nem
1264 2539 1428 2609 Ocilieneer
1448 2553 1481 2604 et

165 2657 212 2715 vir
239 2649 364 2737 legitur)
398 2661 496 2714 vocat.
551 2651 656 2732 ireque
683 2665 796 2710 nornen
849 2649 1003 2714 Eethonee
1020 2649 1102 2716 idem
1120 2669 1244 2726 numen,
1261 2646 1380 2712 fulmen
1402 2647 1480 2712 coeli

163 2756 257 2841 huju!
281 2756 413 2821 numinis
430 2754 526 2842 (quod
553 2753 665 2818 addere
684 2753 797 2818 litent·
849 2777 969 2843 regent,
995 2759 1188 2846 sidarnpitem
1208 2753 1423 2842 (l'lrnrnpydda
1453 2771 1481 2818 οε

160 2864 234 2930 zine
248 2863 365 2939 oenieit}
384 2865 456 2928 ertio
471 2874 591 2928 certum
605 2859 737 2942 ridetur,
750 2873 797 2926 ct·
849 2864 988 2930 'riorum
1019 2859 1172 2948 cunctum)
1202 2860 1398 2951 appellebant
1436 2861 1480 2940 (r.

161 2973 194 3037 ei
213 2971 253 3038 de
270 2967 490 3056 eigriilicetione
508 2980 540 3033 et
559 2967 643 3034 culto
668 2966 735 3052 ejus
751 2967 798 3032 ni·
852 2967 986 3035 Gruberi
1002 2968 1089 3054 Orig.
1108 2969 1219 3033 Linon.
1237 2991 1269 3056 p.
1294 2963 1364 3047 1-19,
1388 2969 1481 3032 illone

161 3078 211 3144 hit
233 3077 353 3143 aliunde
374 3087 502 3144 constet.
851 3098 922 3162 peg.
942 3067 984 3142 74
1003 3075 1065 3162 eq.)
1088 3087 1120 3140 ct
1135 3075 1196 3140 hoc
1218 3073 1298 3138 iteud
1319 3073 1410 3139 dubie
1425 3095 1481 3140 no·

213 3188 395 3249 ²Porenutii
413 3181 563 3272 templum]
590 3180 650 3250 Vix
671 3181 796 3248 dubium
851 3202 923 3246 men
940 3193 998 3260 cet,
1019 3181 1102 3268 qnod
1127 3179 1263 3248 lrleodue
1279 3171 1408 3246 reddere
1425 3179 1481 3245 ro-

158 3303 224 3372 ret,
243 3292 316 3376 quin
332 3308 443 3353 nomen
462 3287 552 3370 hujus
567 3285 616 3354 dei
632 3289 797 3370 incodicr‚
852 3288 918 3352 luit.
967 3286 1093 3356 vendor
1114 3301 1197 3352 metu
1215 3287 1372 3375 perculsos
1403 3287 1480 3352 illud

156 3418 256 3484 quem
275 3395 355 3481 typis
374 3393 507 3460 reddidit
525 3393 621 3462 editio
642 3397 797 3482 princeps,
852 3416 964 3461 numen
995 3397 1190 3482 peregrinum
1216 3395 1376 3482 edopteere
1407 3415 1480 3460 con-

155 3503 208 3566 ite
237 3501 387 3587 scripturn
407 3501 518 3582 suerit,
546 3503 616 3589 quie
635 3503 797 3566 lirentziue
850 3515 930 3582 etet3
954 3503 1077 3566 nomine
1104 3503 1282 3568 Perltunttzt
1308 3513 1340 3566 et
1364 3503 1480 3568 'Phere-

152 3611 202 3688 (l.
222 3609 272 3690 c),
285 3609 346 3673 ltoc
364 3627 480 3696 nomeu
495 3613 619 3674 Poterit
636 3622 743 3687 vocet,
764 3621 797 3674 ct
851 3607 953 3695 pyhlte
975 3609 1012 3672 iie
1038 3609 1069 3673 in
1098 3631 1152 3674 neu
1173 3621 1260 3676 nent
1279 3610 1385 3690 (Mune
1400 3613 1478 3694 'peg0

153 3720 465 3794 Pannonicorum,
484 3715 569 3800 qnod
588 3713 668 3800 epud
688 3716 796 3780 Gheie·
852 3711 913 3777 191
946 3735 991 3798 eq.
1017 3705 1092 3793 101,
1122 3713 1208 3797 113).
1263 3719 1369 3800 troque
1397 3713 1478 3778 idern

154 3841 286 3886 mum
308 3821 343 3902 (Ι.
355 3819 400 3901 c.)
423 3821 546 3907 legitur,
567 3821 683 3887 librarii
701 3821 794 3886 modo
850 3839 981 3899 numen,
997 3834 1033 3885 ut
1052 3817 1190 3900 ridetur,
1211 3821 1271 3885 elio
1285 3819 1409 3883 nomine
1424 3821 1479 3884 s·-

151 3947 273 3994 errore
290 3929 334 3992 ite
355 3939 503 3990 mutetom
524 3927 655 3992 ridetur.
697 3931 732 3992 in
748 3927 795 3990 lti-
849 3947 889 3990 xo
913 3938 1035 4007 noster,
1063 3925 1124 3990 elio
1144 3939 1252 3992 enotor
1273 3923 1408 3989 lelandus
1427 3947 1497 4010 ep-.

148 4035 260 4098 αισι-ὴ
279 4055 352 4099 vero
365 4035 604 4120 linytlingorum
618 4033 711 4098 tertio
728 4031 795 4097 ido·
848 4035 1014 4121 pellerent.
1064 4035 1186 4098 Preter
1211 4031 1336 4096 nomine
1352 4030 1404 4096 hic
1422 4046 1478 4110 po·

149 4143 193 4205 lo
214 4141 368 4205 iterentire
391 4141 548 4206 deetrnoto
568 4159 681 4204 nornen
702 4143 796 4204 Turu-
849 4142 906 4206 rite
939 4149 1047 4205 enctot
1085 4139 1155 4204 hiet.
1189 4137 1292 4224 llnytl.
1321 4155 1389 4223 nep.
1417 4132 1478 4200 111

143 4245 218 4336 peti
246 4247 403 4312 tribuitur.
457 4247 492 4312 Si
520 4243 603 4311 icrte
632 4245 741 4311 liceret
761 4245 794 4309 in
849 4244 913 4310 duo
941 4247 999 4310 elie
1031 4257 1269 4324 commemoret,
1299 4242 1338 4306 de
1370 4241 1479 4330 quidne

145 4355 224 4418 hoc
242 4359 403 4418 Porenou'o
416 4352 545 4419 saxonie
562 4351 794 4438 nnmendepre·
849 4349 925 4417 nihil
953 4350 1077 4418 eilande
1109 4364 1229 4417 constet
1281 4355 1423 4414 Piramar
1446 4361 1479 4414 et

142 4458 298 4525 hendcre
330 4459 574 4545 potentissimum
614 4461 794 4540 linteorum,
850 4463 1056 4543 vernaglofi,
1083 4479 1175 4545 quent
1207 4457 1290 4524 bello
1318 4453 1478 4543 proiltlete

141 4566 405 4647 Limnaeum,
441 4567 651 4646 Polonorum‚
681 4570 795 4631 Borne-
849 4565 924 4627 vult.
970 4567 1039 4629 Jent
1060 4565 1093 4628 in
1119 4564 1179 4628 heo
1195 4563 1261 4652 ipre
1285 4559 1478 4649 expeditione

137 4695 268 4740 eorem
292 4675 482 4759 eliorumqoe
508 4670 715 4757 populorum,
745 4667 795 4734 cni
848 4669 930 4734 illiue
961 4671 1156 4735 eimulecrum
1188 4670 1220 4734 in
1257 4669 1337 4735 urbe
1360 4669 1476 4748 Aeond,

132 4785 274 4855 Perua,
290 4785 426 4852 Piorun,
445 4778 595 4842 Perituros
614 4780 664 4858 tel
685 4783 794 4843 Percu·
848 4777 939 4860 hujus
964 4777 1154 4842 vernicello
1176 4776 1299 4842 demunt
1322 4797 1402 4842 enno
1419 4795 1477 4862 po·

132 4903 229 4952 κιαι
256 4905 369 4952 nomen
394 4897 472 4967 eret,
500 4881 606 4965 (More
628 4887 648 4950 l.
677 4905 704 4951 c.
724 4905 792 4974 peg.
847 4893 912 4950 stne
932 4882 1118 4953 dnnndnn
1135 4903 1201 4950 eree
1218 4883 1325 4952 roien.
