3538 5460
632 253 639 270 '
668 265 953 362 muscosus
1347 285 1418 361 nr

147 493 287 570 hostilis
304 499 459 594 irruptio
475 493 645 570 tenderet.
695 500 777 570 Jum
791 501 887 569 enim
904 491 1121 594 Bogisdsve
1132 493 1183 568 ad
1200 494 1355 570 rusulum
1370 501 1472 572 Cor-

146 626 239 692 tom¹
260 623 386 718 Rugise
405 617 617 718 praetentam
634 643 713 695 esse
734 635 959 720 perventum
1009 621 1095 712 Qui,
1117 642 1331 717 quenquam
1353 617 1475 722 hosti·

149 749 199 824 lia
209 750 285 846 jem
303 765 398 843 pene
411 767 497 818 rura
514 743 684 842 pulsaret,
698 767 772 816 non
782 741 995 839 temperavit
1006 740 1089 832 sibi,
1103 765 1179 838 quo
1193 745 1312 816 minus
1326 743 1475 818 sobrie·-

147 889 255 946 tntum
275 868 385 942 effusa
401 865 558 964 crupulae
575 865 716 940 licentia
731 863 893 970 siplsret.
946 865 1057 936 Tanta
1081 861 1260 961 siquidem
1282 864 1475 964 epularum

149 993 373 1095 indulgentia
387 994 579 1064 exercitum
596 987 684 1062 aluit
700 1013 743 1064 uc
755 979 928 1086 cormpitss
957 1003 994 1062 ut
1010 991 1216 1060 convivium
1232 995 1345 1089 magis
1364 1015 1476 1089 quam

147 1118 287 1196 bellum
306 1113 493 1212 amplexus
511 1110 699 1186 rideretur.
752 1111 890 1204 Verum
910 1108 1071 1184 Absnlon
1092 1116 1299 1188 nonnosum
1330 1116 1477 1190 monitis

150 1243 367 1328 obsecutus,
391 1233 518 1309 iisdem
534 1253 680 1334 postera
694 1234 775 1310 luoe
786 1239 977 1334 regressis,
1001 1233 1327 1336 Bogiszlavurnque
1343 1262 1387 1310 ex
1404 1235 1478 1310 nel-

151 1389 258 1442 verso
284 1359 407 1436 Strelse
428 1359 555 1433 insulse
579 1361 702 1457 copius
720 1364 972 1456 expositorum
996 1357 1232 1449 docentibus,
1263 1383 1478 1459 quenquam

156 1483 412 1586 crepusculum
423 1480 631 1582 oppetebat,
646 1497 813 1580 correpto
827 1485 944 1580 signo,
956 1483 1120 1556 ocissime
1135 1480 1233 1556 littus
1247 1479 1385 1580 scnphs
1402 1508 1478 1584 pe·-

151 1613 236 1686 rivis
279 1607 594 1682 Gubernatorom²
615 1602 744 1678 deinde
757 1601 911 1704 collegio
926 1627 995 1702 per
1011 1629 1215 1703 preconem
1230 1621 1370 1698 roceto,
1386 1631 1481 1680 nun·

152 1740 277 1832 tioque
288 1755 404 1830 quom
421 1729 637 1802 brevissimo
656 1726 827 1800 mil'nlbcs
843 1725 952 1818 edito,
978 1732 1107 1828 ingenti
1124 1728 1376 1802 cohortationis
1391 1739 1479 1802 cura

152 1856 335 1930 alacritate
351 1854 543 1925 exercitum
558 1853 723 1950 replerit,
750 1852 910 1950 quietem
926 1874 1030 1924 susm
1051 1856 1154 1926 certis
1170 1853 1326 1925 victoriae
1342 1857 1478 1952 imagi-

152 1979 263 2052 nibus
290 1975 543 2050 adumbratam
572 1973 756 2070 praelstus.
821 1976 895 2045 Nec
919 1971 987 2045 aliu
1014 1973 1170 2073 militum
1188 1976 1378 2073 responsio
1400 1974 1480 2066 fuit,

154 2123 266 2201 quem
283 2121 446 2198 pugnem
465 2119 508 2170 se
522 2112 668 2194 optere3
695 2119 805 2194 quam
826 2101 854 2168 si
870 2097 1065 2194 accipiant,
1096 2123 1172 2170 non
1194 2095 1373 2188 dubitare,
1389 2102 1480 2197 quin

157 2227 313 2300 vincent.
363 2225 481 2315 Quem
495 2219 700 2294 animorum
718 2217 877 2292 colorem
893 2235 970 2294 torn
985 2245 1009 2292 u
1022 2217 1134 2320 longe
1146 2218 1314 2295 vincendi
1329 2245 1482 2296 consve-

203 2603 216 2642 ¹
259 2606 391 2666 luuram
425 2600 562 2680 Cortum]
603 2602 789 2688 iutelligitor
854 2623 966 2666 norum
992 2601 1025 2664 in
1052 2612 1166 2664 terrem
1190 2599 1369 2666 Vettiorum
1392 2611 1483 2685 perte
1519 2643 1521 2648 ·

156 2713 267 2796 procul
297 2707 390 2772 dubio
411 2701 507 2772 insula
535 2713 629 2787 Keos,
660 2731 729 2796 qoae
757 2709 789 2774 ic
856 2709 978 2795 priore,
1014 2707 1053 2770 de
1094 2706 1269 2772 Veudorurn
1300 2709 1420 2792 popolo
1451 2719 1484 2772 et

157 2815 292 2902 sntiqttis
319 2813 393 2900 tipt.
416 2827 543 2880 vocetur
564 2817 655 2892 Cost,
682 2818 790 2882 &urs
850 2829 939 2896 terra
967 2814 1006 2878 ab
1033 2833 1071 2876 eo
1097 2813 1232 2877 habitote
1258 2827 1384 2901 egents,
1413 2835 1484 2900 qun

159 2945 188 2986 v.
216 2925 342 2986 Closter
370 2923 505 3004 (Dreger
530 2943 601 3006 pag.
627 2919 687 3000 70,
716 2919 789 3002 977,
858 2923 970 3006 legitor
996 2923 1028 2983 in
1054 2921 1164 2982 Annsl.
1187 2919 1210 2982 f.
1239 2920 1325 2983 nord.
1348 2920 1486 3004 Oldlsyn·

157 3027 246 3110 311).
288 3031 352 3092 stu
372 3037 417 3090 est
438 3049 532 3113 perse
552 3027 619 3089 lnec
640 3029 736 3090 insola
757 3026 790 3088 in
857 3027 940 3112 eligit.
966 3021 1153 3103 1836·1837‚
1172 3046 1241 3110 pag.
1263 3021 1407 3104 ill-9⁴13,
1428 3047 1485 3090 nec

161 3136 248 3213 mari,
269 3133 351 3220 quod
371 3135 553 3220 appelletur·
566 3133 787 3196 Greilswsltler
828 3121 835 3128 ’
858 3157 920 3199 non
932 3137 964 3198 in
978 3135 1081 3197 tabule
1096 3131 1312 3216 geographico,
1328 3153 1397 3218 qotn
1407 3133 1487 3198 hano

161 3241 304 3319 Bodtlen,
325 3243 435 3325 nugis
458 3239 639 3306 occidentali
661 3261 677 3301 a
700 3239 791 3302 meri-
859 3239 1486 3318 dissertationemillustret).Caeterttmlrsc

163 3351 233 3426 die,
265 3349 344 3412 sinui
370 3366 445 3410 vero
473 3347 594 3410 Danioo
623 3343 791 3429 (Diniselrs
859 3349 1018 3413 occasione
1040 3369 1103 3411 nort
1126 3347 1266 3408 omittens
1292 3346 1423 3410 lectores
1445 3343 1487 3408 erl

161 3454 260 3522 Wielt
279 3473 306 3552 {-
327 3453 446 3534 Wylter
466 3452 611 3530 Bodrleu)
635 3464 792 3534 erepton·
859 3456 1046 3518 nominstsm
1069 3453 1223 3538 egregiam
1246 3452 1487 3537 disquisitionem

162 3561 282 3639 trione,
312 3571 442 3644 sugusto
468 3557 550 3630 freto
571 3580 587 3619 a
606 3557 712 3618 littore
730 3569 795 3618 ter·
859 3561 950 3643 hujus
975 3559 1142 3624 doctissimi
1165 3560 1221 3622 riri
1243 3557 1281 3620 rle
1300 3559 1362 3620 situ
1378 3579 1488 3622 eorum

161 3666 274 3744 titoni,
294 3665 378 3750 quod
397 3664 435 3727 eb
458 3663 574 3749 oppido
588 3663 725 3724 Grimme
739 3683 794 3724 no·
860 3668 1013 3742 locorum,
1036 3683 1105 3749 quse
1126 3665 1156 3727 in
1177 3659 1302 3728 historie
1323 3665 1489 3748 expeditio-t

162 3773 493 3857 mengerit‚ssparste.
513 3771 571 3850 (lte
588 3769 716 3831 insulem
732 3769 795 3832 ool·
860 3793 934 3834 nunt
956 3771 1152 3838 Weldetnori
1179 3783 1209 3832 et
1234 3767 1289 3832 titii
1319 3770 1489 3854 praesertitn

165 3879 299 3940 locatam
314 3877 395 3938 rides
410 3874 664 3958 qungellssrrltii
683 3894 794 3958 meppe
861 3879 893 3940 iu
914 3897 1039 3941 censoru
1061 3877 1199 3954 veniunt,
1217 3875 1254 3938 atl
1272 3895 1374 3960 qurum
1396 3895 1490 3960 quom

163 3982 382 4062 Pomersuiee.)
452 3981 562 4073 Quod,
604 3981 795 4066 sequentium
861 4006 960 4069 nuper
987 3985 1182 4070 promulgate
1214 3981 1273 4058 sit,
1307 4005 1370 4045 non
1401 3993 1490 4046 entes

165 4111 272 4167 murs,
301 4089 379 4153 bene
398 4087 638 4165 observandum
667 4111 736 4150 nem
763 4087 796 4150 in
863 4109 1034 4176 provocare
1061 4091 1163 4165 licuit,
1198 4087 1357 4172 abiegno,
1386 4090 1412 4153 si
1438 4088 1491 4176 qui

164 4198 270 4261 multis
300 4195 412 4257 tabulis
446 4194 675 4280 geographicis,
692 4213 797 4258 receu-
863 4198 1034 4281 pleniorem
1068 4197 1275 4284 coguitionem
1314 4194 1406 4279 hujus
1444 4196 1490 4261 rei

164 4305 255 4368 tioris
272 4301 366 4366 etiem
386 4303 536 4386 temporis
556 4301 623 4364 haue
643 4300 740 4363 insule
762 4301 796 4362 iu
863 4303 999 4388 cupient.

165 4411 236 4472 loeo
264 4408 381 4486 slieuo,
416 4425 515 4491 prope
539 4407 578 4470 sb
600 4407 681 4469 ostio
703 4407 797 4469 Panis

168 4514 271 4594 ssusii,
302 4516 454 4578 collocata
481 4527 536 4576 est.
590 4512 674 4606 Quas
700 4511 799 4576 secuti
867 4535 871 4542 ·
905 4515 1493 4598 enotmuum10umvuemeu,

164 4635 238 4686 sunt
261 4621 392 4686 Rornbst
417 4619 728 4700 (tumescunt,
756 4617 799 4682 50
864 4619 998 4700 eosdem,
1021 4623 1076 4706 qui
1097 4622 1304 4707 gubernsoulo
1326 4635 1493 4708 preessent

168 4739 236 4792 not.
255 4725 312 4808 tt)
333 4739 364 4791 et
383 4731 531 4791 Peterson
549 4737 653 4789 noster
671 4723 719 4806 <in
740 4724 799 4790 dis·
864 4719 1093 4813 (filicissimis),
1112 4727 1235 4812 norim
1254 4751 1378 4820 quoque
1399 4729 1493 4796 duces

168 4835 343 4900 sntotiouis
356 4856 419 4900 soe
434 4834 473 4898 dc
483 4825 727 4921 expeditionibus
736 4836 799 4898 Ds-
863 4831 965 4898 fuisse.
