3524 5460
462 320 516 411 ρ,
658 315 822 392 umens
837 317 893 389 ur.
1306 321 1376 406 sm

241 530 375 644 gitur,
398 527 537 602 omissis
558 527 660 600 amici
681 513 975 626 rebus‘proprtu
990 549 1113 602 curam
1127 531 1254 628 injecit,
1279 550 1429 608 conna-

122 667 249 750 eaque
267 649 458 724 adversum
481 651 635 748 Regium
658 647 794 740 classe,
838 673 914 746 quo
937 654 1088 746 gnavius
1110 649 1207 726 bella
1229 653 1429 752 conficeret,

122 773 304 846 maritimas
326 775 515 846 Danorum
535 769 748 870 expeditioni
763 774 900 870 primus
916 795 1032 868 equos
1055 770 1202 871 adjecit,
1234 793 1429 876 quaternos

120 893 268 992 singulis
291 898 441 996 navigiis
464 891 656 987 mandans3
691 917 848 992 eumque
872 917 1010 966 morem
1038 891 1185 995 diligens
1216 904 1429 996 posteritatis

121 1041 207 1090 cura
225 1020 390 1092 servavit.
454 1016 583 1090 Classis
604 1040 648 1088 eo
663 1039 815 1123 pumero
840 1013 979 1114 digesta
1002 1014 1098 1088 mille
1115 1035 1151 1092 et
1166 1037 1306 1094 centum
1320 1029 1428 1098 navi-

120 1141 182 1240 giis
198 1138 371 1239 frequens
385 1155 527 1238 reperta
541 1153 603 1212 est
654 1137 795 1230 Quibus
810 1139 902 1210 Dani
918 1136 967 1209 ad
983 1140 1135 1238 Rugiarn
1154 1143 1331 1241 appulsi¹,
1357 1175 1427 1222 ur-

120 1261 204 1336 bem
223 1261 371 1336 Archon
393 1259 586 1338 adversum
610 1283 650 1333 ss
670 1258 792 1334 valido
816 1261 982 1362 praesidio
1016 1263 1193 1338 firmatam
1220 1239 1427 1344 ‘inveniunt

121 1387 235 1478 Quam
266 1407 312 1458 ne
334 1382 565 1458 finitimorum
583 1380 721 1456 auxiliis
739 1385 858 1482 juvari
878 1389 1050 1479 sinerent,
1076 1402 1245 1478 tractum,
1271 1389 1334 1486 qui
1353 1395 1428 1464 Ar-

121 1505 352 1582 chonensium
372 1505 462 1580 fines
484 1503 751 1603 propemodum
781 1507 898 1608 Rugia
921 1507 1101 1584 abscissos
1125 1535 1208 1582 cum
1237 1513 1428 1587 continenti
1541 1595 1547 1600 ,

120 1630 315 1722 committit,
338 1627 521 1728 ligonibus
542 1633 722 1702 concisum
744 1628 781 1700 in
796 1627 931 1704 vallum
948 1653 1071 1728 opacae
1087 1629 1287 1706 admodum
1302 1632 1427 1708 altitu-

119 1750 452 1892 &wegerqnt
505 1752 623 1825 Tuitio
642 1754 724 1851 ejus
741 1748 1042 1826 Hallandensibus
1064 1751 1205 1844 credita,
1229 1753 1428 1854 iisdemque

8 1873 17 1976 Ι
117 1881 226 1950 Petro
245 1898 373 1975 parere
386 1875 538 1972 jussum.
591 1877 690 1966 Quos
709 1877 1043 1976 Rugiani,quacsito
1066 1875 1247 1976 pervade
1268 1880 1427 1970 transitu,

103 2013 225 2117 ηοω
252 1998 452 2097 inopimtos
473 1994 600 2088 adorti,
628 1997 876 2096 compluribus
891 2003 1004 2090 caesis
1029 2023 1050 2072 a
1085 2015 1213 2074 caetero
1237 1999 1426 2098 repellun-

113 2136 175 2198 tur
190 2126 354 2196 exercitu.
423 2119 532 2218 Igitur
552 2115 807 2214 Archedemus,
821 2147 903 2196 cum
924 2147 990 2195 nec
1005 2122 1096 2196 vires
1112 2122 1320 2196 conserendi
1340 2122 1425 2198 belli

119 2244 294 2320 baberent
323 2265 442 2341 neque
465 2241 588 2316 locum
610 2240 658 2316 ad
682 2241 925 2318 contrahenda
947 2243 1077 2318 auxilia
1091 2260 1280 2342 suppetere
1295 2271 1425 2320 cerne-

118 2385 207 2463 rent,
232 2368 437 2442 necessitate
452 2368 548 2456 victi,
572 2362 722 2438 salutem
738 2353 823 2439 etin
842 2365 1039 2442 Christiana
1060 2389 1161 2438 sacra
1184 2370 1425 2444 transitionem

118 2493 231 2590 pacti,
268 2505 402 2579 statua,
442 2511 554 2584 quarn
577 2487 863 2578 venerabantur,
896 2503 1029 2562 retenta
1036 2541 1047 2579 ,
1079 2490 1190 2562 Danis
1211 2515 1250 2564 sc
1271 2489 1424 2566 tradunt

118 2618 203 2692 Erat
224 2619 320 2688 enim
339 2607 572 2688 simulacrum
601 2607 682 2683 urbi
717 2615 901 2710 praecipua
932 2611 1064 2685 civium
1093 2608 1262 2710 religione
1290 2613 1425 2690 cultum

118 2693 327 2836 crebrisque
338 2735 568 2840 finitimorum
584 2730 706 2804 officiis
721 2731 952 2823 celebratum,
976 2732 1042 2807 sed
1056 2731 1148 2808 salso
1163 2740 1250 2808 sacri
1270 2737 1336 2810 Viti
1352 2763 1423 2810 vo-

117 2857 298 2934 cabulo²
286 2859 500 2958 insignitum.
561 2857 642 2949 Quo
664 2871 855 2949 asservato,
869 2853 1042 2955 oppidani
1066 2871 1220 2930 veterem
1240 2883 1423 2936 sacrorum

117 3005 255 3056 morem
263 2981 403 3080 penitus
418 2979 587 3079 abrogari
607 2981 702 3074 passi
720 3001 794 3050 non
815 2993 907 3052 sunt.
964 2981 1123 3052 Primum
1145 2981 1266 3078 itaque
1286 2981 1421 3058 solenni
1464 3033 1468 3040 -

118 3107 184 3180 ritu
199 3103 318 3202 prolui
336 3104 443 3202 jussi,
466 3117 630 3202 stagnum
646 3101 784 3198 maiore
809 3098 987 3200 pellendas
1013 3103 1088 3176 sitis
1115 3125 1226 3200 quam
1246 3103 1424 3179 initiandae
1529 3178 1531 3186 ,

118 3227 295 3327 religionis
314 3223 444 3298 ardore
465 3237 645 3322 petentes,
669 3222 741 3298 sub
763 3227 882 3322 speeie
903 3247 1088 3298 sacmrum
1112 3224 1206 3300 fessa
1234 3223 1424 3302 obsidione

118 3373 274 3450 corpora
289 3347 497 3423 reiecerunt.
549 3347 666 3419 Datur
679 3344 969 3422 Archonensibus
984 3346 1118 3444 pariter
1141 3371 1261 3422 rerum
1279 3347 1423 3425 diviua·

165 3619 269 3678 ¹Daai
289 3616 334 3680 ad
351 3619 481 3701 Rugmm
507 3607 638 3700 appulsa]
661 3609 744 3676 Feli·
800 3609 982 3696 script-rer.
997 3613 1148 3676 Dan-vol.
1174 3617 1240 3696 lp.
1259 3609 1421 3696 52fi·⁵27).

113 3739 196 3801 oen,
207 3720 260 3786 aad
274 3741 384 3806 parurn
400 3721 516 3798 utilem,
532 3718 616 3782 Erici
634 3717 666 3780 in
678 3719 743 3780 liu·
801 3719 953 3800 Tempore
975 3729 1076 3780 sutem
1098 3737 1160 3782 non
1182 3719 1277 3804 longo
1297 3720 1423 3808 interje-

112 3828 225 3912 gianus
245 3825 469 3914 expeditionem
489 3824 616 3889 bistoris
646 3824 744 3906 Ilnyt-
798 3821 1006 3906 oto‚Rugiani
1029 3843 1109 3888 nora
1132 3843 1216 3888 sacra
1241 3841 1424 3911 spreverunt

109 3933 581 4020 linssommbroriterenmatp.
594 3918 741 3993 alsam
799 3939 831 3990 et
844 3925 883 3990 sd
909 3927 1025 3992 cultum
1039 3926 1195 3992 redierunt
1212 3930 1337 4007 avitum.
1355 3937 1423 3998 Jam

779 4031 873 4098 'vero
887 4029 969 4098 forte
988 4033 1115 4115 accidit,
1135 4047 1170 4098 at
1185 4037 1331 4102 maximus
1354 4037 1423 4104 dea·
1531 4113 1536 4132 Ι

163 4149 279 4210 'Falso
297 4149 379 4210 sacri
393 4148 463 4211 Viti
487 4137 638 4222 vocabulo]
664 4143 742 4204 Nar·
796 4151 940 4220 suorum,
961 4139 1258 4227 qnosRugianorum
1280 4157 1422 4210 venerata

104 4251 360 4318 santannalistae
373 4249 554 4328 Germanici,
577 4249 741 4331 imperato·
798 4259 845 4310 est
857 4246 1042 4332 superstitio,
1063 4247 1221 4311 Srsnterit
1234 4247 1423 4332 (Sinraowit)

101 4379 185 4424 rem
202 4370 254 4422 aut
273 4357 454 4422 liothasium
477 4367 529 4420 ant
543 4350 743 4429 Ludoricum‚
799 4353 897 4437 gentis
912 4352 1016 4438 lingva
1032 4351 1191 4416 decretur.
1239 4354 1320 4418 Hinc
1340 4356 1421 4422 inter

57 4449 63 4462 ’
103 4461 312 4549 expeditione
323 4463 363 4526 in
379 4464 487 4530 slavos
500 4459 633 4526 feliciter
648 4470 742 4543 gesta,
800 4457 987 4522 Christianos
999 4459 1144 4544 tingitania
1158 4459 1272 4524 ricinos
1293 4461 1421 4527 invaluit

99 4569 648 4656 terramflugianorumSanotoVito
666 4587 745 4628 mar·
802 4563 917 4648 opinio,
937 4565 1091 4652 Rugianos
1113 4584 1223 4632 nomen
1241 4567 1352 4632 deastri
1373 4571 1420 4634 mi

100 4673 192 4758 tyri,
204 4689 334 4759 patrono
348 4675 489 4740 coenobii
502 4672 698 4758 Corbeyensis
713 4671 745 4734 in
801 4689 837 4732 ex
853 4670 973 4734 nomine
988 4671 1085 4736 sancti
1101 4672 1240 4754 martyris
1264 4687 1418 4740 mutuatos

95 4781 260 4864 Saxonis,
283 4781 429 4850 obtulisse
439 4778 515 4874 ¹(rid.
535 4793 600 4846 not.
611 4776 745 4864 Langeb.
805 4794 878 4840 esse.

1132 4881 1229 4982 (ι’)
