3538 5460
227 1730 455 1850 saxonis
488 1731 838 1852 omnmaeu
870 1735 1119 1852 untortae
1149 1736 1376 1850 nmtoae

457 1957 624 2048 Libet·
658 1955 853 2052 Sextus
885 1917 1145 2054 Decimus.

142 2323 343 2490 Peractis
374 2413 505 2489 inferiis
549 2437 778 2514 corporeque
817 2415 918 2512 regio
959 2411 1231 2488 honoratissime
1274 2413 1458 2507 fanerato,

141 2543 315 2630 Cunutus,
338 2536 563 2612 monentibus
587 2537 740 2632 arbitris,
762 2537 992 2628 festinatione,
1020 2563 1268 2638 quu‘regnnm
1290 2539 1365 2636 peti
1387 2537 1458 2612 lir-

142 2666 308 2764 marique
328 2666 504 2760 oportuit‚
529 2666 565 2733 in
587 2662 719 2734 Jutiam
740 2659 898 2752 secessit,
924 2677 1091 2760 paternos
1114 2660 1184 2735 sibi
1207 2657 1337 2734 milites
1356 2659 1458 2732 obli-

141 2785 326 2887 gaturus¹.
384 2789 508 2884 Neque
528 2789 622 2858 enim
644 2783 693 2857 illi
720 2808 852 2857 nomen
875 2786 1012 2884 regium
1037 2782 1270 2891 ambiendum
1292 2781 1457 2874 restabat,

141 2907 246 3008 quod
260 2907 434 2981 unctionis
450 2928 525 2978 sure
539 2922 702 3005 tempore
725 2906 915 2981 solenniter
937 2907 1091 3007 adeptus
1105 2905 1255 2979 suerut².
1306 2907 1346 2978 ln
1361 2929 1456 2978 con-

141 3035 247 3118 cione
265 3027 491 3130 Wibergensi
516 3029 716 3104 benevolos
738 3030 869 3104 civium
892 3035 1031 3104 animos
1053 3047 1238 3130 expertus,
1263 3027 1363 3128 apud
1380 3031 1457 3100 Ur-

141 3155 310 3227 nensem³
332 3155 436 3226 tacita
452 3149 683 3254 quorundum
702 3151 876 3227 simultate
899 3175 1124 3252 compressu,
1150 3156 1226 3250 peri
1247 3169 1457 3228 caeterorum

141 3275 268 3349 surore
297 3281 479 3376 excipitur.
537 3279 658 3375 Atque
688 3275 735 3348 itu
759 3280 882 3375 putriae
906 3299 1083 3350 consensu
1107 3275 1209 3376 regni
1235 3274 1351 3350 haer'es
1373 3273 1458 3346 effi-

139 3402 242 3473 citur.
291 3402 427 3472 lnterea
444 3399 642 3473 Suanorum
666 3397 845 3498 populus,
877 3397 993 3473 laxata
1012 3399 1080 3473 sihi
1102 3403 1260 3499 pristinae
1286 3395 1457 3498 petulan-

140 3525 197 3600 tiae
212 3523 314 3600 frena
335 3525 431 3625 regis
446 3537 561 3596 morte
581 3528 739 3622 gavisus,
770 3519 884 3596 cludis
907 3523 1008 3620 apud
1023 3527 1172 3624 Dysiam
1197 3537 1344 3625 pontem
1364 3543 1457 3618 per-

188 3875 198 3910 ¹
219 3873 364 3940 Putemus
381 3912 390 3932 ·
408 3911 417 3932 ι
434 3911 443 3931 ·
461 3863 660 3952 obligaturus]
677 3867 767 3930 tut-
832 3887 891 3956 pro
910 3871 1099 3948 Vemeusem,
1125 3867 1210 3957 qnotl
1229 3866 1322 3931 hebet
1343 3863 1390 3928 etl.
1407 3885 1457 3950 pr.

138 3995 211 4042 nen
223 4035 226 4044 ,
239 3975 350 4040 milites
369 3972 564 4044 thdemtti
585 3974 652 4058 itm·
676 3985 765 4038 tutte
831 3981 934 4062 Atque
948 3976 991 4040 its
1005 3987 1088 4040 certe
1102 3973 1296 4038 scribendum
1310 3984 1373 4052 θοις
1387 3992 1456 4034 πει

137 4081 203 4146 utto
223 4080 290 4166 ejnt
302 4079 509 4165 jurejurando
530 4080 672 4146 obstricti
698 4079 765 4146 iue-
831 4083 1074 4148 etGheismerus
1093 4073 1400 4164 (sumtuose)
1423 4087 1455 4142 tt

137 4200 209 4253 runt
216 4209 227 4269 3
249 4206 276 4254 t.
297 4209 389 4273 supra
410 4207 480 4272 [ης.
499 4183 564 4251 805
584 4209 630 4272 sq.
829 4189 992 4266 Iirsntnins
1019 4190 1110 4267 (Dm.
1136 4187 1155 4248 l.
1177 4187 1250 4264 vlt,
1274 4205 1301 4250 c.
1322 4183 1356 4264 1)
1377 4183 1456 4248 huno

183 4299 197 4334 ²
219 4297 321 4379 Neque
337 4299 413 4358 enim
431 4337 439 4355 .
454 4337 484 4356 .·
503 4295 628 4380 adeptus
638 4289 761 4379 fuerat]
829 4294 991 4360 lectionem
1017 4292 1132 4358 insuit
1159 4291 1315 4356 codicibus
1343 4289 1457 4355 habue-

135 4405 187 4466 De
198 4401 309 4466 Consti
325 4399 394 4484 jure
408 4399 440 4462 in
457 4419 585 4486 regnum
602 4410 766 4485 paternum
832 4412 914 4464 runt.
967 4403 1000 4464 tn
1029 4399 1101 4464 foro
1121 4380 1263 4464 Urneusi'
1274 4397 1457 4482 (Uenetiing

134 4507 283 4572 continno
310 4505 510 4585 succedendi,
548 4526 606 4571 nen
633 4527 697 4569 nnn
726 4503 765 4570 de
829 4504 1187 4589 summumne
1209 4500 1456 4588 paroehieJortl·

134 4612 314 4678 ncctssittte
347 4611 440 4695 hujus
469 4612 589 4678 itineris
622 4633 652 4678 r.
682 4611 766 4678 inter
829 4611 897 4676 lirlt
918 4629 1016 4696 prope
1034 4610 1075 4674 ob
1098 4608 1219 4694 oppido
1230 4607 1394 4694 Apenrsdn
1414 4608 1456 4672 si·

134 4729 204 4787 net.
224 4717 359 4786 uberior.
827 4727 878 4797 to,
906 4716 1017 4782 incoloe
1043 4717 1135 4781 tute
1155 4713 1360 4780 meridionslis
1385 4715 1454 4778 utt-

182 4827 197 4866 ³
229 4827 399 4909 Urmmem]
436 4827 481 4892 lte
508 4825 630 4914 scripsit
652 4823 762 4914 steph.
827 4822 1290 4910 butooutuonibmcnngregtri
1303 4817 1455 4888 solebunt.
