3508 5460
604 301 932 378 wetouttttttts
950 303 976 374 1.
1320 301 1391 380 781

7 581 8 600 ,
135 516 205 588 vitii
218 512 400 612 pudorem
414 515 574 586 minuere
590 509 782 586 ridebatur
797 509 986 584 Gallorum
1002 507 1126 582 ditioni
1142 511 1177 584 iu
1192 513 1368 588 consimili
1384 513 1446 590 sa-

132 636 291 714 muhtus
310 659 442 736 genere
455 637 641 710 Britanniae
657 636 752 734 regis
771 631 935 706 inclinata
955 632 1133 730 majestas.

263 763 349 834 Post
363 757 443 834 haec
467 761 716 848 Octavianus¹,
731 753 1049 844 vocaroconcttio²,
1067 778 1179 851 quam
1192 757 1297 857 justis
1312 759 1449 836 suffra·-

131 883 198 982 giia
213 882 253 956 in
271 879 502 979 adipiscendo
515 879 718 981 sacerdotio
734 903 822 956 usus
838 879 964 968 suerit,
990 875 1181 975 loquacius
1201 903 1312 976 quom
1329 886 1448 960 vetius

132 1021 295 1080 annuere
319 1005 535 1097 conabatnr3
560 1003 793 1078 Rndlandum
815 1027 901 1078 vero
927 1000 1124 1092 honorem,
1149 1025 1258 1098 quern
1284 1004 1448 1082 oblatum

130 1127 373 1228 repudiasset,
407 1129 557 1201 vetitum
581 1149 800 1224 occupasse,
834 1146 948 1223 seque
979 1149 1126 1198 causam
1160 1147 1263 1198 suam
1291 1129 1449 1237 generali

130 1248 342 1348 pontificum
371 1250 562 1348 cognitioni
596 1246 854 1348 inspiciendam
888 1245 1093 1346 praebente,
1127 1245 1229 1322 illum
1260 1249 1448 1347 impietatis

130 1375 350 1450 conscientia
370 1375 549 1446 canonicae
565 1369 783 1446 discretionis
799 1369 976 1472 judicium
993 1368 1223 1444 formidaret.
1274 1375 1449 1449 Praeterea

132 1494 179 1568 ad
192 1493 438 1568 conciliandos
453 1494 522 1568 sibi
539 1493 747 1594 pontificum
770 1495 909 1566 animos
928 1517 1054 1568 eorum
1066 1491 1271 1592 dignitatern
1285 1493 1450 1594 benignis

133 1618 364 1694 decretorum
384 1617 629 1692 sanctionibus
653 1615 858 1708 edomavit,
881 1614 982 1690 haud
996 1617 1097 1714 prius
1111 1619 1311 1690 Romanam
1324 1617 1371 1690 ad
1384 1641 1450 1692 se-

133 1741 218 1816 dem
236 1738 512 1839 provocandum
535 1744 770 1830 constituens,
796 1738 955 1839 quamsi
979 1737 1022 1812 lis
1042 1740 1203 1837 ipsorum
1226 1742 1450 1838 pronuncia-

135 1865 231 1940 tione
244 1863 336 1936 flnin'
353 1887 427 1935 non
441 1865 598 1961 posset⁴.
650 1862 809 1936 Finiente
822 1887 878 1956 eo,
894 1865 1024 1954 Caesar,
1038 1867 1307 1962 provinciarum
1321 1869 1448 1965 reges¹

179 2132 508 2216 ⁸oeraoeno18n0,
528 2133 583 2219 qui
598 2133 765 2218 juataaen·
821 2155 933 2198 annana
957 2129 1039 2198 1161
1057 2135 1158 2220 ipsum
1179 2134 1362 2218 concilium,
1397 2137 1452 2204 eod

135 2242 263 2308 tsntiarn
274 2240 437 2306 Abaaloms
456 2238 664 2304 Alexandrum
679 2241 766 2304 terti·
820 2241 926 2328 pannis
944 2238 1057 2320 verbis,
1078 2243 1337 2306 commemorarit.

135 2372 188 2414 nt!
206 2369 320 2436 popm
337 2345 508 2432 logitimttm
529 2365 594 2412 esse
615 2347 766 2411 existima·
868 2351 1054 2414 'Cwnieoe
1092 2349 1276 2414 decretionis
1304 2351 1452 2432 Jltdabt'rrm

136 2455 205 2536 bat,
237 2453 415 2540 antipapam
436 2452 594 2520 Victorem
622 2465 764 2538 quartum
813 2451 998 2543 formidare]
1019 2451 1108 2532 Tria,
1135 2475 1205 2538 quaa
1225 2457 1304 2519 saxo
1328 2475 1365 2518 ex
1384 2479 1453 2522 ora-

135 2581 256 2648 aeaapar
269 2559 400 2646 pristino
416 2559 540 2624 nominc
565 2557 766 2625 &termnum
824 2561 908 2624 tione
935 2559 1070 2625 Victoris
1097 2559 1217 2641 attulit,
1244 2575 1397 2625 momenta
1417 2585 1453 2626 re

136 2679 235 2732 vocat.
823 2687 895 2732 vera
915 2665 1073 2752 potissima
1098 2665 1244 2732 exhibent
1273 2681 1453 2753 argumenta

181 2775 322 2838 'Vocare
334 2769 527 2854 cautisime
541 2770 674 2836 concilio
688 2791 765 2835 non·
823 2794 883 2860 pro
903 2771 1052 2836 etscnone
1073 2773 1209 2842 Victoris
1234 2777 1353 2862 quarti,
1382 2799 1452 2862 quta

137 2881 221 2944 nulla
235 2879 366 2944 collecta
380 2878 451 2944 ride
465 2879 614 2942 inldansii
629 2879 764 2965 amplias.
824 2901 920 2966 quum
951 2879 984 2942 iu
1012 2881 1088 2943 actia
1123 2881 1246 2944 concilii
1283 2883 1453 2968 Papiemia,

137 2985 347 3051 Conciliornm
362 2985 546 3052 collectione
553 2991 641 3050 Toni.
653 2987 725 3048 xxt
733 3007 766 3069 p.
824 2999 891 3051 turn
908 2987 941 3050 in
960 2987 1099 3072 epistolis
1115 2990 1261 3053 Crnaareis
1279 2988 1338 3054 bac
1361 2989 1400 3054 de
1418 3011 1454 3056 re
1566 3058 1582 3086 ἱ

138 3089 353 3158 1161-11117.
382 3093 648 3158 illeveroonrnino
662 3092 765 3176 negle·
822 3093 1029 3158 eontinentur.
1070 3093 1209 3158 Primum
1221 3094 1350 3176 scilicet,
1369 3096 1455 3183 quod

138 3201 349 3264 :troarnum
363 3210 512 3278 nostrum,
533 3198 670 3286 quamvis
683 3195 765 3284 apud
822 3201 933 3270 Victor
950 3198 1109 3286 suffragiis
1134 3199 1242 3280 justia,
1261 3200 1293 3264 id
1314 3214 1379 3283 est,
1407 3205 1455 3270 rel

138 3325 207 3370 enm
222 3303 289 3368 iere
308 3305 407 3368 solum
429 3301 467 3368 ds
481 3306 556 3369 actis
576 3306 671 3393 ipsius
694 3325 768 3370 con·
822 3305 1050 3372 sufficientibus
1077 3307 1125 3368 vel
1140 3306 1278 3372 honestis
1303 3321 1336 3374 et
1354 3333 1371 3373 a
1391 3333 1456 3375 sna·

137 3410 354 3498 ciliiqnaedam
372 3411 540 3476 accuratius
565 3411 658 3475 allata
676 3429 765 3496 repe·
823 3415 891 3477 cula
917 3411 1152 3498 conspirationis
1186 3413 1310 3494 liberis,
1342 3417 1456 3482 electus

137 3521 209 3584 rica.
258 3517 428 3583 Annaliatae
448 3515 530 3580 enirn
558 3514 625 3580 lara
650 3536 767 3595 ornnes,
826 3517 933 3598 inerit3
962 3517 1072 3582 deinde
1095 3517 1197 3604 quod,
1231 3539 1302 3584 cuns
1328 3523 1457 3587 Rollan·

134 3631 233 3712 nugo
253 3624 432 3690 Picentinus
452 3623 487 3688 in
507 3621 634 3688 historia
656 3622 769 3690 Vineli-
827 3623 884 3687 dus
910 3624 1061 3687 bonorem
1089 3623 1147 3688 sibi
1171 3625 1310 3690 oblatum
1333 3629 1476 3714 repudi,

134 3731 242 3798 acensi
262 3729 317 3796 ttb.
335 3731 379 3801 lv
394 3729 552 3810 (Dacbeaii
564 3729 715 3816 spaetteg.
732 3733 769 3792 Τ.
827 3749 881 3794 are
902 3729 1076 3808 rideretur,
1111 3727 1296 3796 Octavianos
1322 3736 1457 3818 primum

132 3843 180 3905 111
201 3861 234 3924 p·
252 3833 340 3918 ⁵80),
360 3837 572 3908 Ottollorsua
591 3839 624 3900 in
641 3835 770 3900 historia
827 3832 923 3900 luerit
934 3837 1139 3916 immantatus,
1161 3849 1193 3900 et
1212 3839 1296 3902 aolus
1309 3859 1366 3926 per
1386 3844 1458 3927 pln-

129 3967 244 4012 rerorn
258 3939 646 4024 mutemiamfflnrarortt
658 3942 784 4027 sntpa·
827 3962 878 4008 roa
903 3941 968 4006 dies
998 3940 1127 4028 tangat:
1154 3955 1284 4030 papatus
1314 3950 1458 4032 gesserim

128 4075 200 4121 rer.
222 4051 290 4116 ltal.
311 4050 374 4115 voi·
403 4051 445 4119 Vl
471 4071 504 4136 p.
526 4047 631 4133 1113),
656 4048 772 4113 Radul·
828 4045 961 4135 tlenique
981 4049 1065 4134 quod
1085 4049 1255 4114 ttottandas
1273 4073 1393 4119 canum
1408 4075 1459 4117 an.

126 4161 220 4250 plana
240 4155 280 4221 de
301 4159 430 4235 Diceto,
452 4159 546 4242 lmag.
573 4156 654 4219 ttier.
674 4152 772 4240 (apud
829 4177 879 4218 am
893 4155 1052 4222 autoritati
1066 4155 1266 4221 conciliorum
1276 4155 1457 4224 submittere

126 4269 229 4341 Gale,
244 4264 395 4354 scriptor.
409 4265 500 4349 Angb
519 4263 582 4327 vol.
600 4265 616 4324 l
636 4283 667 4347 p,
682 4259 771 4342 533),
825 4263 970 4327 noluerit.
1502 4353 1507 4362 1

122 4365 325 4435 Helmoldns
340 4363 593 4452 (obsonslator.
610 4367 689 4432 lib-1
704 4387 771 4454 cap.
875 4371 1000 4456 ‘Quam
1020 4374 1050 4434 si
1070 4371 1109 4432 lis
1131 4372 1261 4456 penem
1279 4367 1458 4456 proseuctic-

123 4473 197 4559 ω)
215 4473 311 4538 nodo
328 4489 514 4542 contentum
534 4474 711 4562 principum
732 4473 771 4539 etl
830 4480 908 4538 εἰσιν
921 4478 1010 4560 finiri
1034 4499 1093 4538 nott
1115 4472 1229 4564 posset]
1257 4477 1353 4559 ἅμα
1377 4474 1459 4541 fero·

120 4580 272 4656 flurium
298 4585 429 4648 Quam
456 4581 675 4661 constitutum,
704 4591 772 4644 astu
829 4581 905 4648 bant
920 4583 1057 4668 episcopi
1068 4602 1105 4646 eo
1116 4580 1256 4666 inprimis
1267 4583 1393 4665 werlo,
1405 4605 1458 4647 au·

121 4709 216 4758 πω
234 4688 467 4776 rogislt'rancirc
481 4684 773 4768 diss'olntnm,attin·
829 4689 984 4754 toritatem
1016 4709 1101 4754 want
1132 4689 1389 4777 appellationibus
1418 4687 1457 4753 ad

116 4807 227 4885 gunt.
268 4797 361 4864 Salar
381 4817 549 4882 anonymos
567 4796 773 4863 stewartiiad
827 4794 930 4864 aeden
965 4801 1134 4864 Romanam
1156 4796 1304 4864 imminui.
1368 4791 1458 4861 ant·
