3536 5462
347 271 423 352 sta
641 236 643 244 ⁴
708 273 885 346 saroa
902 272 1009 347 osu.
1024 275 1167 348 trusa
1182 273 1275 350 xiv.

296 486 474 586 imposito.
522 487 649 584 Itaque
664 485 824 578 ministri,
848 483 993 584 direpto
1008 483 1179 560 vestibuli
1192 480 1306 576 cultu,
1330 481 1476 560 tandem
1490 511 1620 566 manus

297 613 345 686 ad
371 609 554 682 interiora¹
575 608 648 680 fani
667 607 844 682 velamina
860 613 1127 708 pomerei-unt·
1161 608 1304 705 Quibus
1320 613 1460 703 amotis,
1484 607 1620 688 fectum

294 758 436 834 quercu
449 709 691 822 simulacrum,
706 729 810 830 quod
822 727 1090 829 Rugiaevitbum
1106 732 1321 825 vombant2,
1338 731 1387 806 ab
1404 733 1502 806 omni
1519 751 1621 832 parte

296 878 430 954 magno
444 878 530 926 cum
556 851 788 930 deformitatis
802 852 964 930 ludibrio
984 852 1223 952 spectandum
1241 853 1400 954 patebat.
1448 856 1539 928 Nam
1557 853 1619 928 bi-

295 953 484 1065 rundines,
503 1001 588 1074 quae
608 974 682 1050 sub
700 979 773 1051 oris
790 979 868 1076 ejus
884 975 1106 1050 lineamentis
1121 975 1226 1052 nidos
1241 975 1374 1052 molire
1396 975 1550 1073 fuerant,
1583 984 1618 1052 in

221 1075 227 1088 ’
294 1096 460 1200 ejusdem
476 1115 603 1197 pectus
619 1099 766 1176 crebras
780 1116 979 1176 stercorum
996 1095 1125 1174 sordes
1140 1114 1406 1196 congesserant.
1457 1103 1619 1202 Dignum

295 1247 448 1314 numen,
491 1223 599 1321 cujus
630 1221 768 1324 effigies
794 1241 867 1298 tam
890 1222 1102 1297 deformiter
1129 1247 1151 1294 a
1176 1220 1388 1296 volucribus
1408 1221 1616 1300 foednretur.

292 1349 468 1420 Praeterea
484 1350 524 1440 in
536 1347 616 1444 ejus
632 1351 748 1445 eapite
761 1360 900 1446 septem
913 1343 1082 1418 humanae
1100 1341 1337 1420 similitudinis
1353 1346 1463 1420 facies
1481 1371 1617 1422 oorrse-

293 1467 393 1562 dere,
417 1493 503 1567 quae
525 1493 650 1543 omnes
675 1473 782 1545 unius
800 1469 937 1545 verticis
961 1466 1153 1566 superficie
1173 1457 1446 1544 claudebantur.
1508 1471 1617 1546 Toti-

292 1589 375 1664 dem
391 1615 541 1691 quoque
557 1616 663 1668 veros
677 1591 819 1693 gladios
836 1617 921 1668 cum
937 1593 1074 1692 vaginis
1091 1593 1155 1666 uni
1171 1591 1317 1692 cingulo
1336 1615 1519 1692 appensos
1534 1591 1616 1689 ejus

291 1713 393 1788 lateri
407 1713 530 1788 artifex
546 1713 805 1791 conciliaverat.
857 1719 1033 1790 Octavum
1050 1716 1086 1786 in
1102 1712 1225 1788 dextra
1239 1712 1446 1790 destrictum
1461 1713 1617 1790 tenebat.

292 1815 406 1910 ΗιιιιοΙ
419 1861 545 1938 pugno
566 1838 740 1912 insertum
760 1839 964 1916 firmissimo
979 1862 1075 1912 nexu
1094 1836 1233 1910 ferreus
1251 1834 1377 1912 clarus
1395 1840 1616 1928 astrinxerat,

292 1983 360 2034 nec
382 1961 505 2036 manui
526 1965 591 2034 nisi
616 1965 780 2061 praecisae
801 1961 906 2037 evelli
928 1977 1086 2063 poterat3
1113 1984 1197 2059 que
1220 1983 1279 2034 res
1300 1957 1615 2058 truncandaeejus

292 2087 439 2158 occasio
471 2085 590 2158 extitit.
659 2083 858 2184 Spissitudo
881 2085 932 2160 illi
954 2083 1430 2184 suprajbumanicorporis
1450 2079 1614 2158 habitum

292 2181 389 2300 eral3
425 2205 616 2306 longitudo
642 2231 729 2281 vero
752 2224 867 2303 muta,
908 2226 948 2284 ut
962 2206 1123 2282 Absalon
1155 2230 1267 2305 supra
1290 2211 1445 2304 primam
1475 2205 1613 2304 pedum

291 2345 433 2428 partem
462 2335 657 2405 consistens
682 2353 786 2430 aegre
800 2347 958 2406 mentum
979 2328 1190 2421 securicula,
1217 2352 1328 2429 quam
1344 2353 1454 2402 manu
1471 2345 1615 2429 gestare

291 2469 542 2544 consueverat,
565 2457 760 2554 aequaret³.
813 2455 892 2528 Hoc
908 2479 1053 2546 numen,
1083 2450 1235 2552 perinde
1259 2477 1303 2526 ac
1327 2453 1450 2527 Martis
1473 2451 1619 2546 viribus,

290 2574 504 2676 praeditum,
536 2573 640 2650 bellis
664 2601 823 2674 praeesse
840 2577 1075 2652 crediderant.
1134 2573 1230 2648 Nihil
1257 2579 1294 2648 in
1316 2571 1389 2650 hoc
1414 2573 1615 2650 simulacro

289 2697 488 2798 jucundum
507 2698 703 2774 visentibus
720 2697 798 2792 suit,
822 2700 1043 2776 lineamentis
1058 2694 1210 2796 impoliti
1223 2695 1416 2774 caelaminis
1431 2697 1616 2774 deformi-

291 2839 364 2898 tate
378 2821 620 2898 sordentibus.
673 2826 827 2923 Jamque
841 2825 981 2918 famuli,
1005 2828 1157 2898 maxima
1181 2847 1265 2896 cum
1282 2825 1387 2896 totius
1402 2820 1504 2896 urbis
1520 2845 1616 2896 exa-

291 2947 495 3035 nimatione,
526 2943 622 3020 tibiis
645 2948 728 3046 ejus
750 2971 893 3024 secures
917 2947 1104 3050 applicare
1126 2959 1326 3043 caeperunt
1378 2944 1521 3038 Quibus
1537 2943 1616 3018 ab·

291 3069 420 3163 scissis,
446 3070 636 3144 eomitante
652 3093 743 3144 sono
758 3067 1001 3170 lapsusterrae
1018 3087 1168 3146 nuncus
1184 3069 1401 3168 impingitur.
1450 3067 1615 3166 Hocssvi-

291 3215 354 3284 so,
379 3188 572 3291 oppidani,
605 3190 663 3266 dei
688 3197 743 3269 sui
759 3193 895 3272 viribus
919 3193 1147 3286 insultantes,
1186 3191 1396 3295 religionem
1427 3209 1618 3267 mutavere

291 3331 510 3416 contemptu.
563 3320 637 3389 Nec
650 3317 730 3415 ejus
746 3315 886 3392 excidio
902 3335 1075 3395 contentae
1093 3315 1285 3394 satellitum
1300 3341 1439 3410 manus,
1463 3314 1512 3390 ad
1532 3319 1617 3390 Po-

338 3677 523 3762 ¹Interiorc]
535 3678 703 3767 SicSteph.
718 3685 731 3746 1
749 3641 902 3771 infidiam.
976 3685 1095 3768 jecturs
1116 3685 1336 3769 adaequentur,
1362 3681 1415 3767 qui
1437 3702 1501 3746 non
1520 3680 1617 3766 iguo-

336 3789 671 3872 ²Qc0dllugrienrilum
681 3789 839 3870 meabant]
855 3793 922 3856 Eti-
976 3804 1064 3871 rant,
1089 3792 1293 3870 cnutonem,
1330 3809 1450 3872 magna
1481 3798 1616 3852 suturas

290 3915 341 3958 am
361 3891 521 3958 Gbeismer
542 3893 585 3958 ita
603 3915 716 3960 nomen
737 3897 814 3982 legit
828 3901 922 3977 (Lan-
975 3898 1148 3977 bominem,
1174 3917 1346 3963 mensuram
1370 3895 1464 3958 mium
1490 3891 1619 3960 cubito·

289 3999 359 4086 geb.
376 4003 443 4065 Ser.
465 4001 505 4062 ll.
522 4003 599 4064 Dan.
620 3997 920 4084 tt,380)‚1trmtzt-
976 4027 1045 4070 rurn
1065 4018 1098 4068 et
1116 4017 1249 4090 quatuor
1271 4005 1320 4067 rel
1341 4001 1477 4088 quinque
1495 3999 1618 4084 digito·

288 4127 325 4170 ua
349 4127 423 4171 vero
454 4107 537 4170 bunc
567 4106 658 4170 deum
689 4121 778 4173 vocat
808 4115 919 4196 liugai·
972 4119 1041 4177 runt
1070 4111 1281 4196 complevisse.
1338 4109 1381 4185 li,
1419 4107 1473 4192 qni
1505 4107 1618 4192 sepul-

264 4201 365 4276 ⁸mum
385 4211 546 4302 (Wandal
566 4213 606 4292 V,
629 4211 691 4296 15).
740 4217 775 4280 ln
792 4216 918 4282 historia
973 4239 1059 4284 crum
1076 4215 1269 4282 celeberrimi
1291 4215 1349 4278 viri
1370 4213 1459 4299 regio
1479 4213 1563 4297 justu
1583 4235 1617 4278 a.

288 4317 392 4401 linytl.
413 4339 482 4404 cap.
504 4317 564 4384 122
581 4319 648 4402 ejus
664 4341 778 4386 nomen
798 4322 832 4387 in
853 4324 918 4388 aliis
976 4323 1057 4390 1827
1075 4323 1187 4410 aperiri
1204 4333 1363 4400 curarunt,
1378 4321 1524 4386 sceletum
1538 4316 1620 4402 ejus
1755 4351 1756 4410 p

288 4421 446 4489 codicibus
474 4427 618 4491 scribitur
647 4433 767 4504 Rrirvr't,
794 4429 827 4494 in
854 4431 919 4496 aliis
974 4432 1046 4496 inde
1075 4430 1114 4494 ab
1137 4429 1273 4495 humeris
1298 4447 1393 4514 usque
1422 4425 1461 4490 ad
1486 4425 1618 4512 planta

289 4533 403 4595 Rmvit.
457 4535 563 4617 ltaque
592 4536 684 4601 lectio
714 4534 788 4614 edit.
817 4537 917 4624 princ.
974 4537 1087 4624 pedum
1113 4538 1189 4601 duos
1215 4535 1335 4600 cubitos
1363 4545 1396 4597 et
1420 4530 1619 4618 quatuorde-

288 4635 479 4703 hauddubie
498 4641 628 4724 genuina
646 4655 701 4707 est.
974 4646 1033 4709 eim
1054 4658 1107 4708 ant
1126 4642 1259 4708 sedecim
1287 4639 1401 4725 digitos
1417 4637 1450 4702 ia
1471 4636 1617 4725 longitn-

334 4747 606 4828 ³Longuudovero
620 4767 766 4824 sanemur
824 4775 920 4836 uqua-
974 4751 1077 4816 dinem
1087 4761 1246 4836 patentem
1264 4749 1456 4814 invenerunt.
1476 4741 1519 4830 (r.
1539 4748 1617 4832 Nye
1754 4803 1755 4830 ,

288 4846 350 4931 ret]
370 4851 491 4950 Quanta
506 4853 573 4916 bec
590 4851 693 4934 fcerit,
712 4837 830 4920 facilius
846 4876 920 4920 con·
975 4859 1098 4924 Dansle
1119 4860 1199 4942 Mag.
1221 4858 1275 4936 Vl,
1296 4850 1363 4937 87).
