3536 5462
323 288 324 297 '
387 286 465 366 844
504 301 508 309 '
736 288 911 362 fllstott.
924 289 1033 361 DAN.
1048 289 1185 360 LIBER
1200 288 1292 362 xlv.

335 523 485 599 egerere
503 496 635 598 rogati,
668 493 729 570 diu
749 511 1056 596 repugnaverunt,
1087 495 1188 595 quod
1206 523 1246 574 se
1267 498 1529 587 membrorum,
1554 495 1655 595 quo·
1746 597 1747 600 Ἴ

336 647 419 695 rum
440 621 669 694 ministerium
691 620 844 718 imperio
867 617 1130 713 exhibuissent,
1161 623 1310 698 numine
1332 643 1462 718 poeuas
1484 623 1655 718 exigintur,

335 769 444 820 usum
470 749 665 818 amissuros
690 757 904 832 metuerent,
936 759 1260 842 contemptumque
1286 741 1459 843 religione
1484 767 1656 818 exousure

336 866 546 967 pergebant.
598 863 657 939 Ad
678 864 844 940 ultimum
857 863 1049 939 Absalonis
1062 870 1200 938 monitu
1218 865 1297 957 dei,
1332 867 1394 964 qui
1405 865 1548 939 sibimet
1566 867 1654 964 opi-
1746 843 1747 928 Ῐ

336 988 442 1064 tulan'
458 1014 532 1064 non
552 1005 684 1088 posset,
709 989 905 1088 potentiam
928 986 1191 1086 floccipendere
1211 985 1327 1079 docti,
1350 1011 1417 1094 spe
1436 989 1653 1087 impunitatis

331 1128 495 1211 accepto,
519 1113 669 1210 imperio
686 1112 786 1186 orius
802 1127 1010 1210 paruerunt.
1059 1115 1132 1182 Neo
1150 1110 1301 1204 mirum,
1325 1115 1354 1184 si
1367 1108 1514 1185 illorum
1530 1111 1653 1184 numi-

335 1259 422 1310 uum
445 1235 643 1334 potentiam
666 1233 928 1326 formidabant,
964 1258 985 1306 a
1008 1231 1146 1332 'quibus
1166 1249 1293 1332 stupra
1310 1258 1376 1307 sua
1401 1257 1652 1332 saepenumero
1746 1311 1747 1355 ,

222 1385 226 1392 ·
335 1362 461 1456 punita
473 1361 719 1430 meminerunt
779 1354 963 1455 Siquidem
978 1379 1097 1430 mures
1117 1357 1154 1428 in
1175 1380 1218 1429 oa
1236 1357 1329 1430 urbe
1345 1383 1429 1430 cum
1446 1355 1605 1430 foeminis
1620 1358 1651 1426 io

336 1469 569 1558 concubitum
596 1477 739 1554 ademtis
784 1503 914 1553 cauum
939 1477 1108 1579 exemplo
1140 1463 1326 1554 cubaret-e
1359 1479 1546 1570 solebant,
1588 1505 1651 1554 nec

335 1605 385 1678 ab
394 1604 482 1704 ipsis
496 1603 672 1678 morando
688 1601 809 1678 divelli
824 1587 1008 1701 poterant,
1031 1599 1212 1676 interdum
1227 1607 1375 1702 utriqne
1390 1606 1539 1703 perticis
1553 1629 1578 1676 o
1592 1602 1652 1676 di·-

336 1751 442 1803 verso
466 1729 615 1828 appensi
633 1727 795 1802 inusitato
811 1751 903 1800 nexu
922 1724 1115 1800 ridiculum
1129 1724 1272 1825 populo
1289 1725 1533 1824 spectaculum
1552 1751 1649 1826 pre·

335 1849 460 1924 buere.
516 1846 579 1923 Ea'
595 1849 753 1925 miraculi
781 1847 940 1954 foeditate
965 1845 1122 1922 solennis
1146 1848 1365 1948 ignobilibus
1388 1853 1513 1928 statuis
1539 1847 1650 1923 cultus

246 1965 249 1968 ’
333 1976 501 2064 accoesit,
526 1972 776 2072 creditumque
800 1987 852 2045 est
868 1995 992 2044 earum
1013 1969 1151 2046 viribus
1167 1971 1350 2062 ellectum,
1381 1971 1484 2072 quod
1506 1971 1649 2046 daemo-

335 2121 422 2169 num
439 2109 515 2169 erat
527 2095 713 2196 praestigiis
727 2094 995 2169 adumbratum.
1045 2095 1164 2168 Sveuo
1181 2119 1287 2186 vero,
1310 2120 1387 2194 qno
1405 2100 1519 2196 magis
1534 2095 1649 2169 mmu-

334 2218 433 2293 lucra
448 2217 674 2318 aspernanda
689 2217 841 2312 doceret,
859 2241 972 2317 super
987 2241 1041 2309 ea,
1067 2243 1151 2290 cum
1176 2219 1413 2293 aKarentinis
1428 2218 1648 2317 ejicerentur,

315 2341 499 2420 ,sublimis
515 2347 709 2418 consistere
730 2337 854 2416 voluit.
915 2343 998 2435 Quo
1022 2340 1119 2415 facto
1143 2338 1288 2439 pondus
1312 2339 1526 2413 contumelia
1550 2342 1648 2430 auxi,

334 2493 402 2542 nec
422 2469 540 2541 minus
556 2462 737 2540 trabentes
762 2464 898 2538 rubore
921 2478 1031 2564 quatu
1054 2490 1164 2538 unere
1180 2469 1331 2556 vexavit,
1356 2461 1555 2538 domestica
1578 2489 1648 2536 nu-

333 2593 430 2664 mina
443 2563 652 2690 alienigenae
666 2573 844 2688 pontificis
857 2588 1014 2688 pedibus
1030 2590 1195 2687 subjecta
1208 2579 1407 2664 cernentes.
1459 2589 1560 2660 Dum
1576 2585 1650 2659 baec

331 2710 893 2811 asvenonegemnmrnbsalon,
902 2705 1647 2808 tribuscoemeteriisinugroliarentinode-

333 2833 492 2926 dicatis¹,
508 2859 657 2933 vespero
675 2835 879 2909 Karentiam
896 2833 1017 2929 rediit3
1035 2833 1235 2933 deletisque
1249 2830 1460 2925 simulacris,
1474 2857 1546 2905 unu
1566 2857 1647 2906 oum

332 2962 508 3033 larimoro
527 2957 708 3056 profunda
723 2974 828 3032 nocte
837 2955 882 3029 ad
891 2981 1000 3031 naves
1008 2959 1473 3056 perveniteumquesecum
1481 2959 1649 3035 coenitare

333 3080 461 3180 coegit
486 3081 640 3180 Jamque
654 3079 812 3154 Absulon
821 3097 938 3154 ternas
947 3082 1116 3155 continue
1126 3078 1398 3178 noctesabsque
1414 3103 1545 3154 somno
1562 3103 1649 3152 exe-

332 3221 445 3306 gerat,
470 3201 637 3302 adeoque
651 3201 840 3278 oculorum
849 3205 928 3302 ejus
937 3205 1046 3276 aciem
1056 3201 1185 3306 vigiliae
1201 3201 1482 3297 debilitaverunt,
1508 3219 1549 3278 ut
1557 3227 1650 3302 pene

333 3325 477 3402 videndi
493 3351 601 3402 usum
629 3331 880 3426 extinguerent.
906 3329 1071 3424 Sequenti
1097 3323 1178 3398 luce
1196 3326 1404 3420 scribas,·et
1426 3329 1491 3427 qui
1513 3328 1650 3426 privata

278 3429 282 3442 ¹
332 3450 537 3548 principum
546 3447 862 3540 sumatractubant,
871 3447 1151 3524 sacerdotiorum
1166 3452 1386 3526 ornamentis
1396 3451 1650 3548 donatinege-

331 3571 502 3649 mode
518 3595 586 3674 per
597 3597 735 3674 aquam
744 3577 940 3672 provincie
957 3573 1188 3646 ministerium
1203 3571 1447 3672 prebuerunt
1478 3577 1567 3647 item
1577 3571 1651 3646 ba-

380 3879 506 3943 'Tretos
519 3883 687 3946 :maerin
801 3875 959 3960 ἄοᾰίιαηζσ]
1015 3874 1115 3942 Testis
1134 3889 1183 3941 eat
1201 3889 1308 3942 aomar
1321 3877 1389 3964 ipse
1407 3878 1490 3965 (cap.
1513 3875 1599 3956 123),
1618 3875 1650 3938 in

329 3990 364 4049 ln
386 3985 457 4050 bist.
473 3987 575 4070 lloytb
596 3987 617 4047 l.
637 4003 664 4046 c.
685 3983 825 4049 undecim
850 4005 962 4050 coetue·
1016 3995 1083 4046 tota
1111 3983 1226 4068 Regia,
1254 3997 1406 4070 regnante
1433 3983 1652 4060 waldemaro,

328 4089 408 4154 teris
432 4089 493 4156 boc
510 4089 579 4176 ipso
603 4089 654 4156 die
676 4090 814 4156 dedicuta
833 4103 864 4154 et
884 4113 961 4156 noo-
1015 4089 1138 4156 nonani
1177 4087 1318 4154 nodedu
1356 4091 1498 4158 ecclesias
1532 4103 1651 4156 exstru-

327 4198 415 4282 geati
445 4196 586 4279 homiues„
624 4197 774 4286 bsptimti
809 4195 961 4265 dianium.
1016 4208 1082 4262 ctas
1107 4209 1140 4262 et
1158 4197 1200 4262 ab
1217 4197 1375 4264 albulum
1398 4197 1551 4264 dedicatas
1571 4217 1652 4262 erse.

329 4301 392 4394 Qui
412 4303 532 4368 nummi
550 4305 626 4370 tenti
645 4319 735 4385 auat,
762 4317 797 4368 ut
814 4305 879 4370 reri
893 4323 958 4368 esau
1015 4303 1116 4394 Quem
1154 4325 1315 4368 numerum
1342 4303 1529 4372 Helmoldus
1558 4300 1598 4384 (Ι.
1625 4305 1654 4366 ll

328 4423 491 4494 nequeant.
539 4413 650 4498 Coepit
668 4393 838 4497 praeterea,
856 4411 883 4476 ei
904 4411 959 4476 Sa
1015 4431 1084 4496 cap.
1105 4409 1158 4487 12)
1178 4424 1351 4497 unaauget.
1401 4411 1537 4478 tiburien
1551 4409 1654 4496 igitur

328 4515 402 4578 xoni
418 4515 511 4596 fidet,
530 4530 655 4600 postero
671 4519 795 4593 demum
810 4519 863 4582 dic
886 4539 961 4604 apo-
1014 4518 1145 4584 lortaaae
1164 4517 1196 4582 in
1215 4518 1273 4584 bac
1289 4518 1494 4606 expeditione,
1514 4515 1567 4584 aed
1584 4537 1655 4580 nou

327 4621 481 4686 sumum
503 4621 746 4692 Christianorum
769 4645 882 4711 opera,
903 4645 961 4694 nec
1014 4625 1074 4693 hoc
1098 4627 1165 4692 aulo
1193 4623 1275 4710 dte,
1291 4623 1434 4690 undecim
1462 4625 1555 4708 elegit
1579 4624 1655 4688 loca

327 4727 532 4812 intelligitur,
545 4751 696 4815 quorsum
717 4745 767 4797 tot
782 4731 960 4798 coemeteria
1014 4731 1149 4798 scriniis
1168 4731 1360 4800 exstruendis
1378 4732 1503 4810 idonee,
1520 4743 1551 4796 ct
1573 4731 1656 4796 toti·

327 4835 477 4901 inviciuiu
485 4836 639 4904 Rutuatias
657 4837 825 4904 dedicanda
836 4835 960 4904 luerint.
1015 4840 1084 4906 deur
1103 4838 1148 4906 ibi
1168 4838 1342 4912 summula
1365 4836 1524 4907 dedicauit.
