<?xml version="1.0" encoding="UTF-8"?>
<!DOCTYPE html PUBLIC "-//W3C//DTD XHTML 1.0 Transitional//EN"
    "http://www.w3.org/TR/xhtml1/DTD/xhtml1-transitional.dtd">
<html xmlns="http://www.w3.org/1999/xhtml" xml:lang="en" lang="en">
 <head>
  <title>
</title>
<meta http-equiv="Content-Type" content="text/html;charset=utf-8" />
  <meta name='ocr-system' content='tesseract 3.04.00' />
  <meta name='ocr-capabilities' content='ocr_page ocr_carea ocr_par ocr_line ocrx_word'/>
</head>
<body>
  <div class='ocr_page' id='page_1' title='image "./historiadanica01velsgoog_0237.png"; bbox 0 0 3508 5460; ppageno 0'>
   <div class='ocr_carea' id='block_1_1' title="bbox 372 283 1249 360">
    <p class='ocr_par' dir='ltr' id='par_1_1' title="bbox 372 283 1249 360">
     <span class='ocr_line' id='line_1_1' title="bbox 372 283 1249 360; baseline 0 -4"><span class='ocrx_word' id='word_1_1' title='bbox 372 283 445 358; x_wconf 76' lang='lat'>774</span> <span class='ocrx_word' id='word_1_2' title='bbox 682 285 859 354; x_wconf 76' lang='lat' dir='ltr'>tttsrott.</span> <span class='ocrx_word' id='word_1_3' title='bbox 877 285 983 354; x_wconf 79' lang='lat' dir='ltr'><strong>DAN.</strong></span> <span class='ocrx_word' id='word_1_4' title='bbox 999 285 1138 356; x_wconf 85' lang='lat' dir='ltr'>LIBER</span> <span class='ocrx_word' id='word_1_5' title='bbox 1156 285 1249 360; x_wconf 83' lang='lat' dir='ltr'>xlv.</span> 
     </span>
    </p>
   </div>
   <div class='ocr_carea' id='block_1_2' title="bbox 317 490 1628 598">
    <p class='ocr_par' dir='ltr' id='par_1_2' title="bbox 317 490 1628 598">
     <span class='ocr_line' id='line_1_2' title="bbox 317 490 1628 598; baseline -0.02 -26"><span class='ocrx_word' id='word_1_6' title='bbox 317 523 399 572; x_wconf 88' lang='lat' dir='ltr'>curn</span> <span class='ocrx_word' id='word_1_7' title='bbox 426 491 610 570; x_wconf 86' lang='lat' dir='ltr'>Bernardo</span> <span class='ocrx_word' id='word_1_8' title='bbox 637 490 811 591; x_wconf 85' lang='lat' dir='ltr'>quodam,</span> <span class='ocrx_word' id='word_1_9' title='bbox 831 496 995 568; x_wconf 88' lang='lat' dir='ltr'>Henrici¹</span> <span class='ocrx_word' id='word_1_10' title='bbox 1015 492 1108 584; x_wconf 90' lang='lat' dir='ltr'>filio,</span> <span class='ocrx_word' id='word_1_11' title='bbox 1136 496 1211 594; x_wconf 85' lang='lat' dir='ltr'>qui,</span> <span class='ocrx_word' id='word_1_12' title='bbox 1226 491 1329 592; x_wconf 87' lang='lat' dir='ltr'>quotl</span> <span class='ocrx_word' id='word_1_13' title='bbox 1354 513 1497 592; x_wconf 80' lang='lat' dir='ltr'><strong>neptem</strong></span> <span class='ocrx_word' id='word_1_14' title='bbox 1518 503 1628 598; x_wconf 62' lang='lat' dir='ltr'>regist</span> 
     </span>
    </p>
   </div>
   <div class='ocr_carea' id='block_1_3' title="bbox 317 615 1731 718">
    <p class='ocr_par' dir='ltr' id='par_1_3' title="bbox 317 615 1731 718">
     <span class='ocr_line' id='line_1_3' title="bbox 317 615 1731 718; baseline -0.003 -23"><span class='ocrx_word' id='word_1_15' title='bbox 317 625 352 696; x_wconf 88' lang='lat' dir='ltr'>in</span> <span class='ocrx_word' id='word_1_16' title='bbox 369 623 593 693; x_wconf 89' lang='lat' dir='ltr'>matrimonio</span> <span class='ocrx_word' id='word_1_17' title='bbox 609 615 780 700; x_wconf 89' lang='lat' dir='ltr'>habebat,</span> <span class='ocrx_word' id='word_1_18' title='bbox 806 617 952 692; x_wconf 90' lang='lat' dir='ltr'>duobus</span> <span class='ocrx_word' id='word_1_19' title='bbox 971 643 1055 716; x_wconf 83' lang='lat' dir='ltr'>enm</span> <span class='ocrx_word' id='word_1_20' title='bbox 1072 618 1219 715; x_wconf 83' lang='lat' dir='ltr'>navigiis</span> <span class='ocrx_word' id='word_1_21' title='bbox 1235 633 1378 691; x_wconf 89' lang='lat' dir='ltr'>secutus</span> <span class='ocrx_word' id='word_1_22' title='bbox 1395 617 1523 707; x_wconf 87' lang='lat' dir='ltr'>suerat,</span> <span class='ocrx_word' id='word_1_23' title='bbox 1548 623 1628 718; x_wconf 86' lang='lat' dir='ltr'>jur-</span> <span class='ocrx_word' id='word_1_24' title='bbox 1730 615 1731 682; x_wconf 74' lang='lat' dir='ltr'>l</span> 
     </span>
    </p>
   </div>
   <div class='ocr_carea' id='block_1_4' title="bbox 316 739 1629 843">
    <p class='ocr_par' dir='ltr' id='par_1_4' title="bbox 316 739 1629 843">
     <span class='ocr_line' id='line_1_4' title="bbox 316 739 1629 843; baseline -0.001 -28"><span class='ocrx_word' id='word_1_25' title='bbox 316 746 417 843; x_wconf 85' lang='lat' dir='ltr'>gium</span> <span class='ocrx_word' id='word_1_26' title='bbox 436 739 567 813; x_wconf 81' lang='lat' dir='ltr'>incidit.</span> <span class='ocrx_word' id='word_1_27' title='bbox 626 743 832 837; x_wconf 79' lang='lat' dir='ltr'>Interrogati</span> <span class='ocrx_word' id='word_1_28' title='bbox 858 746 951 813; x_wconf 89' lang='lat' dir='ltr'>enim</span> <span class='ocrx_word' id='word_1_29' title='bbox 978 742 1025 814; x_wconf 87' lang='lat' dir='ltr'>ab</span> <span class='ocrx_word' id='word_1_30' title='bbox 1049 765 1113 830; x_wconf 92' lang='lat' dir='ltr'>eo,</span> <span class='ocrx_word' id='word_1_31' title='bbox 1145 767 1210 812; x_wconf 91' lang='lat' dir='ltr'>cur</span> <span class='ocrx_word' id='word_1_32' title='bbox 1230 741 1455 816; x_wconf 81' lang='lat' dir='ltr'>illustrissimi</span> <span class='ocrx_word' id='word_1_33' title='bbox 1476 742 1629 814; x_wconf 76' lang='lat' dir='ltr'>Senoniae</span> 
     </span>
    </p>
   </div>
   <div class='ocr_carea' id='block_1_5' title="bbox 314 860 1731 1334">
    <p class='ocr_par' dir='ltr' id='par_1_5' title="bbox 314 860 1731 1334">
     <span class='ocr_line' id='line_1_5' title="bbox 316 860 1731 963; baseline -0.003 -25"><span class='ocrx_word' id='word_1_34' title='bbox 316 866 418 938; x_wconf 86' lang='lat' dir='ltr'>ducis</span> <span class='ocrx_word' id='word_1_35' title='bbox 440 865 591 963; x_wconf 86' lang='lat' dir='ltr'>gratiam</span> <span class='ocrx_word' id='word_1_36' title='bbox 627 860 787 959; x_wconf 89' lang='lat' dir='ltr'>amplecti</span> <span class='ocrx_word' id='word_1_37' title='bbox 812 887 1079 960; x_wconf 89' lang='lat' dir='ltr'>supervacuum</span> <span class='ocrx_word' id='word_1_38' title='bbox 1104 862 1294 950; x_wconf 77' lang='lat' dir='ltr'>ducerent,</span> <span class='ocrx_word' id='word_1_39' title='bbox 1320 889 1404 935; x_wconf 89' lang='lat' dir='ltr'>curn</span> <span class='ocrx_word' id='word_1_40' title='bbox 1420 889 1459 936; x_wconf 90' lang='lat' dir='ltr'>se</span> <span class='ocrx_word' id='word_1_41' title='bbox 1483 864 1582 940; x_wconf 92' lang='lat' dir='ltr'>nullo</span> <span class='ocrx_word' id='word_1_42' title='bbox 1599 871 1629 936; x_wconf 90' lang='lat' dir='ltr'>in</span> <span class='ocrx_word' id='word_1_43' title='bbox 1730 923 1731 934; x_wconf 28' lang='lat' dir='ltr'>t</span> 
     </span>
     <span class='ocr_line' id='line_1_6' title="bbox 315 984 1731 1088; baseline -0.001 -26"><span class='ocrx_word' id='word_1_44' title='bbox 315 1003 497 1062; x_wconf 88' lang='lat' dir='ltr'>momento</span> <span class='ocrx_word' id='word_1_45' title='bbox 515 987 676 1060; x_wconf 86' lang='lat' dir='ltr'>Saxonici</span> <span class='ocrx_word' id='word_1_46' title='bbox 696 987 848 1058; x_wconf 90' lang='lat' dir='ltr'>nominis</span> <span class='ocrx_word' id='word_1_47' title='bbox 868 1003 1071 1082; x_wconf 87' lang='lat' dir='ltr'>respectum</span> <span class='ocrx_word' id='word_1_48' title='bbox 1086 1012 1221 1085; x_wconf 88' lang='lat' dir='ltr'>ponere</span> <span class='ocrx_word' id='word_1_49' title='bbox 1239 984 1518 1083; x_wconf 88' lang='lat' dir='ltr'>respondissent,</span> <span class='ocrx_word' id='word_1_50' title='bbox 1544 987 1628 1086; x_wconf 92' lang='lat' dir='ltr'>quid</span> <span class='ocrx_word' id='word_1_51' title='bbox 1730 1071 1731 1088; x_wconf 53' lang='lat'>,</span> 
     </span>
     <span class='ocr_line' id='line_1_7' title="bbox 314 1107 1628 1208; baseline -0.002 -23"><span class='ocrx_word' id='word_1_52' title='bbox 314 1115 445 1186; x_wconf 87' lang='lat' dir='ltr'>virium</span> <span class='ocrx_word' id='word_1_53' title='bbox 462 1109 544 1182; x_wconf 88' lang='lat' dir='ltr'>duci</span> <span class='ocrx_word' id='word_1_54' title='bbox 562 1107 774 1199; x_wconf 87' lang='lat' dir='ltr'>esset,brevi</span> <span class='ocrx_word' id='word_1_55' title='bbox 792 1115 984 1208; x_wconf 82' lang='lat' dir='ltr'>agnituros,</span> <span class='ocrx_word' id='word_1_56' title='bbox 1000 1109 1194 1207; x_wconf 85' lang='lat' dir='ltr'>subjunxit.</span> <span class='ocrx_word' id='word_1_57' title='bbox 1245 1107 1517 1206; x_wconf 85' lang='lat' dir='ltr'>Tuncquidam,</span> <span class='ocrx_word' id='word_1_58' title='bbox 1529 1115 1628 1206; x_wconf 89' lang='lat' dir='ltr'>prin·</span> 
     </span>
     <span class='ocr_line' id='line_1_8' title="bbox 316 1229 1731 1334; baseline -0.003 -26"><span class='ocrx_word' id='word_1_59' title='bbox 316 1239 417 1334; x_wconf 87' lang='lat' dir='ltr'>cipis,</span> <span class='ocrx_word' id='word_1_60' title='bbox 444 1259 554 1332; x_wconf 89' lang='lat' dir='ltr'>quem</span> <span class='ocrx_word' id='word_1_61' title='bbox 571 1235 657 1304; x_wconf 87' lang='lat' dir='ltr'>tanti</span> <span class='ocrx_word' id='word_1_62' title='bbox 672 1235 876 1322; x_wconf 70' lang='lat' dir='ltr'>estimaret,</span> <span class='ocrx_word' id='word_1_63' title='bbox 902 1234 1098 1328; x_wconf 90' lang='lat' dir='ltr'>potentiam</span> <span class='ocrx_word' id='word_1_64' title='bbox 1121 1229 1441 1328; x_wconf 88' lang='lat' dir='ltr'>floccipendentes,</span> <span class='ocrx_word' id='word_1_65' title='bbox 1464 1233 1630 1306; x_wconf 88' lang='lat' dir='ltr'>Bernardi</span> <span class='ocrx_word' id='word_1_66' title='bbox 1730 1229 1731 1232; x_wconf 50' lang='lat'>&#39;</span> 
     </span>
    </p>
   </div>
   <div class='ocr_carea' id='block_1_6' title="bbox 315 1353 1631 1458">
    <p class='ocr_par' dir='ltr' id='par_1_6' title="bbox 315 1353 1631 1458">
     <span class='ocr_line' id='line_1_9' title="bbox 315 1353 1631 1458; baseline -0.004 -25"><span class='ocrx_word' id='word_1_67' title='bbox 315 1359 623 1458; x_wconf 85' lang='lat' dir='ltr'>percontationem</span> <span class='ocrx_word' id='word_1_68' title='bbox 641 1379 684 1428; x_wconf 88' lang='lat' dir='ltr'>ac</span> <span class='ocrx_word' id='word_1_69' title='bbox 701 1356 813 1429; x_wconf 89' lang='lat' dir='ltr'>minas</span> <span class='ocrx_word' id='word_1_70' title='bbox 830 1353 990 1428; x_wconf 88' lang='lat' dir='ltr'>ludibrio</span> <span class='ocrx_word' id='word_1_71' title='bbox 1013 1354 1284 1428; x_wconf 89' lang='lat' dir='ltr'>insectabantur.</span> <span class='ocrx_word' id='word_1_72' title='bbox 1336 1356 1390 1426; x_wconf 86' lang='lat' dir='ltr'>Ea</span> <span class='ocrx_word' id='word_1_73' title='bbox 1406 1353 1631 1428; x_wconf 89' lang='lat' dir='ltr'>altercatione</span> 
     </span>
    </p>
   </div>
   <div class='ocr_carea' id='block_1_7' title="bbox 313 1475 1731 1581">
    <p class='ocr_par' dir='ltr' id='par_1_7' title="bbox 313 1475 1731 1581">
     <span class='ocr_line' id='line_1_10' title="bbox 313 1475 1731 1581; baseline -0.003 -27"><span class='ocrx_word' id='word_1_74' title='bbox 313 1506 381 1581; x_wconf 90' lang='lat' dir='ltr'>per</span> <span class='ocrx_word' id='word_1_75' title='bbox 398 1505 519 1579; x_wconf 87' lang='lat' dir='ltr'>regem</span> <span class='ocrx_word' id='word_1_76' title='bbox 535 1476 674 1570; x_wconf 89' lang='lat' dir='ltr'>sedata,</span> <span class='ocrx_word' id='word_1_77' title='bbox 699 1481 823 1552; x_wconf 89' lang='lat' dir='ltr'>Masco</span> <span class='ocrx_word' id='word_1_78' title='bbox 846 1475 1006 1575; x_wconf 88' lang='lat' dir='ltr'>quidam,</span> <span class='ocrx_word' id='word_1_79' title='bbox 1023 1479 1115 1548; x_wconf 91' lang='lat' dir='ltr'>inter</span> <span class='ocrx_word' id='word_1_80' title='bbox 1138 1477 1322 1574; x_wconf 86' lang='lat' dir='ltr'>Rugianos</span> <span class='ocrx_word' id='word_1_81' title='bbox 1339 1493 1423 1550; x_wconf 90' lang='lat' dir='ltr'>natu</span> <span class='ocrx_word' id='word_1_82' title='bbox 1441 1493 1550 1574; x_wconf 91' lang='lat' dir='ltr'>atque</span> <span class='ocrx_word' id='word_1_83' title='bbox 1563 1503 1630 1550; x_wconf 88' lang='lat' dir='ltr'>au·</span> <span class='ocrx_word' id='word_1_84' title='bbox 1730 1487 1731 1500; x_wconf 61' lang='lat'>¹</span> 
     </span>
    </p>
   </div>
   <div class='ocr_carea' id='block_1_8' title="bbox 313 1597 1631 4526">
    <p class='ocr_par' dir='ltr' id='par_1_8' title="bbox 315 1597 1631 2440">
     <span class='ocr_line' id='line_1_11' title="bbox 315 1597 1630 1700; baseline -0.002 -23"><span class='ocrx_word' id='word_1_85' title='bbox 315 1609 455 1678; x_wconf 87' lang='lat' dir='ltr'>toritate</span> <span class='ocrx_word' id='word_1_86' title='bbox 470 1603 790 1699; x_wconf 85' lang='lat' dir='ltr'>praestantissimus,</span> <span class='ocrx_word' id='word_1_87' title='bbox 813 1600 1010 1674; x_wconf 89' lang='lat' dir='ltr'>luminibus</span> <span class='ocrx_word' id='word_1_88' title='bbox 1025 1597 1189 1690; x_wconf 90' lang='lat' dir='ltr'>orbatus,</span> <span class='ocrx_word' id='word_1_89' title='bbox 1213 1597 1279 1672; x_wconf 93' lang='lat' dir='ltr'>sed</span> <span class='ocrx_word' id='word_1_90' title='bbox 1293 1601 1425 1697; x_wconf 89' lang='lat' dir='ltr'>ingenii</span> <span class='ocrx_word' id='word_1_91' title='bbox 1446 1606 1630 1700; x_wconf 84' lang='lat' dir='ltr'>sagacitate</span> 
     </span>
     <span class='ocr_line' id='line_1_12' title="bbox 315 1721 1630 1826; baseline 0 -30"><span class='ocrx_word' id='word_1_92' title='bbox 315 1726 543 1826; x_wconf 89' lang='lat' dir='ltr'>perspicuus,</span> <span class='ocrx_word' id='word_1_93' title='bbox 570 1749 637 1796; x_wconf 88' lang='lat' dir='ltr'>nec</span> <span class='ocrx_word' id='word_1_94' title='bbox 652 1727 752 1798; x_wconf 88' lang='lat' dir='ltr'>aunis</span> <span class='ocrx_word' id='word_1_95' title='bbox 770 1749 881 1822; x_wconf 88' lang='lat' dir='ltr'>quam</span> <span class='ocrx_word' id='word_1_96' title='bbox 899 1722 1016 1796; x_wconf 85' lang='lat' dir='ltr'>animo</span> <span class='ocrx_word' id='word_1_97' title='bbox 1032 1721 1208 1812; x_wconf 87' lang='lat' dir='ltr'>vivacior,</span> <span class='ocrx_word' id='word_1_98' title='bbox 1231 1723 1485 1813; x_wconf 77' lang='lat' dir='ltr'>concitatioris,</span> <span class='ocrx_word' id='word_1_99' title='bbox 1509 1725 1630 1822; x_wconf 90' lang='lat' dir='ltr'>inquit,</span> 
     </span>
     <span class='ocr_line' id='line_1_13' title="bbox 315 1843 1630 1945; baseline 0 -25"><span class='ocrx_word' id='word_1_100' title='bbox 315 1844 522 1945; x_wconf 77' lang='lat' dir='ltr'>petulantiae</span> <span class='ocrx_word' id='word_1_101' title='bbox 537 1849 639 1944; x_wconf 89' lang='lat' dir='ltr'>equis</span> <span class='ocrx_word' id='word_1_102' title='bbox 655 1871 734 1921; x_wconf 91' lang='lat' dir='ltr'>mos</span> <span class='ocrx_word' id='word_1_103' title='bbox 749 1863 811 1934; x_wconf 90' lang='lat' dir='ltr'>est,</span> <span class='ocrx_word' id='word_1_104' title='bbox 836 1872 911 1945; x_wconf 93' lang='lat' dir='ltr'>quo</span> <span class='ocrx_word' id='word_1_105' title='bbox 928 1847 1058 1918; x_wconf 87' lang='lat' dir='ltr'>arctius</span> <span class='ocrx_word' id='word_1_106' title='bbox 1075 1845 1282 1936; x_wconf 87' lang='lat' dir='ltr'>retinentur,</span> <span class='ocrx_word' id='word_1_107' title='bbox 1304 1843 1375 1918; x_wconf 88' lang='lat' dir='ltr'>hoe</span> <span class='ocrx_word' id='word_1_108' title='bbox 1392 1844 1630 1920; x_wconf 87' lang='lat' dir='ltr'>vehementius</span> 
     </span>
     <span class='ocr_line' id='line_1_14' title="bbox 315 1965 1630 2068; baseline -0.001 -26"><span class='ocrx_word' id='word_1_109' title='bbox 315 1967 477 2043; x_wconf 90' lang='lat' dir='ltr'>habenas</span> <span class='ocrx_word' id='word_1_110' title='bbox 494 1967 648 2043; x_wconf 84' lang='lat' dir='ltr'>tendere.</span> <span class='ocrx_word' id='word_1_111' title='bbox 698 1973 881 2044; x_wconf 86' lang='lat' dir='ltr'>Laxeutur</span> <span class='ocrx_word' id='word_1_112' title='bbox 899 1975 1018 2068; x_wconf 88' lang='lat' dir='ltr'>itaque</span> <span class='ocrx_word' id='word_1_113' title='bbox 1036 1966 1236 2040; x_wconf 79' lang='lat' dir='ltr'>saxonibus</span> <span class='ocrx_word' id='word_1_114' title='bbox 1252 1965 1360 2059; x_wconf 89' lang='lat' dir='ltr'>freni,</span> <span class='ocrx_word' id='word_1_115' title='bbox 1385 1993 1432 2041; x_wconf 89' lang='lat' dir='ltr'>ne</span> <span class='ocrx_word' id='word_1_116' title='bbox 1450 1977 1630 2045; x_wconf 85' lang='lat' dir='ltr'>retentati-</span> 
     </span>
     <span class='ocr_line' id='line_1_15' title="bbox 316 2088 1630 2192; baseline -0.001 -25"><span class='ocrx_word' id='word_1_117' title='bbox 316 2095 395 2167; x_wconf 89' lang='lat' dir='ltr'>onis</span> <span class='ocrx_word' id='word_1_118' title='bbox 416 2093 594 2166; x_wconf 77' lang='lat' dir='ltr'>nimietate</span> <span class='ocrx_word' id='word_1_119' title='bbox 619 2110 841 2192; x_wconf 89' lang='lat' dir='ltr'>rumpantur.</span> <span class='ocrx_word' id='word_1_120' title='bbox 903 2088 1087 2189; x_wconf 85' lang='lat' dir='ltr'>Siquidem</span> <span class='ocrx_word' id='word_1_121' title='bbox 1109 2106 1144 2162; x_wconf 90' lang='lat' dir='ltr'>et</span> <span class='ocrx_word' id='word_1_122' title='bbox 1161 2089 1267 2166; x_wconf 89' lang='lat' dir='ltr'>nobis</span> <span class='ocrx_word' id='word_1_123' title='bbox 1290 2093 1454 2189; x_wconf 89' lang='lat' dir='ltr'>ipsorum</span> <span class='ocrx_word' id='word_1_124' title='bbox 1488 2109 1523 2164; x_wconf 91' lang='lat' dir='ltr'>et</span> <span class='ocrx_word' id='word_1_125' title='bbox 1549 2095 1630 2192; x_wconf 89' lang='lat' dir='ltr'>ipsis</span> 
     </span>
     <span class='ocr_line' id='line_1_16' title="bbox 315 2213 1631 2316; baseline -0.002 -26"><span class='ocrx_word' id='word_1_126' title='bbox 315 2235 437 2292; x_wconf 90' lang='lat' dir='ltr'>nostra</span> <span class='ocrx_word' id='word_1_127' title='bbox 459 2239 638 2316; x_wconf 90' lang='lat' dir='ltr'>perquam</span> <span class='ocrx_word' id='word_1_128' title='bbox 655 2233 737 2289; x_wconf 85' lang='lat' dir='ltr'>nota</span> <span class='ocrx_word' id='word_1_129' title='bbox 755 2232 807 2290; x_wconf 85' lang='lat' dir='ltr'>est</span> <span class='ocrx_word' id='word_1_130' title='bbox 827 2216 949 2288; x_wconf 88' lang='lat' dir='ltr'>virtus.</span> <span class='ocrx_word' id='word_1_131' title='bbox 1011 2217 1100 2307; x_wconf 86' lang='lat' dir='ltr'>Quae</span> <span class='ocrx_word' id='word_1_132' title='bbox 1118 2237 1189 2286; x_wconf 84' lang='lat' dir='ltr'>vox</span> <span class='ocrx_word' id='word_1_133' title='bbox 1211 2213 1312 2311; x_wconf 93' lang='lat' dir='ltr'>apud</span> <span class='ocrx_word' id='word_1_134' title='bbox 1334 2213 1463 2288; x_wconf 88' lang='lat' dir='ltr'>ducem</span> <span class='ocrx_word' id='word_1_135' title='bbox 1487 2215 1631 2316; x_wconf 87' lang='lat' dir='ltr'>vulgata</span> 
     </span>
     <span class='ocr_line' id='line_1_17' title="bbox 315 2335 1276 2440; baseline -0.005 -27"><span class='ocrx_word' id='word_1_136' title='bbox 315 2344 404 2416; x_wconf 90' lang='lat' dir='ltr'>inter</span> <span class='ocrx_word' id='word_1_137' title='bbox 420 2367 505 2414; x_wconf 92' lang='lat' dir='ltr'>eum</span> <span class='ocrx_word' id='word_1_138' title='bbox 519 2367 563 2413; x_wconf 90' lang='lat' dir='ltr'>ac</span> <span class='ocrx_word' id='word_1_139' title='bbox 579 2365 702 2440; x_wconf 87' lang='lat' dir='ltr'>regem</span> <span class='ocrx_word' id='word_1_140' title='bbox 720 2338 936 2414; x_wconf 77' lang='lat' dir='ltr'>simultatum</span> <span class='ocrx_word' id='word_1_141' title='bbox 953 2339 1183 2410; x_wconf 86' lang='lat' dir='ltr'>seminarium</span> <span class='ocrx_word' id='word_1_142' title='bbox 1200 2335 1276 2409; x_wconf 84' lang='lat' dir='ltr'>fuit.</span> 
     </span>
    </p>

    <p class='ocr_par' dir='ltr' id='par_1_9' title="bbox 313 2458 1630 4526">
     <span class='ocr_line' id='line_1_18' title="bbox 449 2458 1630 2562; baseline 0.001 -25"><span class='ocrx_word' id='word_1_143' title='bbox 449 2471 515 2537; x_wconf 91' lang='lat' dir='ltr'>Per</span> <span class='ocrx_word' id='word_1_144' title='bbox 532 2463 627 2536; x_wconf 90' lang='lat' dir='ltr'>idem</span> <span class='ocrx_word' id='word_1_145' title='bbox 651 2480 793 2561; x_wconf 89' lang='lat' dir='ltr'>tempus</span> <span class='ocrx_word' id='word_1_146' title='bbox 810 2460 1118 2535; x_wconf 84' lang='lat' dir='ltr'>schismaticorum</span> <span class='ocrx_word' id='word_1_147' title='bbox 1136 2458 1268 2558; x_wconf 89' lang='lat' dir='ltr'>legatio</span> <span class='ocrx_word' id='word_1_148' title='bbox 1300 2459 1460 2536; x_wconf 85' lang='lat' dir='ltr'>confictis</span> <span class='ocrx_word' id='word_1_149' title='bbox 1491 2465 1630 2562; x_wconf 78' lang='lat' dir='ltr'>justitie</span> 
     </span>
     <span class='ocr_line' id='line_1_19' title="bbox 316 2583 1629 2686; baseline -0.002 -26"><span class='ocrx_word' id='word_1_150' title='bbox 316 2591 534 2686; x_wconf 82' lang='lat' dir='ltr'>argumentis</span> <span class='ocrx_word' id='word_1_151' title='bbox 564 2591 749 2662; x_wconf 88' lang='lat' dir='ltr'>Dauorum</span> <span class='ocrx_word' id='word_1_152' title='bbox 775 2583 942 2682; x_wconf 86' lang='lat' dir='ltr'>suffragia</span> <span class='ocrx_word' id='word_1_153' title='bbox 960 2583 1193 2681; x_wconf 84' lang='lat' dir='ltr'>pertentabat.</span> <span class='ocrx_word' id='word_1_154' title='bbox 1248 2585 1411 2673; x_wconf 91' lang='lat' dir='ltr'>Quorum</span> <span class='ocrx_word' id='word_1_155' title='bbox 1431 2609 1492 2657; x_wconf 89' lang='lat' dir='ltr'>rex</span> <span class='ocrx_word' id='word_1_156' title='bbox 1512 2611 1629 2660; x_wconf 88' lang='lat' dir='ltr'>asser-</span> 
     </span>
     <span class='ocr_line' id='line_1_20' title="bbox 314 2701 1630 2808; baseline -0.001 -25"><span class='ocrx_word' id='word_1_157' title='bbox 314 2710 422 2783; x_wconf 89' lang='lat' dir='ltr'>tionis</span> <span class='ocrx_word' id='word_1_158' title='bbox 449 2701 615 2799; x_wconf 60' lang='lat' dir='ltr'>dubius?</span> <span class='ocrx_word' id='word_1_159' title='bbox 634 2706 895 2808; x_wconf 84' lang='lat' dir='ltr'>cognoscendae</span> <span class='ocrx_word' id='word_1_160' title='bbox 920 2711 1076 2778; x_wconf 89' lang='lat' dir='ltr'>veritatis</span> <span class='ocrx_word' id='word_1_161' title='bbox 1100 2708 1214 2803; x_wconf 87' lang='lat' dir='ltr'>gratia</span> <span class='ocrx_word' id='word_1_162' title='bbox 1242 2703 1398 2778; x_wconf 82' lang='lat' dir='ltr'>scribam</span> <span class='ocrx_word' id='word_1_163' title='bbox 1420 2731 1530 2780; x_wconf 90' lang='lat' dir='ltr'>suum</span> <span class='ocrx_word' id='word_1_164' title='bbox 1556 2711 1630 2782; x_wconf 83' lang='lat' dir='ltr'>Ra-</span> 
     </span>
     <span class='ocr_line' id='line_1_21' title="bbox 315 2826 1630 2932; baseline -0.002 -26"><span class='ocrx_word' id='word_1_165' title='bbox 315 2831 518 2932; x_wconf 90' lang='lat' dir='ltr'>dulphum,</span> <span class='ocrx_word' id='word_1_166' title='bbox 543 2831 678 2930; x_wconf 89' lang='lat' dir='ltr'>origine</span> <span class='ocrx_word' id='word_1_167' title='bbox 705 2834 928 2919; x_wconf 88' lang='lat' dir='ltr'>Britannum,</span> <span class='ocrx_word' id='word_1_168' title='bbox 953 2826 1075 2926; x_wconf 85' lang='lat' dir='ltr'>lingua</span> <span class='ocrx_word' id='word_1_169' title='bbox 1099 2851 1211 2924; x_wconf 92' lang='lat' dir='ltr'>quam</span> <span class='ocrx_word' id='word_1_170' title='bbox 1229 2831 1349 2899; x_wconf 90' lang='lat' dir='ltr'>auimo</span> <span class='ocrx_word' id='word_1_171' title='bbox 1365 2833 1630 2928; x_wconf 84' lang='lat' dir='ltr'>promptiorem,</span> 
     </span>
     <span class='ocr_line' id='line_1_22' title="bbox 315 2949 1629 3051; baseline -0.002 -24"><span class='ocrx_word' id='word_1_172' title='bbox 315 2954 364 3028; x_wconf 90' lang='lat' dir='ltr'>ad</span> <span class='ocrx_word' id='word_1_173' title='bbox 381 2956 558 3028; x_wconf 85' lang='lat' dir='ltr'>Caesarem</span> <span class='ocrx_word' id='word_1_174' title='bbox 584 2951 741 3025; x_wconf 86' lang='lat' dir='ltr'>destinat.</span> <span class='ocrx_word' id='word_1_175' title='bbox 791 2956 822 3024; x_wconf 83' lang='lat' dir='ltr'><strong>A</strong></span> <span class='ocrx_word' id='word_1_176' title='bbox 838 2977 912 3051; x_wconf 92' lang='lat' dir='ltr'>quo</span> <span class='ocrx_word' id='word_1_177' title='bbox 928 2975 994 3049; x_wconf 92' lang='lat' dir='ltr'>per</span> <span class='ocrx_word' id='word_1_178' title='bbox 1009 2975 1186 3024; x_wconf 91' lang='lat' dir='ltr'>summam</span> <span class='ocrx_word' id='word_1_179' title='bbox 1202 2949 1436 3024; x_wconf 88' lang='lat' dir='ltr'>venerationis</span> <span class='ocrx_word' id='word_1_180' title='bbox 1454 2953 1629 3028; x_wconf 89' lang='lat' dir='ltr'>simulati-</span> 
     </span>
     <span class='ocr_line' id='line_1_23' title="bbox 316 3071 1627 3176; baseline 0.002 -27"><span class='ocrx_word' id='word_1_181' title='bbox 316 3100 423 3149; x_wconf 87' lang='lat' dir='ltr'>onem</span> <span class='ocrx_word' id='word_1_182' title='bbox 444 3095 631 3174; x_wconf 83' lang='lat' dir='ltr'>exceptus,</span> <span class='ocrx_word' id='word_1_183' title='bbox 656 3102 729 3148; x_wconf 91' lang='lat' dir='ltr'>non</span> <span class='ocrx_word' id='word_1_184' title='bbox 751 3080 868 3148; x_wconf 87' lang='lat' dir='ltr'>minus</span> <span class='ocrx_word' id='word_1_185' title='bbox 886 3075 933 3146; x_wconf 90' lang='lat' dir='ltr'>ab</span> <span class='ocrx_word' id='word_1_186' title='bbox 950 3075 1145 3147; x_wconf 87' lang='lat' dir='ltr'>Octaviano</span> <span class='ocrx_word' id='word_1_187' title='bbox 1161 3071 1441 3148; x_wconf 88' lang='lat' dir='ltr'>honorificentiae</span> <span class='ocrx_word' id='word_1_188' title='bbox 1466 3095 1627 3176; x_wconf 85' lang='lat' dir='ltr'>expertus</span> 
     </span>
     <span class='ocr_line' id='line_1_24' title="bbox 316 3196 1627 3298; baseline 0.003 -28"><span class='ocrx_word' id='word_1_189' title='bbox 316 3213 389 3287; x_wconf 86' lang='lat' dir='ltr'>est,</span> <span class='ocrx_word' id='word_1_190' title='bbox 413 3200 460 3270; x_wconf 88' lang='lat' dir='ltr'>ita</span> <span class='ocrx_word' id='word_1_191' title='bbox 481 3215 521 3270; x_wconf 92' lang='lat' dir='ltr'>ut</span> <span class='ocrx_word' id='word_1_192' title='bbox 547 3202 636 3272; x_wconf 90' lang='lat' dir='ltr'>inter</span> <span class='ocrx_word' id='word_1_193' title='bbox 659 3221 720 3272; x_wconf 89' lang='lat' dir='ltr'>eos</span> <span class='ocrx_word' id='word_1_194' title='bbox 756 3199 859 3294; x_wconf 90' lang='lat' dir='ltr'>quasi</span> <span class='ocrx_word' id='word_1_195' title='bbox 885 3196 1070 3293; x_wconf 86' lang='lat' dir='ltr'>quoddam</span> <span class='ocrx_word' id='word_1_196' title='bbox 1089 3197 1235 3272; x_wconf 87' lang='lat' dir='ltr'>culturae</span> <span class='ocrx_word' id='word_1_197' title='bbox 1255 3199 1333 3296; x_wconf 90' lang='lat' dir='ltr'>ejus</span> <span class='ocrx_word' id='word_1_198' title='bbox 1354 3197 1508 3298; x_wconf 82' lang='lat' dir='ltr'>litigium</span> <span class='ocrx_word' id='word_1_199' title='bbox 1527 3218 1627 3298; x_wconf 91' lang='lat' dir='ltr'>atque</span> 
     </span>
     <span class='ocr_line' id='line_1_25' title="bbox 316 3319 1630 3420; baseline 0.003 -28"><span class='ocrx_word' id='word_1_200' title='bbox 316 3319 522 3394; x_wconf 84' lang='lat' dir='ltr'>officiorum</span> <span class='ocrx_word' id='word_1_201' title='bbox 537 3323 713 3394; x_wconf 91' lang='lat' dir='ltr'>contentio</span> <span class='ocrx_word' id='word_1_202' title='bbox 728 3320 829 3392; x_wconf 83' lang='lat' dir='ltr'>foret.</span> <span class='ocrx_word' id='word_1_203' title='bbox 883 3323 1097 3395; x_wconf 86' lang='lat' dir='ltr'>Octavianus</span> <span class='ocrx_word' id='word_1_204' title='bbox 1115 3339 1243 3412; x_wconf 87' lang='lat' dir='ltr'>tamen,</span> <span class='ocrx_word' id='word_1_205' title='bbox 1261 3327 1316 3394; x_wconf 92' lang='lat' dir='ltr'>cui</span> <span class='ocrx_word' id='word_1_206' title='bbox 1332 3323 1630 3420; x_wconf 82' lang='lat' dir='ltr'>iniquissimorum</span> 
     </span>
     <span class='ocr_line' id='line_1_26' title="bbox 316 3442 1625 3544; baseline 0.002 -28"><span class='ocrx_word' id='word_1_207' title='bbox 316 3442 569 3544; x_wconf 87' lang='lat' dir='ltr'>suffragiorum</span> <span class='ocrx_word' id='word_1_208' title='bbox 590 3467 785 3518; x_wconf 90' lang='lat' dir='ltr'>consensus</span> <span class='ocrx_word' id='word_1_209' title='bbox 808 3447 1001 3516; x_wconf 87' lang='lat' dir='ltr'>autoritatis</span> <span class='ocrx_word' id='word_1_210' title='bbox 1027 3442 1193 3517; x_wconf 91' lang='lat' dir='ltr'>umbram</span> <span class='ocrx_word' id='word_1_211' title='bbox 1219 3443 1407 3535; x_wconf 88' lang='lat' dir='ltr'>tribuerat,</span> <span class='ocrx_word' id='word_1_212' title='bbox 1443 3451 1625 3538; x_wconf 80' lang='lat' dir='ltr'>Caesarem,</span> 
     </span>
     <span class='ocr_line' id='line_1_27' title="bbox 317 3565 1625 3665; baseline 0.003 -29"><span class='ocrx_word' id='word_1_213' title='bbox 317 3590 428 3662; x_wconf 89' lang='lat' dir='ltr'>quem</span> <span class='ocrx_word' id='word_1_214' title='bbox 450 3567 630 3665; x_wconf 85' lang='lat' dir='ltr'>majestate</span> <span class='ocrx_word' id='word_1_215' title='bbox 652 3568 783 3638; x_wconf 90' lang='lat' dir='ltr'>anteire</span> <span class='ocrx_word' id='word_1_216' title='bbox 809 3565 1017 3658; x_wconf 89' lang='lat' dir='ltr'>videbatur,</span> <span class='ocrx_word' id='word_1_217' title='bbox 1046 3567 1149 3638; x_wconf 88' lang='lat' dir='ltr'>etiam</span> <span class='ocrx_word' id='word_1_218' title='bbox 1173 3565 1343 3640; x_wconf 89' lang='lat' dir='ltr'>adulandi</span> <span class='ocrx_word' id='word_1_219' title='bbox 1363 3569 1529 3642; x_wconf 89' lang='lat' dir='ltr'>comitate</span> <span class='ocrx_word' id='word_1_220' title='bbox 1547 3571 1625 3642; x_wconf 88' lang='lat' dir='ltr'>vin-</span> 
     </span>
     <span class='ocr_line' id='line_1_28' title="bbox 316 3685 1627 3790; baseline 0.002 -31"><span class='ocrx_word' id='word_1_221' title='bbox 316 3686 432 3762; x_wconf 83' lang='lat' dir='ltr'>cebat</span> <span class='ocrx_word' id='word_1_222' title='bbox 484 3691 575 3762; x_wconf 88' lang='lat' dir='ltr'>Nam</span> <span class='ocrx_word' id='word_1_223' title='bbox 591 3688 820 3782; x_wconf 87' lang='lat' dir='ltr'>sacerdotem,</span> <span class='ocrx_word' id='word_1_224' title='bbox 844 3691 908 3788; x_wconf 90' lang='lat' dir='ltr'>qui</span> <span class='ocrx_word' id='word_1_225' title='bbox 923 3715 1005 3764; x_wconf 90' lang='lat' dir='ltr'>curn</span> <span class='ocrx_word' id='word_1_226' title='bbox 1020 3685 1216 3786; x_wconf 84' lang='lat' dir='ltr'>Radulplto</span> <span class='ocrx_word' id='word_1_227' title='bbox 1233 3686 1392 3786; x_wconf 89' lang='lat' dir='ltr'>quotidie</span> <span class='ocrx_word' id='word_1_228' title='bbox 1408 3714 1527 3764; x_wconf 90' lang='lat' dir='ltr'>sacras</span> <span class='ocrx_word' id='word_1_229' title='bbox 1541 3715 1627 3790; x_wconf 90' lang='lat' dir='ltr'>pre-</span> 
     </span>
     <span class='ocr_line' id='line_1_29' title="bbox 314 3810 1624 3912; baseline 0.003 -30"><span class='ocrx_word' id='word_1_230' title='bbox 314 3835 375 3885; x_wconf 88' lang='lat' dir='ltr'>ces</span> <span class='ocrx_word' id='word_1_231' title='bbox 393 3810 617 3904; x_wconf 89' lang='lat' dir='ltr'>decurreret,</span> <span class='ocrx_word' id='word_1_232' title='bbox 643 3811 818 3912; x_wconf 90' lang='lat' dir='ltr'>providit‚</span> <span class='ocrx_word' id='word_1_233' title='bbox 844 3837 890 3885; x_wconf 91' lang='lat' dir='ltr'>ne</span> <span class='ocrx_word' id='word_1_234' title='bbox 905 3810 1023 3885; x_wconf 88' lang='lat' dir='ltr'>divina</span> <span class='ocrx_word' id='word_1_235' title='bbox 1040 3810 1088 3882; x_wconf 88' lang='lat' dir='ltr'>ab</span> <span class='ocrx_word' id='word_1_236' title='bbox 1108 3837 1152 3884; x_wconf 89' lang='lat' dir='ltr'>eo</span> <span class='ocrx_word' id='word_1_237' title='bbox 1171 3815 1246 3885; x_wconf 91' lang='lat' dir='ltr'>sine</span> <span class='ocrx_word' id='word_1_238' title='bbox 1267 3817 1364 3886; x_wconf 91' lang='lat' dir='ltr'>socio</span> <span class='ocrx_word' id='word_1_239' title='bbox 1382 3839 1514 3912; x_wconf 89' lang='lat' dir='ltr'>parum</span> <span class='ocrx_word' id='word_1_240' title='bbox 1532 3812 1624 3887; x_wconf 89' lang='lat' dir='ltr'>cele-</span> 
     </span>
     <span class='ocr_line' id='line_1_30' title="bbox 313 3932 1627 4036; baseline -0.002 -28"><span class='ocrx_word' id='word_1_241' title='bbox 313 3932 427 4008; x_wconf 90' lang='lat' dir='ltr'>briter</span> <span class='ocrx_word' id='word_1_242' title='bbox 448 3951 646 4034; x_wconf 86' lang='lat' dir='ltr'>agerentur.</span> <span class='ocrx_word' id='word_1_243' title='bbox 705 3939 778 4008; x_wconf 90' lang='lat' dir='ltr'>Nec</span> <span class='ocrx_word' id='word_1_244' title='bbox 805 3935 931 4009; x_wconf 87' lang='lat' dir='ltr'>officiis</span> <span class='ocrx_word' id='word_1_245' title='bbox 955 3959 1037 4008; x_wconf 90' lang='lat' dir='ltr'>eum</span> <span class='ocrx_word' id='word_1_246' title='bbox 1057 3933 1209 4008; x_wconf 89' lang='lat' dir='ltr'>coluisse</span> <span class='ocrx_word' id='word_1_247' title='bbox 1228 3951 1427 4026; x_wconf 77' lang='lat' dir='ltr'>contentae,</span> <span class='ocrx_word' id='word_1_248' title='bbox 1450 3937 1627 4036; x_wconf 89' lang='lat' dir='ltr'>obsequiis</span> 
     </span>
     <span class='ocr_line' id='line_1_31' title="bbox 314 4053 1625 4158; baseline 0 -30"><span class='ocrx_word' id='word_1_249' title='bbox 314 4053 490 4129; x_wconf 88' lang='lat' dir='ltr'>beneficia</span> <span class='ocrx_word' id='word_1_250' title='bbox 505 4059 662 4131; x_wconf 91' lang='lat' dir='ltr'>sociavit.</span> <span class='ocrx_word' id='word_1_251' title='bbox 721 4055 903 4155; x_wconf 88' lang='lat' dir='ltr'>Siquidem</span> <span class='ocrx_word' id='word_1_252' title='bbox 920 4063 956 4128; x_wconf 93' lang='lat' dir='ltr'>in</span> <span class='ocrx_word' id='word_1_253' title='bbox 970 4082 1010 4128; x_wconf 91' lang='lat' dir='ltr'>re</span> <span class='ocrx_word' id='word_1_254' title='bbox 1026 4055 1145 4130; x_wconf 90' lang='lat' dir='ltr'>divina</span> <span class='ocrx_word' id='word_1_255' title='bbox 1161 4057 1299 4158; x_wconf 86' lang='lat' dir='ltr'>agenda</span> <span class='ocrx_word' id='word_1_256' title='bbox 1328 4059 1452 4132; x_wconf 88' lang='lat' dir='ltr'>annuli</span> <span class='ocrx_word' id='word_1_257' title='bbox 1477 4087 1579 4136; x_wconf 89' lang='lat' dir='ltr'>usum</span> <span class='ocrx_word' id='word_1_258' title='bbox 1595 4062 1625 4130; x_wconf 88' lang='lat' dir='ltr'>ei</span> 
     </span>
     <span class='ocr_line' id='line_1_32' title="bbox 314 4174 1624 4282; baseline 0.004 -36"><span class='ocrx_word' id='word_1_259' title='bbox 314 4174 477 4269; x_wconf 89' lang='lat' dir='ltr'>indulsit,</span> <span class='ocrx_word' id='word_1_260' title='bbox 512 4177 722 4279; x_wconf 84' lang='lat' dir='ltr'>pontificalis</span> <span class='ocrx_word' id='word_1_261' title='bbox 749 4177 881 4251; x_wconf 91' lang='lat' dir='ltr'>ordinis</span> <span class='ocrx_word' id='word_1_262' title='bbox 909 4181 1043 4278; x_wconf 80' lang='lat' dir='ltr'>insigne</span> <span class='ocrx_word' id='word_1_263' title='bbox 1068 4183 1251 4280; x_wconf 87' lang='lat' dir='ltr'>aliquanto</span> <span class='ocrx_word' id='word_1_264' title='bbox 1276 4180 1480 4254; x_wconf 88' lang='lat' dir='ltr'>obscuriori</span> <span class='ocrx_word' id='word_1_265' title='bbox 1504 4180 1624 4282; x_wconf 88' lang='lat' dir='ltr'>gradui</span> 
     </span>
     <span class='ocr_line' id='line_1_33' title="bbox 314 4299 1628 4398; baseline 0.003 -29"><span class='ocrx_word' id='word_1_266' title='bbox 314 4299 484 4375; x_wconf 86' lang='lat' dir='ltr'>tribuens.</span> <span class='ocrx_word' id='word_1_267' title='bbox 536 4308 583 4376; x_wconf 87' lang='lat' dir='ltr'>lta</span> <span class='ocrx_word' id='word_1_268' title='bbox 600 4302 745 4390; x_wconf 86' lang='lat' dir='ltr'>nescias,</span> <span class='ocrx_word' id='word_1_269' title='bbox 760 4299 875 4372; x_wconf 87' lang='lat' dir='ltr'>dantis</span> <span class='ocrx_word' id='word_1_270' title='bbox 892 4325 938 4371; x_wconf 87' lang='lat' dir='ltr'>an</span> <span class='ocrx_word' id='word_1_271' title='bbox 953 4304 1157 4398; x_wconf 85' lang='lat' dir='ltr'>accipientis</span> <span class='ocrx_word' id='word_1_272' title='bbox 1178 4303 1393 4386; x_wconf 76' lang='lat' dir='ltr'>beneficium</span> <span class='ocrx_word' id='word_1_273' title='bbox 1408 4305 1628 4380; x_wconf 89' lang='lat' dir='ltr'>ridiculosior</span> 
     </span>
     <span class='ocr_line' id='line_1_34' title="bbox 316 4419 1627 4526; baseline 0.004 -34"><span class='ocrx_word' id='word_1_274' title='bbox 316 4419 492 4497; x_wconf 84' lang='lat' dir='ltr'>dementia</span> <span class='ocrx_word' id='word_1_275' title='bbox 507 4423 619 4500; x_wconf 79' lang='lat' dir='ltr'>suerit.</span> <span class='ocrx_word' id='word_1_276' title='bbox 671 4425 792 4522; x_wconf 89' lang='lat' dir='ltr'>Hujus</span> <span class='ocrx_word' id='word_1_277' title='bbox 814 4422 933 4498; x_wconf 87' lang='lat' dir='ltr'>audita</span> <span class='ocrx_word' id='word_1_278' title='bbox 950 4423 1138 4526; x_wconf 85' lang='lat' dir='ltr'>legatione,</span> <span class='ocrx_word' id='word_1_279' title='bbox 1155 4430 1283 4524; x_wconf 86' lang='lat' dir='ltr'>Caesar,</span> <span class='ocrx_word' id='word_1_280' title='bbox 1300 4428 1463 4502; x_wconf 89' lang='lat' dir='ltr'>dolenter</span> <span class='ocrx_word' id='word_1_281' title='bbox 1476 4455 1515 4505; x_wconf 89' lang='lat' dir='ltr'>se</span> <span class='ocrx_word' id='word_1_282' title='bbox 1533 4427 1627 4502; x_wconf 84' lang='lat' dir='ltr'>diri·</span> 
     </span>
    </p>
   </div>
   <div class='ocr_carea' id='block_1_9' title="bbox 359 4745 1627 4950">
    <p class='ocr_par' dir='ltr' id='par_1_10' title="bbox 359 4745 1627 4950">
     <span class='ocr_line' id='line_1_35' title="bbox 361 4745 1627 4844; baseline 0.008 -32"><span class='ocrx_word' id='word_1_283' title='bbox 361 4745 522 4834; x_wconf 83' lang='lat' dir='ltr'>¹Henricr]</span> <span class='ocrx_word' id='word_1_284' title='bbox 539 4749 666 4816; x_wconf 83' lang='lat' dir='ltr'>Comitis</span> <span class='ocrx_word' id='word_1_285' title='bbox 688 4749 939 4836; x_wconf 81' lang='lat' dir='ltr'>Razebargensis.</span> <span class='ocrx_word' id='word_1_286' title='bbox 1001 4765 1087 4817; x_wconf 88' lang='lat' dir='ltr'>ratur</span> <span class='ocrx_word' id='word_1_287' title='bbox 1103 4751 1627 4844; x_wconf 74' lang='lat' dir='ltr'>(vtt.st111m,tttst.atnanm.t1¹·</span> 
     </span>
     <span class='ocr_line' id='line_1_36' title="bbox 359 4855 1133 4950; baseline -0.001 -24"><span class='ocrx_word' id='word_1_288' title='bbox 359 4863 506 4950; x_wconf 79' lang='lat' dir='ltr'>&#39;Neptem</span> <span class='ocrx_word' id='word_1_289' title='bbox 523 4855 617 4942; x_wconf 78' lang='lat' dir='ltr'>regis]</span> <span class='ocrx_word' id='word_1_290' title='bbox 631 4861 750 4922; x_wconf 84' lang='lat' dir='ltr'>Nomen</span> <span class='ocrx_word' id='word_1_291' title='bbox 769 4857 835 4940; x_wconf 84' lang='lat' dir='ltr'>ejus</span> <span class='ocrx_word' id='word_1_292' title='bbox 850 4858 938 4941; x_wconf 82' lang='lat' dir='ltr'>igno·</span> <span class='ocrx_word' id='word_1_293' title='bbox 1001 4881 1033 4944; x_wconf 85' lang='lat' dir='ltr'>p.</span> <span class='ocrx_word' id='word_1_294' title='bbox 1050 4857 1133 4944; x_wconf 84' lang='grc'>110).</span> 
     </span>
    </p>
   </div>
   <div class='ocr_carea' id='block_1_10' title="bbox 0 0 1758 5460">
    <p class='ocr_par' dir='ltr' id='par_1_11' title="bbox 0 0 1758 5460">
     <span class='ocr_line' id='line_1_37' title="bbox 0 0 1758 5460; baseline 0 0"><span class='ocrx_word' id='word_1_295' title='bbox 0 0 1758 5460; x_wconf 95' lang='lat' dir='ltr'> </span> 
     </span>
    </p>
   </div>
  </div>
 </body>
</html>
