3524 5460
280 329 460 440 ‚sunno
484 331 540 401 ur.
567 327 773 404 atomus
795 333 837 406 v.
868 328 1193 407 amoenantis
1208 335 1234 404 1.
1314 330 1388 406 no

132 543 272 616 niniam
300 539 452 640 perfidia
482 541 742 640 quaesiturum?
787 540 894 615 Malle
926 543 1047 640 inque
1072 545 1301 640 quantumvis
1323 543 1439 616 tristes

17 647 18 662 ¹
131 664 288 738 fortunas
304 661 486 762 excipere,
511 687 623 762 quam
640 671 795 739 maximo
811 665 916 738 famae
938 663 1253 738 dehonestamento
1277 665 1438 740 sceleru-

130 803 198 860 taut
214 787 270 860 sui
286 793 495 860 memorium
515 811 581 884 per
596 802 707 860 totum
732 803 907 860 terrarum
924 787 1051 860 orbem
1083 787 1250 885 disjicere
1281 785 1438 862 breves-

131 933 201 1007 que
217 912 319 1006 regni
337 905 473 982 fructus
489 923 620 983 aeterna
645 907 750 980 lamae
775 908 993 1007 turpitudine
1006 935 1224 1009 comparare.
1285 910 1440 984 Dimisso

132 1028 379 1122 waldemaro,
411 1029 620 1102 Lalandiam
641 1036 719 1129 ipse
740 1032 927 1104 concessit.
969 1029 1035 1102 Ubi
1052 1035 1228 1128 paucitate
1252 1031 1439 1105 satellitum

129 1181 201 1228 non
223 1171 427 1244 contentus,
452 1177 568 1226 novos
598 1150 758 1250 quotidie
782 1154 968 1250 stipatores
993 1149 1160 1240 adscivit,
1197 1151 1440 1251 clientelaeque

131 1277 327 1376 grandibus
347 1278 568 1348 incrementis
600 1291 743 1364 artatus,
776 1274 949 1372 colloquii
982 1274 1076 1346 diem
1101 1273 1172 1347 boc
1199 1282 1322 1366 tutior,
1363 1301 1439 1376 quo

131 1399 275 1490 fortior,
300 1398 577 1498 opperiebatur,
607 1414 777 1494 tanquam
802 1421 929 1495 pacem
946 1422 1029 1468 cum
1052 1395 1191 1470 aemulis
1214 1423 1257 1471 ex
1280 1405 1354 1498 pari
1375 1399 1435 1472 la-

132 1539 263 1595 cturus.
323 1523 505 1618 Tempore
527 1521 788 1619 praenominato
830 1522 990 1595 Canutus
1012 1535 1046 1592 ct
1077 1517 1327 1596 Waldemarus
1355 1547 1439 1596 curn

132 1644 228 1716 omni
242 1644 378 1715 Danica
395 1641 578 1716 nobilitate
599 1639 807 1714 Lalandiam
823 1639 1058 1715 advehuntur.
1108 1644 1212 1714 Tunc
1228 1641 1440 1717 Waldoma-

130 1790 203 1858 rus,
228 1764 333 1865 quod
354 1767 553 1839 Svenouem
571 1762 778 1836 familiarius
795 1761 1021 1860 frequentare
1044 1763 1190 1858 soleret,
1215 1789 1299 1838 cum
1315 1766 1441 1864 paucis

132 1887 278 1962 adeum
295 1887 508 1962 visitandum
522 1885 713 1978 contendit,
740 1888 880 1958 Canuto
905 1885 1015 1958 fidem
1039 1905 1214 1986 perpetua
1237 1891 1442 1988 suspicione

131 2009 330 2084 damnante.
379 2011 473 2084 Cum
494 2033 569 2108 quo
593 2011 711 2082 Sveoo
728 2010 904 2080 Canutum
920 2012 1051 2106 pariter
1067 2009 1194 2084 adosse
1208 2029 1318 2104 ratus,
1344 2014 1441 2088 sub-

132 2148 236 2208 ornat
249 2157 293 2205 er
310 2132 403 2225 suis,
429 2132 493 2232 qui
509 2133 729 2232 jurgantium
745 2155 843 2202 more
861 2155 937 2202 rem
953 2133 988 2203 in
1003 2134 1190 2233 strepitum
1205 2133 1440 2209 seditionem-

131 2263 204 2354 qu'e
228 2269 491 2345 converterent,
526 2253 752 2353 aemulosque
783 2257 915 2352 pariter
947 2253 1042 2326 ferro
1069 2254 1250 2330 violarent
1322 2262 1441 2353 Quem

131 2376 194 2448 ubi
209 2382 287 2450 sine
302 2381 401 2450 socio
419 2381 539 2449 venire
553 2382 746 2476 conspexit,
767 2376 954 2450 consilium
971 2379 1168 2470 revocavit,
1201 2403 1330 2477 purum
1345 2403 1442 2479 pro·

129 2498 262 2572 lienam
278 2498 422 2572 alterius
435 2503 511 2572 sine
527 2498 639 2573 altero
663 2502 935 2598 oppressionem
956 2499 1168 2572 existimans.
1227 2501 1440 2576 Waldemu-

128 2647 203 2713 rua,
218 2622 368 2720 cognitis
383 2619 528 2713 insidiis,
553 2621 618 2695 sed
634 2619 878 2714 dissimulatis,
909 2619 1019 2694 multa
1041 2623 1214 2697 Svenonis
1238 2623 1442 2705 adulatione

129 2759 289 2837 vexatus,
305 2769 389 2817 cum
411 2743 459 2816 ab
487 2769 532 2817 eo
558 2743 616 2816 die
639 2761 784 2842 postero
817 2743 864 2818 ad
887 2743 1058 2816 familiare
1082 2741 1304 2843 colloquium
1326 2775 1442 2848 expe-

128 2882 280 2958 teretur,
311 2891 386 2940 non
410 2865 511 2940 aliter
530 2868 670 2958 annuit,
706 2891 817 2965 quam
841 2884 881 2940 ut
904 2884 1056 2964 uterque
1079 2865 1257 2942 solitarius
1288 2869 1441 2948 adestett

128 2991 185 3062 Eo
200 3013 359 3088 namque
371 2994 534 3087 corporis
548 2988 675 3063 habitu
690 3005 778 3080 erat,
806 3005 846 3061 ut
870 3013 951 3060 cum
968 2989 1109 3062 nemine
1127 2993 1255 3064 viritim
1271 2995 1440 3093 congredi

129 3109 318 3188 dubitaret.
370 3111 541 3186 Militibus
558 3117 678 3210 itaque
694 3109 823 3208 procul
841 3109 967 3183 abesse
988 3112 1115 3210 jussis,
1149 3113 1300 3200 invicem
1317 3115 1441 3191 collo-

128 3239 212 3326 cuti,
233 3241 399 3335 proximo
414 3235 472 3308 die
487 3233 679 3308 concilium
695 3225 881 3314 aduocant.
936 3239 1039 3308 Tunc
1061 3235 1189 3326 Sreno,
1206 3236 1280 3310 sive
1296 3261 1442 3337 cogna-

129 3359 235 3432 tionis
248 3357 385 3434 fiducia
416 3363 492 3433 sive
526 3353 688 3456 tegendae
709 3354 847 3430 fraudis
861 3355 1000 3448 studio,
1028 3357 1169 3428 Canuto
1191 3365 1442 3452 consentiente,

128 3478 362 3554 Waldemaro
379 3481 644 3580 compositionis
659 3478 844 3553 arbitrium
862 3477 979 3570 tradit,
1004 3476 1244 3575 probaturum
1258 3505 1309 3570 se,
1332 3507 1442 3582 qnae-

127 3627 277 3701 cunque
309 3629 377 3703 per
405 3609 524 3704 ipsum
541 3616 761 3694 taxarentur,
800 3601 988 3674 aliinna'ns.
1048 3603 1159 3699 Igitur
1180 3601 1442 3699 waldemarus,

126 3728 220 3824 ipsis
242 3725 384 3823 sibique
408 3726 495 3825 regii
512 3726 664 3799 nominis
689 3724 922 3821 usurpatione
950 3720 1109 3814 decreta,
1139 3723 1308 3797 trifariam
1333 3733 1442 3803 totius

123 3848 232 3948 regni
255 3848 383 3923 orbem
404 3851 588 3950 partitus¹,
617 3848 720 3920 tutiae
749 3843 1038 3946 magnitudinem,
1067 3869 1139 3918 noo
1165 3849 1281 3924 minus
1300 3847 1442 3924 incola-

179 4165 415 4230 ¹Waldemarus
430 4165 580 4250 trifariam
601 4167 692 4226 totius
714 4187 758 4226 re·
811 4167 949 4250 portione
971 4187 1091 4247 regnum
1112 4171 1142 4227 t'tt
1166 4169 1225 4228 trt'a
1242 4171 1369 4254 partire}
1383 4193 1443 4256 pa·

116 4275 190 4357 gni
204 4275 295 4336 erlem
301 4267 449 4362 partitus]
462 4269 592 4332 Easdem
606 4281 709 4354 partes
725 4267 758 4329 in
815 4287 946 4354 utumque
963 4271 1091 4355 sederis
1102 4273 1245 4353 firmitate
1267 4279 1445 4338 sacrarnentt‘

116 4375 277 4440 divisione
295 4378 382 4463 regni
400 4375 610 4440 constituenda
632 4371 760 4442 Walde·
817 4379 962 4438 roborare.
1009 4379 1099 4454 ¹llaec
1125 4375 1290 4438 narrationi
1306 4369 1443 4441 'Saxonis

114 4501 221 4547 maro
241 4483 350 4547 tribuit
365 4483 492 4546 historia
513 4480 760 4564 linytlingorum,
817 4481 897 4560 haud
915 4493 1095 4564 repugnant.
1149 4475 1371 4548 Waldemarus'
1392 4508 1443 4573 au·

114 4591 216 4654 hanc
243 4611 307 4653 rem
331 4588 426 4652 fusius
453 4606 597 4651 enarrans
627 4607 659 4670 p.
680 4581 757 4648 360·
815 4599 867 4650 tor
890 4599 955 4650 erat
978 4587 1152 4669 sententiae,
1179 4609 1269 4673 quam
1292 4591 1444 4675 primores

109 4693 210 4761 363.
244 4693 334 4784 Apud
348 4699 522 4761 Svenonern
536 4695 674 4780 Aggonis
692 4694 758 4756 haec
816 4695 915 4780 regni,
931 4695 985 4780 qui
1005 4691 1141 4775 oderant,
1160 4716 1215 4759 suo
1236 4697 1354 4761 calculo
1372 4717 1443 4782 pro·

108 4805 276 4886 leguntur
294 4803 340 4888 (p.
358 4797 429 4884 62):
460 4804 572 4866 Habito
593 4805 714 4866 coneilio
731 4807 761 4864 iu
820 4801 976 4866 barerunt.

107 4909 300 4981 Lalandm,
327 4911 513 4972 decreuerunt
547 4913 655 4973 arbitri
682 4933 764 4994 aqua
