3508 5460
511 319 516 326 ι
618 271 948 346 WALDEMARUS
969 277 991 344 l.
1334 274 1409 346 825

146 479 360 576 precationis
376 446 561 548 morenos
586 499 690 550 suum
715 495 776 551 ant
799 478 925 578 populi
949 479 1080 571 latum,
1107 479 1171 554 sed
1196 479 1314 551 sutura
1337 485 1461 552 messis

146 605 360 674 incrementa
377 597 563 695 poscebat.
615 601 884 700 Consequenter
899 601 969 673 sub
988 602 1168 674 simulacri
1193 601 1336 672 nominc
1358 627 1460 696 prae-

147 739 285 800 sentem
307 719 740 813 turbamconsalntabat,
777 749 930 822 eamque
952 723 1085 798 diutius
1106 722 1154 796 ad
1178 723 1289 820 hujus
1308 727 1461 795 numinis

146 847 409 919 venerationem
425 840 551 916 sedulo
573 846 737 918 sacrificii
753 849 822 920 ritu
838 845 1080 948 peragendam
1095 845 1273 937 hortatus,
1300 850 1460 920 certissi-

72 977 78 986 ’
145 995 247 1042 rnum
262 967 376 1041 cultus
392 967 581 1064 praemium
607 973 700 1040 terrai
727 971 890 1067 marique
907 971 1088 1043 victoriam
1106 967 1345 1068 promittebat.
1398 972 1461 1041 llis

147 1107 192 1166 rta
209 1091 373 1188 peractis,
396 1089 575 1188 reliquum
604 1089 672 1161 diei
694 1089 805 1189 plenis
828 1091 978 1165 luxuriae
994 1091 1111 1190 epulis
1135 1093 1329 1190 erigentes,
1366 1093 1461 1190 ipsas

147 1213 306 1288 sacrificii
322 1212 434 1311 dapes
451 1216 486 1284 iu
500 1237 608 1285 usum
627 1215 780 1288 convivii
797 1231 830 1288 et
843 1215 939 1315 gulae
955 1215 1171 1288 nutrimenta
1187 1230 1340 1301 vertere,
1367 1238 1462 1285 con-

146 1333 444 1410 secairtasnumini
465 1337 621 1408 victimas
644 1343 920 1436 intemperantiae
948 1363 1021 1411 snae
1044 1336 1177 1410 servire
1193 1351 1372 1433 cogentes.
1423 1339 1462 1406 ln

146 1485 223 1558 qno
242 1457 353 1557 epulo
369 1457 597 1531 sobrietatem
619 1457 755 1532 violare
781 1463 880 1559 pium
906 1465 1116 1533 aestimatum
1137 1475 1207 1550 est,
1233 1483 1374 1532 servare
1391 1483 1462 1530 ne-

146 1582 201 1656 fas
225 1579 402 1655 habiturn.
452 1585 627 1654 Nummus
645 1583 692 1654 ab
711 1607 935 1682 unoquoque
953 1608 1050 1656 mare
1070 1583 1128 1656 vel
1147 1583 1294 1656 loemina
1318 1566 1462 1652 annua-

148 1707 210 1778 tim
230 1705 266 1776 in
291 1702 403 1802 hujus
421 1703 601 1776 simulacri
615 1703 750 1776 cultum
774 1704 860 1777 doni
883 1711 1028 1779 nomine
1046 1703 1285 1804 pendebatur.
1337 1701 1463 1774 Eidem

147 1851 297 1926 quoque
313 1824 513 1924 spoliorum
530 1852 572 1900 ac
590 1826 793 1925 praedarum
809 1851 893 1926 pars
914 1829 1032 1900 tertia¹
1052 1827 1302 1926 deputabatur,
1318 1823 1464 1922 perinde

148 1965 258 2048 atque
273 1949 351 2046 ejus
370 1949 535 2048 praesidio
551 1965 653 2049 parta
668 1951 888 2049 obtentaque
908 1949 1068 2023 fuissent.
1120 1952 1200 2022 Hoc
1218 1973 1367 2048 quoquc
1389 1973 1463 2018 nn-

147 2098 230 2144 men
254 2087 429 2145 trecentos
450 2098 565 2170 equos
583 2055 798 2171 descriptos,
824 2071 1046 2173 totidemque
1064 2071 1228 2146 satellites
1242 2075 1276 2142 in
1295 2075 1345 2142 cis
1364 2070 1463 2142 rnili-

148 2211 261 2268 tantes
277 2191 449 2284 babebat,
472 2221 629 2292 quorum
644 2221 750 2269 omne
764 2197 916 2286 lucrum,
942 2221 1006 2271 scu
1023 2198 1129 2268 armis
1154 2219 1219 2268 seu
1243 2196 1338 2268 furto
1357 2219 1464 2292 quac-

149 2319 274 2408 siturn,
317 2315 509 2390 sacerdotis
546 2317 716 2392 custodiae
751 2319 995 2411 subdebatur-3
1019 2321 1080 2418 qni
1118 2345 1160 2391 ex
1189 2343 1311 2393 carurn
1342 2343 1464 2390 rerum

150 2439 330 2512 manubiis
358 2438 489 2514 diversi
511 2443 651 2538 generis
676 2444 827 2540 insignia
848 2467 889 2515 ac
907 2448 1003 2515 varia
1026 2440 1243 2540 templorum
1260 2457 1464 2514 ornamenta

150 2562 347 2647 conflabat,
380 2587 496 2660 caque
516 2562 689 2638 obseratis
713 2591 876 2638 arcarum
904 2565 1065 2640 claustris
1088 2566 1294 2652 mandabat,
1322 2567 1357 2636 in
1374 2565 1462 2660 qui-

148 2687 219 2759 bus
235 2702 366 2783 practer
381 2685 623 2760 abundantem
640 2695 830 2786 pecuniam
849 2689 961 2761 multa
976 2714 1142 2787 purpura
1166 2703 1338 2762 vetustate
1361 2711 1463 2758 crosa

148 2824 316 2908 congesta
335 2807 458 2882 luerat.
508 2809 583 2882 lllic
604 2835 752 2910 quoque
769 2809 1001 2907 publicorum
1025 2835 1213 2884 munerum
1238 2836 1280 2882 ac
1300 2814 1465 2906 privato-

149 2957 229 3006 rum
247 2933 372 3030 ingens
389 2935 495 3031 copia
512 2935 715 3024 visebatur,
740 2933 906 3008 studiosis
928 2935 1103 3008 beneficia
1128 2937 1349 3033 poscentium
1375 2939 1465 3004 votis

148 3051 288 3126 collata.
341 3057 443 3128 Hanc
453 3058 574 3154 itaque
589 3073 752 3146 statuam,
774 3061 879 3132 totius
889 3057 1034 3130 Selaviae
1047 3059 1280 3156 pensionibus
1298 3034 1465 3143 culta1n2,

148 3174 286 3248 finitimi
305 3203 455 3276 quoque
473 3205 576 3280 reges
593 3205 665 3250 non
683 3180 820 3278 absque
837 3177 1011 3282 sacrilegii
1029 3198 1195 3279 respectu
1213 3179 1317 3252 donis
1333 3204 1466 3276 prose-

148 3299 360 3397 quebantur.
414 3305 530 3396 Quam
543 3305 634 3376 inter
650 3321 800 3378 caeteros
817 3304 919 3374 etiarn
938 3328 998 3374 res
1013 3305 1199 3378 Danornm
1216 3305 1353 3378 Sveno³
1373 3326 1467 3398 pro-

148 3579 312 3654 (Wandal.
330 3583 370 3660 V,
391 3579 453 3662 12),
476 3595 508 3644 ut
525 3595 637 3667 pateat,
662 3603 729 3644 enm
747 3583 777 3644 in
839 3603 930 3644 mune
951 3581 1042 3646 fuisse
1065 3583 1251 3666 populorum
1271 3579 1467 3642 finitimorum

147 3707 205 3748 sno
237 3685 343 3748 codice
369 3699 421 3748 aut
452 3691 534 3750 t'llum
577 3677 682 3772 legisse
727 3701 779 3752 ant
838 3687 1012 3766 sacrarium,
1042 3699 1073 3750 et
1093 3687 1223 3748 numinis
1244 3685 1287 3746 ibi
1310 3685 1382 3746 culti
1405 3697 1468 3746 tan-

146 3792 258 3856 saltem
281 3791 442 3877 legendum
464 3791 591 3857 duxissa.
837 3805 899 3855 tarn
919 3794 1113 3858 interSlavos
1134 3791 1225 3854 fuisse
1244 3791 1467 3864 auctoritatem,

195 3901 394 3985 ¹Spolt'orurn
430 3924 465 3961 ac
494 3903 665 3986 proedarnnt
702 3927 778 3987 pars
838 3911 872 3961 ut
894 3919 999 3963 ornnes
1028 3899 1189 3962 Slat'orum
1225 3897 1333 3981 populi
1373 3895 1468 3958 tribu-

147 4001 255 4084 tertia]
291 4007 369 4066 Hanc
405 4003 494 4065 solita
529 4003 621 4068 luisse
660 4005 778 4069 ridetur
839 4007 878 4069 tis
910 4007 958 4069 rel
986 4005 1074 4069 donis
1103 4005 1208 4067 annuis
1238 4001 1373 4064 savorem
1404 4001 1469 4080 ejus

144 4111 222 4173 deos
251 4108 291 4171 ob
320 4111 545 4192 protectionem
566 4115 780 4175 remunerandi
838 4111 1048 4176 redimendum
1091 4123 1251 4195 putarent,
1305 4107 1468 4170 identidem

145 4215 238 4278 ratio.
280 4217 479 4281 Stettinenses
496 4219 639 4301 'l'riglaro
657 4239 712 4280 sno
730 4219 779 4282 do·
839 4217 1191 4297 affirmatllelmoldns,
1214 4218 1235 4278 l.
1257 4235 1282 4276 c.
1309 4218 1330 4293 l,
1360 4211 1396 4291 ti,
1418 4210 1469 4290 δῦ,

144 4323 261 4383 cimam
281 4335 400 4404 partem
419 4325 517 4388 omnis
541 4323 655 4408 praetlae
682 4337 780 4408 captae
841 4327 877 4406 ll,
902 4323 949 4388 19.

143 4425 338 4490 offerebant.
367 4429 409 4508 (r.
427 4429 580 4512 Anonymi
604 4427 663 4492 vita
689 4425 781 4490 Otto·

141 4535 205 4596 nis.
226 4537 265 4610 ll,
286 4531 337 4596 31.
359 4534 506 4618 Lndcwig
528 4538 547 4598 l.
570 4533 610 4616 a.)
888 4537 975 4596 ³Rex
995 4538 1148 4598 Danorurn
1168 4532 1274 4612 Sarno]
1297 4535 1397 4594 Stena
1420 4533 1470 4590 ille
1512 4549 1523 4558 ·

193 4644 308 4704 ²Hanc
329 4659 460 4704 statuant
476 4645 782 4730 tctt'usSclavt'oepen-
842 4660 906 4716 rex,
925 4639 977 4723 qui
993 4661 1019 4702 a.
1044 4637 1124 4710 115]
1145 4653 1216 4724 post
1234 4639 1384 4724 proelium
1396 4639 1470 4699 Gra·

138 4749 278 4812 siortibas
294 4743 415 4826 cultam]
438 4748 600 4832 Templum
621 4749 783 4814 Stantori·
844 4743 950 4806 thenac
971 4743 1152 4809 interfectus
1173 4759 1227 4808 est.
1272 4749 1319 4808 lle
1339 4745 1395 4806 hac
1419 4739 1471 4802 do-

141 4855 191 4934 ti,
221 4839 305 4938 duod
334 4866 399 4916 erat
423 4857 563 4936 Arcana,
593 4857 678 4942 quasi
702 4877 782 4922 com·
845 4853 966 4915 natione
987 4849 1061 4914 nihil
1085 4835 1203 4916 aliunde
1226 4861 1353 4916 constat.
