3524 5460
403 379 412 402 .
503 325 722 400 svaaottt.
773 327 979 400 CANUTUS
995 327 1035 398 V.
1111 381 1116 390 .
1291 333 1365 404 677

9 603 10 606 ,
110 535 231 636 plena,
252 539 409 611 tentoriis
429 538 626 626 instruunt,
667 533 881 609 vacuitatem
915 535 1136 612 umbraculis
1173 536 1417 616 obscurantes.

9 707 10 718 κ
107 665 165 734 Usi
182 676 266 736 suut
283 657 402 733 stallo
417 685 491 732 uon
508 664 645 732 minore
661 656 874 730 mentiendas
893 655 1016 732 classis
1031 662 1184 758 ingenio.
1245 665 1417 740 Noctibus

106 788 200 856 euim
221 785 324 856 tacita
332 784 568 881 ·navigationc
586 781 624 852 in
645 778 757 853 altum
779 795 990 879 pergentes,
1022 780 1180 858 diluculo
1202 785 1416 883 referuntur,

107 911 296 1006 imaginem
309 907 457 978 recentis
480 903 602 980 classis
628 918 663 976 et
688 904 1014 1001 supervenientium
1032 904 1244 1002 auxiliorum
1265 909 1414 1010 effigiem

107 1029 302 1126 praebituri.
353 1024 423 1101 Sed
438 1026 566 1100 crebro
582 1023 619 1098 id
636 1031 818 1124 agentium
835 1025 965 1098 frustra
985 1024 1154 1102 calliditas
1169 1028 1245 1102 fuit.
1297 1035 1415 1104 Inter-

107 1174 147 1230 ca
180 1152 293 1224 Danis
326 1148 550 1224 obsidionem
586 1147 817 1246 urgentibus¹
853 1173 978 1225 corum
1004 1148 1126 1224 classis
1149 1154 1294 1252 piratico
1316 1151 1415 1226 bello

107 1275 297 1346 nunciatur
317 1296 501 1372 oppressa.
553 1273 630 1347 Hac
647 1269 742 1342 lamo
758 1275 933 1362 revocati,
964 1276 1137 1369 correptis
1159 1275 1300 1346 navium
1324 1272 1415 1348 reli-

107 1399 210 1494 qniis,
233 1395 600 1496 Rugianos,resistcre
624 1389 874 1485 formidantes,
906 1411 1014 1492 portu
1031 1395 1256 1495 propellunt,
1291 1398 1415 1470 socio-

106 1543 260 1618 rumque
273 1533 430 1616 stragem
451 1515 538 1616 luga
551 1513 706 1590 bostium
733 1513 970 1605 ulciscuntur,
996 1518 1045 1590 ob
1065 1519 1329 1592 interfectorum
1346 1545 1415 1592 ca-

108 1639 235 1715 davera
254 1664 384 1739 parum
402 1636 522 1710 adhuc
538 1635 730 1738 navigabili
748 1654 872 1734 ponto.
933 1641 1085 1713 Svenoni
1100 1667 1204 1734 vero,
1229 1642 1322 1730 navi,
1341 1669 1415 1742 qua

108 1779 264 1854 venerat,
287 1755 454 1862 spoliato,
478 1785 580 1836 suam
596 1760 721 1833 cedere
741 1762 899 1834 Cauntus
918 1760 1130 1836 liburnicam
1153 1765 1275 1838 voluit.
1343 1765 1414 1839 Sed

107 1903 271 1985 suspecta
294 1884 414 1959 aemuli
431 1883 655 1958 humanitas²
676 1898 759 1975 erat,
778 1882 1015 1982 oblatumque
1030 1886 1219 1960 notabatur
1234 1887 1414 1987 obsequi-

107 2033 177 2081 um.
250 2012 340 2080 Nam
371 2031 454 2080 cum
476 2009 556 2105 ejus
579 2023 696 2106 partes
735 2004 930 2080 incolumes
964 2031 1122 2106 suasque
1146 2011 1413 2109 propemodum

107 2129 294 2204 exhaustas
311 2128 458 2222 videret,
483 2129 600 2204 alieno
622 2130 766 2228 navigio
789 2127 943 2201 reditum
963 2133 1114 2228 experiri
1137 2131 1225 2206 fisus
1250 2161 1325 2208 nou
1351 2153 1413 2211 est.

106 2251 303 2328 Slesvicum
319 2252 497 2345 devectus,
522 2253 702 2352 interiecto
721 2269 902 2351 tempore,
927 2255 1028 2350 prior
1044 2255 1182 2328 Canuto
1200 2255 1413 2332 Sialandiam

105 2391 271 2474 occupat,
287 2375 597 2474 lloskildiamquc,
610 2375 783 2448 moenium
800 2375 958 2473 inopem,
971 2374 1185 2474 receptaculi
1200 2382 1312 2476 gratia
1329 2379 1412 2455 ral-

105 2498 142 2570 lo
163 2499 336 2598 fossaque
360 2468 615 2597 complectitur.
670 2499 783 2594 Cujus
813 2493 973 2568 custodia
997 2496 1143 2570 Ebboni
1167 2499 1351 2593 mandata,
1376 2505 1413 2576 in

105 2623 267 2696 Scaniam
282 2627 409 2722 pergit.
461 2625 620 2694 Canmm
636 2645 737 2710 vero,
753 2617 992 2692 Scauicnsium
1013 2617 1153 2692 damnis
1167 2621 1321 2720 benigne
1347 2649 1412 2698 se·

104 2769 187 2818 eum
204 2770 226 2818 a
241 2744 380 2820 fortuna
395 2761 515 2817 actum
534 2744 746 2834 existimaus,
768 2763 920 2842 eamque
938 2757 1074 2816 tantum
1091 2744 1158 2816 sibi
1182 2747 1310 2820 virium
1339 2746 1411 2820 ad-

9 2939 12 2958 ,
104 2865 249 2958 didisse,
278 2884 451 2965 quantum
467 2863 598 2938 aemulo
616 2863 864 2962 dempsissee,
877 2875 1058 2962 reputans,
1081 2892 1128 2940 ne
1148 2892 1204 2940 res
1223 2869 1300 2966 ejus
1317 2894 1411 2966 pro-

103 2997 196 3062 xima
214 2987 318 3082 clade
334 3005 521 3088 corruptas
553 2990 624 3064 otio
654 2993 803 3060 recreari
826 2993 1060 3086 permitteret,
1086 2987 1315 3084 Sialandiam,
1340 3008 1410 3066 tam

103 3112 173 3184 sibi
189 3137 302 3210 quam
319 3110 413 3186 hosti
428 3110 576 3187 dividua
598 3134 669 3208 ope
683 3108 901 3203 santiliarem,
926 3113 1015 3184 lutis
1028 3113 1209 3210 praecipue
1223 3113 1334 3188 fretus
1351 3120 1411 3186 in-

103 3233 280 3334 greditur,
305 3240 336 3308 ei
353 3237 578 3334 potissimum
597 3255 773 3306 cessuram
791 3247 910 3323 ratus,
930 3255 1042 3332 aquo
1062 3237 1220 3332 primum
1236 3255 1412 3336 occupata

100 3355 239 3432 fuisset.
298 3360 369 3432 Ubi
399 3374 603 3457 comperto,
635 3353 856 3429 Roskildiam
884 3353 1073 3430 descivisse
1113 3373 1306 3458 portasque
1332 3364 1435 3458 sibi,

97 3479 258 3554 Ebbonc
272 3480 347 3555 filio
365 3481 574 3555 Slialmonis
591 3495 726 3572 autore,
741 3476 921 3567 clausisse,
941 3480 1122 3554 Sunonem
1138 3479 1329 3581 quendam,
1344 3509 1412 3557 so-

95 3603 132 3702 la
152 3601 369 3704 loquacitate
384 3605 593 3704 insignem⁴,
607 3627 674 3682 nec
691 3619 764 3676 tam
778 3601 925 3676 consilio
939 3627 1089 3702 gnarum
1106 3627 1217 3702 quam
1234 3633 1412 3686 amaeuum

95 3725 271 3829 eloquio,
296 3730 362 3826 qui
384 3751 462 3803 eam
488 3726 535 3800 ad
560 3723 778 3800 deditionem
793 3723 1004 3817 hortaretur,
1026 3729 1212 3823 premittit.
1270 3734 1303 3804 Is
1327 3756 1411 3804 cum

146 4045 367 4108 ¹Obsr‘dcbuem
389 4043 571 4132 urgentrbus]
597 4041 655 4106 Ed.
683 4063 731 4128 pr.
834 4036 1047 4131 'Dempstisess
1062 4043 1106 4105 ltu
1122 4041 1312 4127 stephanius.
1353 4047 1410 4110 Ed.

89 4151 198 4216 habet
220 4153 397 4223 arcentibus,
418 4149 502 4237 qnod
515 4167 634 4214 sensum
653 4169 732 4232 prae·
789 4173 835 4236 pr.
847 4149 940 4213 babet
954 4152 1147 4238 depressisset.
1239 4207 1244 4216 .

88 4258 152 4322 bet
177 4256 414 4325 incommodam.
834 4257 999 4319 ⁴Sunonem
1019 4257 1173 4340 quendem,
1192 4259 1256 4320 sola
1284 4261 1410 4344 loqueci-

790 4377 851 4424 tate
873 4359 1027 4445 marginem]
1049 4365 1141 4424 Hunc
1161 4363 1315 4426 Sauonem
1333 4366 1410 4429 Sab-

138 4469 315 4554 ²Suspecta
329 4469 427 4530 oemnlr'
441 4463 620 4546 humanitem]
644 4469 732 4528 Hanc
788 4467 865 4528 mins
887 4466 927 4530 ob
953 4467 1082 4529 nominis
1102 4466 1327 4532 similitudinem
1349 4470 1411 4534 fra-

83 4571 230 4659 quidem
247 4573 400 4656 repulsam
420 4595 437 4634 a
456 4577 596 4638 Sreuone
613 4568 731 4635 Canato
790 4585 869 4636 trem
882 4569 957 4634 facit
970 4571 1116 4634 Ebbonis.
1164 4572 1196 4635 Si
1213 4585 1313 4636 autem
1326 4579 1410 4639 Suco

82 4680 214 4744 &tam
226 4680 475 4744 commemoravit
496 4676 733 4744 catorbistoriae
789 4677 868 4740 filius
897 4675 1003 4740 suisset
1024 4677 1222 4758 Slialmonis,
1252 4678 1311 4744 boc
1324 4685 1410 4764 ,Saxo

77 4786 342 4870 asparagorum
358 4783 501 4870 (pasc),
521 4786 592 4848 unu
605 4783 681 4846 nisu
697 4783 734 4846 ae
792 4784 841 4847 aa
861 4783 1024 4865 omisisset,
1046 4805 1102 4849 nee
1123 4769 1301 4850 consenum
1325 4811 1411 4870 qu...-
1457 4793 1458 4798 Ν

77 4891 197 4960 clade
211 4892 312 4956 classis
333 4894 459 4957 Danicoe
474 4893 533 4979 ipsi
554 4891 734 4954 conditerit.
792 4892 861 4953 dom
873 4893 1015 4955 Sunonem
1028 4893 1218 4978 appellasset.

1117 4993 1178 5092 aa
1191 4995 1219 5088 a
