3524 5460
376 281 452 362 674
699 281 876 359 fltstott.
891 281 996 356 ΒΑΝ.
1011 281 1148 360 LIBER
1163 283 1254 358 XIV.

323 515 394 591 net,
420 513 460 570 ut
477 491 544 570 soli
560 508 704 568 caeteras
725 495 912 568 Danomm
931 498 1026 568 vires
1042 489 1269 582 obtriverint,
1300 505 1341 564 ut
1357 492 1452 592 patri
1475 491 1556 591 ejus
1583 488 1633 564 ad

323 637 517 696 extremam
536 639 641 714 prece
658 613 943 712 desperationem
956 611 1103 688 redacto
1124 611 1284 714 nihilque
1302 631 1434 714 praeter
1449 615 1633 688 interitum

321 739 540 845 praestolanti
556 738 743 838 imperium
757 735 940 827 dederint3
966 735 1214 836 obsecratque,
1241 733 1469 828 humanitate,
1492 761 1566 836 qua
1579 735 1633 808 il-

323 867 400 940 lum
423 877 649 961 exceperant,
671 857 786 934 filium
812 873 1086 960 prosequantur.
1153 859 1205 930 lta
1224 856 1513 991 {alandensium
1536 856 1632 932 affe-

281 1041 283 1044 -
323 1006 421 1063 ctum
443 981 611 1074 indicans,
645 981 710 1058 sed
734 984 868 1058 factum
890 986 1058 1074 reticens,
1091 981 1429 1056 omnium'Svenoui
1463 980 1632 1082 suffragia

322 1109 552 1200 conciliavit¹,
582 1131 676 1207 quos
698 1104 745 1179 ad
769 1105 868 1180 hunc
893 1106 1054 1180 favorem
1097 1129 1170 1178 non
1201 1102 1318 1176 solum
1353 1099 1633 1178 Sialandeusium

321 1237 472 1335 legatio,
506 1227 570 1304 sed
595 1231 698 1302 etiarn
720 1228 876 1327 propriae
902 1253 1031 1302 eorum
1059 1228 1192 1301 virtutis
1224 1230 1396 1301 memoria
1420 1222 1632 1310 concitabat.

322 1362 483 1432 Canutus
500 1377 650 1451 quoque
667 1348 795 1424 eodem
810 1375 830 1422 a
846 1351 938 1423 Jutis
954 1349 1094 1425 bonore
1107 1332 1328 1449 provehitur,
1351 1346 1633 1448 indignantibus,

322 1485 520 1558 Svenonetn
538 1475 722 1550 temeraria
737 1478 886 1572 geminae
902 1473 1085 1548 concionis
1101 1471 1250 1546 audacia
1273 1475 1411 1572 regium
1433 1498 1634 1572 occupasse

323 1598 555 1680 vocabulum.
578 1689 583 1707 .
606 1595 694 1672 lude
708 1595 933 1684 Sialandiam,
951 1592 1127 1694 potiendae
1142 1597 1222 1699 ejus
1236 1593 1395 1688 libidine,
1408 1594 1534 1672 iisdem
1550 1597 1632 1672 fre-

320 1744 378 1802 tus
401 1721 548 1796 accedit.
600 1723 684 1794 Post
696 1717 778 1793 baec
792 1721 983 1792 maximum
1000 1716 1207 1815 pontificem
1234 1717 1422 1810 Eslrillum,
1449 1719 1632 1796 eundem-

321 1873 395 1948 que
410 1845 641 1920 Svenonianoe
657 1844 765 1942 partis
782 1839 968 1932 fautorem,
983 1795 1132 1916 occilltis
1150 1837 1197 1912 ad
1212 1837 1446 1916 deiectionem
1466 1855 1538 1942 pro
1579 1846 1587 1862 '

322 1973 369 2048 sis
391 1962 547 2066 impettu
614 1964 756 2057 Quibus
782 1970 944 2040 incensus
972 1967 1112 2036 antistes
1146 1966 1284 2040 Canuto
1307 1990 1374 2064 per
1399 1869 1632 2042 internum-s

322 2091 477 2182 mandat,
502 2087 615 2164 classe
631 2090 794 2162 Soaniam
816 2101 929 2185 petat,
940 2130 942 2139 ‚
954 2111 1065 2186 seque
1083 2084 1170 2160 belli
1188 2088 1325 2162 socium
1341 2086 1538 2187 pollicetur.
1587 2095 1634 2164 Ut

310 2233 441 2292 «autem
458 2217 678 2289 occasionem
689 2210 763 2406 ,t
788 2211 1001 2285 transitionis
1018 2213 1253 2286 conscisceret
1278 2234 1321 2283 ac
1339 2208 1520 2286 lubricum
1547 2211 1631 2286 fidei

322 2363 398 2415 suae
413 2334 631 2410 rationabilis
645 2358 684 2407 ca
784 2332 883 2408 titulo
901 2331 1094 2424 coloraret,
1119 2347 1283 2430 acceptas
1306 2357 1328 2404 a
1348 2332 1512 2408 Svenone
1526 2335 1632 2436 inju-

321 2466 391 2538 rias
405 2459 514 2560 fingit,
530 2473 564 2532 et
580 2458 685 2556 quasi
700 2477 784 2530 cum
808 2479 854 2530 eo
871 2459 1150 2532 controversiam
1166 2457 1328 2544 initurus,
1343 2461 1531 2532 contractis
1544 2458 1631 2532 ool-

321 2586 433 2685 loquii
448 2579 669 2656 simulatione
684 2579 862 2671 militibus,
885 2577 1075 2670 Lundiam,
1091 2605 1175 2678 quac
1190 2595 1224 2654 et
1240 2580 1440 2672 Svenonem
1461 2576 1632 2674 habebat,
1755 2655 1756 2668 ,

321 2707 452 2810 petivit.
503 2703 573 2777 Ubi
586 2701 674 2776 dum
691 2703 956 2800 compositionis
972 2704 1114 2802 negotia
1137 2698 1229 2776 {also
1247 2718 1431 2800 geruntur,
1453 2705 1631 2780 canutum
1755 2689 1756 2700 ἵ

323 2857 366 2906 ex
382 2831 442 2922 iis,
467 2849 562 2925 quos
580 2821 627 2898 ad
643 2820 905 2922 speculandum
921 2825 999 2922 ejus
1022 2822 1217 2900 adventum
1234 2826 1472 2923 premiserat,
1504 2827 1631 2906 adesse

322 2952 515 3051 cognoscit.
573 2949 648 3020 Nec
669 2945 890 3044 colloquium
925 2943 1065 3022 solvere
1098 2963 1275 3039 moratus,
1309 2951 1470 3048 ignotum
1496 2953 1634 3028 caeteris
1754 2955 1755 3005 ἶ

323 3075 512 3150 consilium
540 3095 648 3146 suum
672 3067 799 3142 eadem
818 3067 910 3144 bora
926 3086 1071 3169 repente
1093 3067 1231 3148 detexit.
1313 3071 1509 3171 Siquidem,
1531 3073 1632 3149 elatis

322 3197 443 3300 signis,
461 3196 631 3293 precipiti
647 3198 682 3266 in
698 3191 792 3266 littus
809 3196 963 3292 equitatu
981 3194 1166 3270 contendit.
1219 3198 1331 3295 Cujus
1346 3194 1538 3270 adveutum
1554 3199 1634 3270 Ca-
1753 3261 1754 3297 ,

324 3337 431 3396 nutus
458 3316 679 3414 navigatione
703 3339 936 3412 praecurrens,
960 3317 1065 3392 littori
1086 3319 1209 3416 copias
1226 3315 1398 3394 mandare
1415 3316 1540 3406 noluit,
1566 3319 1635 3394 sed

324 3449 361 3518 in
382 3443 492 3516 altum
506 3423 646 3536 navigia
669 3439 840 3536 rejiciens,
859 3438 1026 3514 damnata
1051 3443 1279 3538 promissoris
1299 3441 1392 3532 fide,
1418 3441 1636 3516 Sialandiam

324 3567 475 3641 revertit.
524 3565 576 3634 lta
596 3562 960 3658 proesensconsilium
970 3617 980 3656 ,
1004 3591 1077 3638 non
1095 3563 1305 3638 cedentibus
1320 3590 1362 3637 ex
1378 3569 1549 3640 sententia
1564 3594 1636 3642 re-

322 3689 407 3782 bus,
430 3686 572 3762 tortum
588 3684 729 3764 delusit.
782 3689 897 3760 Sveno
914 3711 1012 3782 vero,
1034 3705 1287 3786 properantem
1310 3686 1359 3760 ab
1374 3687 1467 3764 urbe
1481 3690 1638 3787 pontifi·
1751 3719 1752 3746 ¹

323 3838 402 3890 cem
415 3807 637 3905 subsecutus,
660 3827 890 3888 revertentem
904 3809 1004 3886 bello
1019 3815 1199 3909 superat²,
1215 3825 1440 3910 captumque,
1454 3813 1539 3912 quia
1554 3839 1639 3913 pu-

371 4121 668 4206 'Sueaom'suffragia
681 4113 861 4196 conrrliaot't]
872 4117 949 4180 Cum
1054 4117 1172 4180 ’Sarno
1188 4119 1356 4212 poatfieqm
1373 4113 1508 4206 superat]
1532 4119 1641 4182 Hasce

324 4222 460 4288 hisbene
474 4224 660 4309 conspirant,
677 4247 747 4310 quae
762 4222 869 4307 paucis
881 4241 948 4286 ver·
1005 4218 1114 4283 Estitti
1130 4241 1199 4286 curn
1220 4225 1361 4288 Svenone
1385 4223 1559 4290 inimicitias
1579 4249 1641 4290 an·
1749 4217 1750 4224 ἵ

254 4361 257 4368 ·
323 4329 372 4394 bia
394 4330 432 4396 de
458 4332 608 4396 electione
632 4330 781 4396 Stenonis
805 4331 949 4414 leguntur
1006 4329 1089 4392 cales
1103 4327 1515 4416 ethismriattnyuingorun
1534 4332 1642 4396 serius

308 4437 588 4521 aptast-anonam
602 4439 739 4523 Aggonis
753 4461 785 4523 p.
800 4433 948 4516 namna·
1003 4447 1132 4520 ponunt.
1194 4433 1256 4498 Sed
1279 4435 1344 4521 ipsa
1366 4438 1411 4500 rei
1430 4449 1525 4522 geste
1550 4436 1642 4502 ratio

325 4565 447 4625 aymam
461 4543 651 4610 Roaltildena.
664 4545 777 4630 Script.
792 4563 851 4610 rer.
866 4547 945 4608 Dan.
1004 4541 1121 4627 arguit,
1150 4541 1189 4606 ad
1211 4542 1298 4608 initia
1320 4545 1395 4610 belli
1416 4542 1513 4608 civilia
1535 4547 1645 4629 parti·

302 4647 455 4734 uvollp.
468 4645 540 4729 366,
560 4649 593 4711 in
613 4650 770 4716 annalibus
783 4655 947 4716 Earometa·
1002 4668 1084 4714 nera.
1132 4653 1212 4714 tum
1235 4650 1316 4716 sulm
1339 4649 1443 4718 odium
1462 4650 1648 4728 santensi-

323 4753 407 4820 sibns
430 4753 503 4818 ibid.
519 4780 550 4842 p.
576 4749 657 4840 att,
688 4757 835 4824 chronico
862 4755 946 4822 Erici
1005 4775 1057 4818 um
1079 4753 1215 4821 nondum
1244 4757 1385 4844 pluribus
1403 4757 1520 4846 praettn
1547 4775 1647 4824 eom·

325 4859 399 4928 ibid.
416 4885 448 4950 p.
464 4855 534 4928 162.
1006 4860 1103 4930 naria
1124 4861 1158 4928 in
1179 4863 1268 4933 tuto·
1294 4877 1465 4946 mrtem,
1479 4877 1512 4932 ot
1531 4865 1651 4932 muit-
