3582 5466
358 295 433 374 584
698 295 1146 368 testamentalem
1165 297 1223 366 Xl.

314 535 408 600 eum,
423 506 734 607 quodneglectum
756 518 835 576 ante
861 505 1083 579 severitatem
1109 505 1212 576 novis
1236 501 1376 602 legibus
1407 503 1622 590 restituisset,

312 631 452 712 civibus
468 633 619 704 invimm
633 626 935 714 animadverteret,
960 653 1035 725 quo
1053 625 1176 700 odium
1192 626 1271 722 ejus
1295 621 1508 698 cumulatius
1531 623 1624 697 red·
1663 615 1666 622 ’

1770 463 1771 532 l

315 753 426 842 deret,
451 751 552 852 quod
566 749 709 848 publice
725 748 939 847 displiceret,
965 752 1131 846 privatim
1158 750 1284 844 exequi
1308 746 1522 822 stimulabat.
1581 748 1626 823 Et

315 901 360 964 ne
378 873 476 950 solus
495 873 638 946 insidias
659 871 831 963 volveret,
845 870 935 946 lecta
951 874 1128 962 societate,
1153 869 1379 946 clandestinae
1396 869 1622 966 conjuratio·
1770 865 1771 870 ’

316 999 700 1088 niscoetnminstruxit.
755 999 827 1068 Nec
842 995 973 1069 frustra
993 999 1171 1096 ingenium
1187 995 1260 1068 fuit
1322 993 1465 1089 Quippe
1483 994 1627 1088 primo·-

316 1143 383 1212 res,
408 1145 566 1218 quorum
586 1118 749 1192 violentia
766 1120 871 1216 regiis
886 1119 1127 1194 sanctionibus
1144 1133 1262 1192 retusa
1280 1115 1406 1206 luerat,
1424 1112 1627 1211 parricida·
1770 1109 1771 1196 l

315 1241 460 1316 liscum
479 1240 594 1315 Olnvo
621 1241 795 1338 propositi
818 1245 1037 1316 consortium
1062 1242 1277 1316 habuerunt.
1347 1239 1507 1312 Canutus
1528 1262 1627 1326 vero,
1770 1227 1771 1234 ἵ

317 1369 477 1440 omnium
493 1367 629 1438 animos
650 1363 776 1462 gloriae
807 1369 919 1463 magis
952 1390 1061 1462 quam
1089 1363 1214 1440 sceleri
1241 1367 1391 1435 intentos
1415 1360 1630 1446 existimans,

317 1488 488 1583 imperata
512 1483 641 1574 classe,
666 1487 804 1583 Lymici
834 1490 941 1562 maris
981 1491 1053 1562 oris
1070 1485 1277 1578 advehitur,
1318 1510 1338 1556 a
1374 1508 1450 1580 quo
1479 1481 1628 1556 brevis·-

317 1609 427 1682 simus
451 1611 487 1678 in
511 1611 691 1680 Oceanum
713 1610 880 1692 mansites
902 1626 1020 1708 patet,
1055 1609 1240 1708 quondam
1271 1608 1418 1704 navigiis
1446 1607 1629 1702 pervius¹‚

318 1755 413 1806 nunc
431 1753 515 1804 vero
532 1732 711 1828 interjecta
726 1755 914 1808 arenarum
929 1731 1025 1808 mole
1039 1733 1247 1830 praeclusus.
1317 1733 1384 1804 Hic
1411 1753 1472 1800 rex
1496 1726 1628 1802 irater-

280 1909 283 1916 .
318 1877 406 1926 num
430 1850 491 1924 diu
510 1852 734 1949 prestolatus
756 1853 968 1954 adrentum,
992 1853 1184 1955 navigandi
1208 1853 1430 1926 cunctatione
1455 1851 1629 1922 exercitus

320 1973 495 2048 alacritate
520 1991 574 2046 est
597 1981 797 2050 excussus².
856 1981 946 2050 Nam
962 1979 1107 2068 Oleros,
1130 1973 1268 2062 reddita
1290 1970 1460 2048 tarditatis
1483 1974 1630 2064 ratione,

320 2094 484 2169 veniendi
500 2119 638 2170 moram
654 2096 767 2171 indies
783 2103 949 2190 extraxit,
974 2116 1289 2195 commentumque
1315 2092 1496 2170 cassandae
1514 2119 1631 2192 expe-

320 2215 459 2291 ditionis
474 2219 712 2317 excogitaus3,
737 2220 900 2296 alimenta
924 2221 1084 2321 perfidiae
1110 2219 1270 2306 mendaci
1293 2217 1631 2317 impedimentorum

322 2338 545 2416 simulatione
560 2341 756 2438 quaerebat,
782 2369 825 2417 eo
844 2369 982 2422 moram
1001 2343 1138 2418 trahere
1156 2345 1314 2441 cupiens,
1343 2339 1459 2416 donec
1482 2355 1541 2412 aut
1563 2363 1630 2412 re-

319 2485 403 2559 gem
417 2465 491 2535 sine
507 2487 552 2534 eo
572 2463 854 2560 proficiscentem
877 2470 1017 2541 interim
1031 2469 1110 2566 ipse
1133 2491 1245 2565 regno
1270 2469 1444 2562 privaret,
1469 2448 1529 2536 rel
1550 2481 1632 2534 tar-

320 2581 427 2658 ditate
457 2611 672 2683 suspensum
708 2596 861 2664 exercitu
893 2589 1132 2678 destitueree,
1160 2614 1295 2685 rexque
1322 2585 1378 2658 vel
1407 2585 1634 2660 desertorum

319 2707 529 2806 impunitate
553 2709 782 2808 despicabilis
807 2709 866 2786 vet
893 2737 1000 2809 poetta
1027 2716 1162 2786 cunetis
1190 2717 1325 2791 invisus
1347 2707 1522 2788 eraderet.
1582 2705 1633 2778 ltu

321 2846 354 2904 et
372 2835 513 2904 tratrem
536 2847 571 2902 ct
588 2830 775 2906 dominum
798 2833 969 2908 adventus
992 2837 1047 2907 sni
1075 2839 1300 2910 cunctatione
1323 2833 1529 2922 ludificans,
1556 2849 1632 2906 tam

320 2956 429 3028 valroe
447 2957 591 3053 tatnqne
607 2953 784 3030 insidiosae
802 2958 944 3030 rationis
965 2973 1164 3036 commento
1182 2960 1345 3056 generosi
1362 2983 1404 3032 ao
1420 2959 1519 3033 fortis
1536 2979 1633 3053 pro-

211 3057 214 3072 ’
321 3081 425 3174 positi
448 3076 661 3150 molitionem
684 3077 862 3154 subruere
885 3078 1089 3153 conabatur.
1148 3085 1221 3156 Nec
1239 3107 1319 3154 eum
1342 3079 1471 3156 callida
1496 3075 1634 3150 consilii

321 3206 409 3276 ratio
429 3197 559 3273 fefellit.
613 3204 700 3274 Nem
717 3217 824 3276 tutan
845 3226 926 3300 rege
939 3200 1075 3290 classis,
1098 3202 1248 3278 lastidita
1264 3207 1341 3302 ejus
1362 3207 1633 3300 exspectatione,

368 3486 376 3518 ¹
392 3483 547 3566 Quondam
564 3491 691 3568 navigiis
707 3481 840 3572 perteus]
862 3488 946 3546 Mens
1001 3479 1065 3564 sus]
1079 3487 1188 3547 Sensus
1203 3495 1262 3545 est:
1283 3487 1354 3548 ,Rex
1370 3483 1517 3545 dilatione
1541 3503 1634 3566 expc-

320 3587 447 3650 Saxonis
468 3587 516 3649 rix
539 3589 605 3652 haec
631 3603 694 3666 est,
723 3601 813 3652 aetate
836 3592 945 3654 Canuti
1002 3587 1123 3652 ditionis
1136 3590 1245 3654 alacris
1263 3591 1394 3654 miiitum
1411 3589 1507 3653 studia
1524 3590 1634 3652 amisit.

321 3692 482 3756 transitum
512 3715 568 3780 per
600 3696 698 3758 sinum
725 3699 879 3778 Lymicurn
905 3697 944 3760 ad
1046 3693 1270 3782 'Excogitand
1293 3700 1338 3758 lta
1359 3696 1557 3782 Stephanium
1584 3695 1635 3758 ed.

322 3791 476 3864 Oceanum
496 3804 643 3882 patuisse3
671 3823 738 3864 nam
761 3823 840 3864 anno
863 3799 952 3894 1061!
999 3803 1326 3888 pahabetexogitans,
1340 3801 1534 3888 quodminus
1550 3822 1634 3866 eom·

320 3906 470 3970 Harnldus
484 3911 614 3970 Seterus
627 3908 693 3970 sinu
706 3910 829 3990 lrymico
849 3909 945 3972 incln·
1001 3909 1125 3972 modum
1138 3909 1267 3972 videtur.

320 4031 369 4073 sus
391 4013 508 4076 nullum
530 4014 622 4078 alium
649 4013 686 4075 ad
709 4015 863 4080 Oceanum
885 4016 946 4076 exi·
1047 4020 1209 4078 ‘Ereret'tu
1227 4012 1409 4096 destitueret]
1432 4007 1515 4076 Edit.
1535 4015 1637 4101 princ.

321 4127 384 4179 turn
401 4119 537 4182 invenire
549 4122 662 4204 potuit,
687 4121 742 4182 nisi
757 4120 874 4203 navigia
890 4139 946 4203 per
1002 4118 1094 4182 habet
1134 4127 1308 4194 exercitum,
1354 4120 1504 4183 sententia
1539 4121 1637 4196 nulia,

320 4221 464 4286 isthmum
490 4239 651 4310 angustum
676 4224 826 4288 trahendo
854 4225 949 4304 (Hist.
1004 4237 1105 4288 orium
1127 4246 1162 4288 ex
1183 4227 1323 4312 proximo
1346 4249 1522 4312 suspensum.
1569 4227 1637 4294 Ant

321 4349 384 4414 reg.
397 4333 529 4414 Norrcg.
544 4337 583 4400 111
597 4355 628 4420 p.
644 4313 725 4414 tte).
754 4330 844 4396 Haud
858 4331 948 4396 dubie
1004 4350 1071 4394 cum
1086 4335 1252 4416 stephanio
1277 4331 1437 4417 legendum
1458 4343 1504 4394 est
1524 4337 1637 4396 exerci-

321 4438 432 4498 Nosiet·
461 4438 538 4504 nihil
579 4437 659 4502 aliud
694 4437 797 4502 dicere
842 4439 948 4516 voluit,
1005 4456 1051 4510 tu,
1072 4449 1106 4500 ut
1124 4439 1279 4502 desttlucre
1295 4439 1335 4502 sit
1348 4444 1483 4524 privare,
1500 4437 1637 4500 insolen-

282 4607 288 4619 ,
320 4565 411 4628 quam
424 4544 508 4622 olim,
527 4547 558 4607 ln
576 4564 649 4607 cana
667 4543 795 4608 forsitan
815 4547 945 4630 antiqui·
1001 4544 1059 4606 tius
1073 4543 1209 4620 omnino,
1223 4557 1275 4606 aut
1290 4544 1391 4630 potius
1405 4549 1561 4615 exereitus,
1574 4543 1636 4608 hac

320 4660 393 4728 tate,
414 4669 471 4735 per
485 4649 567 4717 hunc
583 4651 680 4713 sinum
697 4654 828 4735 patuisse
849 4665 945 4716 trans·
1000 4649 1165 4711 sententia:
1183 4663 1217 4712 ut
1240 4671 1344 4734 regem
1359 4649 1463 4712 fratris
1490 4661 1636 4732 expecta·

320 4754 405 4818 itum.
1001 4755 1084 4816 tione
1105 4768 1273 4818 morantem
1303 4757 1451 4820 exereitus
1477 4755 1637 4840 relinque-

364 4865 556 4946 'Navt'gandi
570 4909 594 4925 ..
621 4867 776 4928 alacritate
791 4883 944 4934 attextus·
997 4873 1048 4924 'rel
1070 4861 1308 4944 solvereturque.
1330 4862 1411 4946 (ΜΒ)
