3536 5462
594 309 966 387 watbsttattttst.
1316 313 1391 390 875

130 517 355 586 securitatem
371 508 625 612 praesumendo
648 513 806 588 astruxit.
858 513 993 588 Verum
1018 513 1199 592 Absalone
1213 519 1362 594 Quum
1378 547 1445 598 re-

130 659 275 734 gresso,
312 637 579 740 Gpemmerus¹
611 633 779 734 quidam,
812 636 976 712 condrio
997 635 1259 740 Falstrensibus
1279 644 1445 742 praebito,

131 779 272 849 navem,
295 783 378 856 qum
393 756 605 858 speculandi
618 759 731 858 gratia
747 758 796 834 ab
810 760 862 832 eis
878 757 1038 856 expediri
1051 758 1236 854 debuerat,
1253 765 1445 864 epularum

133 878 324 954 dulcedine
338 879 547 954 retentabat.
596 880 794 980 Siquidem,
814 879 1043 958 humanitatis
1058 887 1177 982 speeie
1194 885 1360 964 fraudem
1374 915 1445 966 oc-

133 1001 285 1096 cultans,
309 1010 469 1078 omnium
497 1005 726 1080 sobrietatem
749 1005 879 1088 eximio
902 1005 1055 1102 potionis
1072 1029 1181 1082 onere
1198 1007 1380 1109 fatigatam
1396 1013 1444 1088 ad

133 1125 291 1200 salutare
308 1126 499 1202 Absalonis
523 1133 711 1226 imperium
735 1123 987 1227 exequendum
1011 1125 1142 1208 lentam
1166 1133 1271 1206 nimis
1294 1131 1445 1209 inhabi-

117 1233 280 1347 'lemque
306 1247 519 1323 reddiderat.
569 1253 603 1324 ls
626 1230 884 1342 Guemmerus,
921 1250 1030 1322 nimia
1054 1249 1261 1327 sclavorum
1285 1253 1445 1330 familia-

134 1377 235 1446 ritate
257 1391 461 1473 oorruptus,
484 1389 617 1446 nostrae
643 1373 759 1472 gentis
779 1370 926 1444 consilia
949 1370 1095 1447 latenter
1114 1376 1164 1450 eis
1178 1376 1334 1475 prodere
1349 1403 1445 1455 con·-
1508 1360 1510 1366 ⁵

135 1511 306 1570 sueverat.
356 1494 498 1570 Eodem
525 1511 860 1594 qucquetempore
885 1493 1164 1570 Sialandensium
1186 1497 1336 1575 classem
1356 1530 1446 1578 aor-

137 1644 226 1717 pore
254 1621 368 1718 magis
403 1643 514 1718 quam
545 1623 666 1692 animo
708 1632 852 1690 secutus
892 1616 1017 1698 luerat.
1076 1620 1132 1694 Ad
1164 1623 1270 1721 cujus
1297 1645 1445 1728 penates

136 1740 271 1833 Sclavi,
293 1742 368 1839 jam
383 1757 493 1840 portu
509 1737 703 1814 Swaldensi
725 1739 889 1838 petendae
905 1741 1065 1818 Falstriae
1086 1754 1272 1846 proposito
1299 1755 1448 1852 egressi,

135 1866 364 1964 praemittunt,
389 1867 452 1964 qui
467 1871 587 1963 ipsum
601 1888 713 1963 super
730 1865 919 1938 Danaorum
938 1867 1269 1964 negotiisseoretius
1283 1897 1447 1970 percon-

135 2003 265 2062 tentor.
316 1991 420 2105 Turpe
445 2013 532 2064 vero
555 1991 816 2076 Guemmerus,
848 1987 896 2060 ab
912 1988 1094 2064 absalone
1111 1996 1146 2064 in
1163 1992 1312 2070 classem
1328 2023 1447 2074 voca-

136 2127 205 2204 tus,
234 2115 359 2210 patriae
382 2111 551 2186 excubias
578 2112 710 2210 speeie,
741 2132 780 2182 re
797 2132 880 2182 vera
896 2109 1038 2186 insidias
1052 2115 1252 2193 exhibebat.
1305 2111 1384 2215 Qua
1398 2119 1446 2198 de

135 2259 176 2310 re
198 2239 311 2308 nuntii
337 2259 403 2334 per
428 2235 506 2334 ejus
530 2233 745 2308 domesticos
762 2232 930 2306 certiores
946 2231 1072 2329 effecti,
1097 2256 1236 2315 mature
1252 2253 1335 2335 suis,
1360 2271 1445 2344 quae

139 2371 361 2456 acceperant,
392 2357 559 2432 indicant
611 2359 665 2432 Ea
688 2381 747 2430 res
764 2354 933 2430 Sclavicae
957 2355 1081 2435 classis
1107 2381 1269 2464 coeptum
1300 2391 1447 2467 propo-

136 2481 315 2580 situmque
332 2479 497 2556 frustrata
520 2496 581 2562 est,
631 2484 755 2579 ltaque
774 2481 911 2554 caeteris
934 2481 1047 2558 rebus
1063 2487 1215 2580 omissis,
1242 2483 1291 2560 ad
1314 2489 1447 2582 sinum,
1538 2503 1539 2510 ’

137 2629 247 2705 quem
270 2601 419 2678 viridem
438 2619 579 2694 vocant,
604 2600 787 2702 appellere
807 2605 959 2678 contenti
975 2605 1083 2682 luere
1146 2613 1186 2682 ln
1211 2611 1316 2710 cujus
1329 2611 1447 2689 littore

134 2751 280 2802 crucem
295 2724 461 2828 religiosa
477 2725 525 2799 ab
539 2725 664 2801 incolis
682 2749 768 2800 cura
783 2742 1022 2808 constructam
1041 2728 1203 2806 excidere
1219 2731 1337 2810 adorsi
1351 2756 1447 2832 sunt,

134 2851 267 2950 insigni
289 2853 417 2949 stipitis
440 2852 545 2924 ruina
569 2853 748 2950 majorem
764 2847 923 2948 piraticae
938 2849 1091 2949 gloriam
1112 2851 1279 2930 habituri.
1331 2861 1447 2962 Cujus

134 2972 320 3072 sacrilega,²
336 2977 538 3058 temeritate
553 2971 729 3072 supplicia
746 2970 977 3068 postmodum
994 2977 1198 3075 turpissima
1212 2979 1297 3080 suga
1316 2983 1446 3057 tristis-

135 3099 303 3194 simoque
317 3095 505 3196 paufragio
524 3092 783 3196 pependerunt.
832 3091 1096 3170 Falstrensibus
1112 3122 1262 3200 quoque
1278 3100 1448 3179 hesterno
1518 3165 1523 3174 .
1629 3063 1631 3070 Ι

137 3245 238 3294 meru
251 3221 382 3294 sauciis
399 3220 699 3318 supervenissent,
712 3223 747 3292 ni
765 3217 983 3293 Sialandicus
998 3221 1211 3319 speculator,
1221 3229 1312 3300 iuter
1326 3253 1447 3306 remos

135 3367 235 3442 aegre
251 3339 433 3441 delapsus,
454 3340 563 3418 ebriis
579 3366 744 3417 somnum
769 3342 926 3417 elamore
942 3341 1202 3442 depressisset&
1254 3353 1321 3424 Per
1336 3377 1447 3450 quem
1582 3429 1588 3440 ,

132 3464 297 3540 Abealon
322 3471 467 3564 cognito
488 3463 645 3539 bostium
668 3489 825 3540 occursu
833 3517 844 3556 ,
877 3482 983 3539 noctu
1009 3470 1201 3568 inguarum
1225 3487 1259 3544 et
1282 3472 1447 3564 Olavum,

131 3587 302 3688 probatae
326 3585 478 3660 solertim
500 3592 608 3680 viros,
634 3586 775 3661 levibus
793 3587 943 3685 navigiis
959 3613 1002 3660 er
1018 3590 1133 3664 insula
1150 3593 1271 3668 Bulra³
1293 3592 1340 3668 ad
1354 3619 1446 3693 spe-

129 3709 328 3786 culandum
353 3735 482 3786 eorum
504 3709 693 3785 consilium
707 3709 835 3810 dirigit.
885 3708 1027 3806 Quibus
1042 3713 1224 3810 proiectis,
1249 3716 1447 3790 eorundem

129 3833 294 3910 reditum
311 3833 520 3932 praestolare
537 3859 609 3908 noo
625 3810 765 3933 passus,
782 3831 991 3908 abscessum
1007 3839 1181 3934 prosequi
1199 3839 1328 3931 statuit,
1341 3863 1446 3936 prae-

127 3955 336 4036 currendos
351 3957 472 4055 potius
497 3981 607 4054 quam
622 3955 813 4034 imitandos
832 3958 1041 4050 existimans,
1067 3985 1114 4032 ne
1126 3958 1236 4062 longa
1251 3963 1362 4034 nunti
1376 3984 1447 4032 ex-

184 4198 414 4279 wmarus]
442 4196 659 4266 niolorrme
682 4202 763 4266 idem
819 4201 868 4266 ed.
908 4224 955 4288 pr.
988 4201 1170 4290 stephanius
1206 4203 1329 4292 scripsit
1371 4205 1448 4268 deur·

127 4321 185 4376 at
213 4309 267 4374 ille
293 4313 451 4371 Gnemrrus
469 4309 648 4386 Fulctrt’cus,
672 4328 765 4393 quem
814 4313 934 4399 pstlrset.

125 4423 220 4484 Saxo
245 4437 337 4502 supra
361 4437 393 4502 p.
421 4409 482 4481 748
507 4415 766 4494 commemorarit,
867 4418 1001 4502 'laculo
1016 4414 1113 4496 Itala]
1143 4415 1244 4482 Hodie
1265 4421 1382 4503 Bogoe,
1401 4417 1448 4481 in·

125 4537 165 4590 et
192 4522 299 4607 quiin
322 4517 767 4607 bistllnytl.ctp.119Guaea·
822 4522 954 4586 solarum
977 4520 1010 4586 iu
1036 4521 1112 4586 meri
1130 4520 1212 4587 inter
1227 4523 1446 4608 Sjaellendiam,
1496 4593 1503 4602 ,

125 4655 203 4696 mar
223 4626 270 4712 (iu
288 4629 328 4694 al.
349 4627 439 4692 codd
463 4631 610 4702 (ἔνεικαν,
629 4631 768 4692 συείων
820 4629 973 4694 Meouiam
993 4641 1025 4694 et
1042 4628 1342 4696 Falstriameitarum
1356 4628 1449 4692 maxi·

123 4736 445 4815 Gmmar)1ietilsroa
464 4734 646 4820 appellatur.
821 4755 881 4815 me,
902 4734 936 4800 iu
956 4735 1016 4802 libr
1037 4732 1224 4822 osnu.,p.51
1246 4737 1328 4801 Boiu
1343 4733 1448 4823 appel·

180 4837 422 4930 ’Drpnsrr'rsctJ
452 4843 518 4906 Pro
550 4841 607 4908 bac
635 4839 767 4906 lectione
820 4841 889 4906 lata.
